event_time,trade_time,trade_id,price,quantity,maker
1531160283533,1531160283531,4988063,0.00010454,1114.00000000,1
1531160283553,1531160283550,4988064,0.00010454,32.00000000,1
1531160302911,1531160302907,4988065,0.00010458,1340.00000000,0
1531160302928,1531160302925,4988066,0.00010454,1289.00000000,1
1531160343936,1531160343932,4988067,0.00010459,2496.00000000,0
1531160343953,1531160343949,4988068,0.00010455,911.00000000,1
1531160362942,1531160362939,4988069,0.00010459,2220.00000000,0
1531160362964,1531160362960,4988070,0.00010456,750.00000000,1
1531160372159,1531160372156,4988071,0.00010463,956.00000000,0
1531160380820,1531160380816,4988072,0.00010463,470.00000000,0
1531160443021,1531160443017,4988073,0.00010469,188.00000000,1
1531160443021,1531160443017,4988074,0.00010468,1531.00000000,1
1531160443021,1531160443017,4988075,0.00010467,30.00000000,1
1531160443815,1531160443812,4988076,0.00010462,188.00000000,0
1531160444970,1531160444966,4988077,0.00010463,271.00000000,0
1531160513055,1531160513051,4988078,0.00010468,252.00000000,1
1531160513055,1531160513051,4988079,0.00010463,80.00000000,1
1531160520767,1531160520765,4988080,0.00010452,23.00000000,1
1531160521767,1531160521764,4988081,0.00010448,171.00000000,1
1531160522775,1531160522772,4988082,0.00010437,80.00000000,1
1531160562762,1531160562760,4988083,0.00010425,860.00000000,1
1531160563777,1531160563774,4988084,0.00010421,80.00000000,1
1531160564770,1531160564767,4988085,0.00010412,49.00000000,1
1531160601790,1531160601787,4988086,0.00010405,80.00000000,1
1531160607789,1531160607786,4988087,0.00010401,30.00000000,1
1531160619780,1531160619777,4988088,0.00010392,108.00000000,1
1531160625792,1531160625789,4988089,0.00010384,12.00000000,1
1531160634584,1531160634580,4988090,0.00010382,102.00000000,0
1531160640435,1531160640432,4988091,0.00010357,74.00000000,1
1531160640847,1531160640842,4988092,0.00010356,89.00000000,0
1531160640873,1531160640869,4988093,0.00010357,41.00000000,0
1531160703912,1531160703908,4988094,0.00010363,2086.00000000,0
1531160703925,1531160703922,4988095,0.00010371,246.00000000,0
1531160703943,1531160703939,4988096,0.00010371,1043.00000000,0
1531160704102,1531160704098,4988097,0.00010371,34.00000000,1
1531160704946,1531160704943,4988098,0.00010372,297.00000000,0
1531160707800,1531160707796,4988099,0.00010397,80.00000000,0
1531160709804,1531160709800,4988100,0.00010401,49.00000000,0
1531160742067,1531160742062,4988101,0.00010383,46.00000000,1
1531160757808,1531160757804,4988102,0.00010424,13.00000000,0
1531160762924,1531160762921,4988103,0.00010401,72.00000000,1
1531160806654,1531160806650,4988104,0.00010410,173.00000000,1
1531160806794,1531160806791,4988105,0.00010410,267.00000000,0
1531160806863,1531160806860,4988106,0.00010410,41.00000000,0
1531160824272,1531160824269,4988107,0.00010422,69.00000000,0
1531160824353,1531160824348,4988108,0.00010422,120.00000000,0
1531160824353,1531160824348,4988109,0.00010423,69.00000000,0
1531160840870,1531160840866,4988110,0.00010422,489.00000000,0
1531160847066,1531160847063,4988111,0.00010423,3.00000000,0
1531160880768,1531160880763,4988112,0.00010475,36.00000000,0
1531160881018,1531160881013,4988113,0.00010476,15.00000000,0
1531160896173,1531160896168,4988114,0.00010476,1.00000000,1
1531160966801,1531160966798,4988115,0.00010479,140.00000000,1
1531160986016,1531160986012,4988116,0.00010488,62.00000000,0
1531160986016,1531160986012,4988117,0.00010489,79.00000000,0
1531160987276,1531160987272,4988118,0.00010489,62.00000000,0
1531160989111,1531160989107,4988119,0.00010479,14.00000000,1
1531161003658,1531161003654,4988120,0.00010504,512.00000000,0
1531161016032,1531161016029,4988121,0.00010505,10.00000000,0
1531161025999,1531161025995,4988122,0.00010505,20.00000000,0
1531161027028,1531161027024,4988123,0.00010506,64.00000000,0
1531161042920,1531161042916,4988124,0.00010507,1130.00000000,1
1531161045700,1531161045695,4988125,0.00010529,17.00000000,0
1531161045700,1531161045695,4988126,0.00010539,171.00000000,0
1531161045700,1531161045695,4988127,0.00010540,471.00000000,0
1531161059439,1531161059435,4988128,0.00010540,39.00000000,0
1531161063397,1531161063395,4988129,0.00010523,2933.00000000,0
1531161063405,1531161063401,4988130,0.00010539,1166.00000000,0
1531161063425,1531161063422,4988131,0.00010539,1358.00000000,0
1531161076186,1531161076182,4988132,0.00010540,100.00000000,0
1531161118935,1531161118932,4988133,0.00010538,94.00000000,0
1531161136546,1531161136542,4988134,0.00010538,240.00000000,0
1531161143288,1531161143284,4988135,0.00010527,1655.00000000,0
1531161143305,1531161143302,4988136,0.00010516,739.00000000,1
1531161144206,1531161144202,4988137,0.00010515,13.00000000,1
1531161153427,1531161153423,4988138,0.00010515,17.00000000,1
1531161154772,1531161154767,4988139,0.00010515,19.00000000,0
1531161160812,1531161160807,4988140,0.00010515,11.00000000,1
1531161162821,1531161162818,4988141,0.00010513,189.00000000,1
1531161164806,1531161164802,4988142,0.00010512,117.00000000,1
1531161211052,1531161211050,4988143,0.00010498,40.00000000,1
1531161223779,1531161223774,4988144,0.00010499,747.00000000,0
1531161223798,1531161223793,4988145,0.00010480,400.00000000,1
1531161223818,1531161223814,4988146,0.00010480,415.00000000,1
1531161253896,1531161253893,4988147,0.00010484,189.00000000,0
1531161254822,1531161254819,4988148,0.00010485,76.00000000,0
1531161259812,1531161259809,4988149,0.00010483,30.00000000,0
1531161281914,1531161281909,4988150,0.00010470,20.00000000,1
1531161300816,1531161300812,4988151,0.00010497,13.00000000,1
1531161363695,1531161363691,4988152,0.00010509,1118.00000000,0
1531161363720,1531161363715,4988153,0.00010509,475.00000000,0
1531161459830,1531161459828,4988154,0.00010510,83.00000000,0
1531161463805,1531161463803,4988155,0.00010519,1626.00000000,0
1531161463827,1531161463823,4988156,0.00010530,129.00000000,0
1531161463844,1531161463841,4988157,0.00010530,1378.00000000,0
1531161482632,1531161482627,4988158,0.00010528,40.00000000,0
1531161482632,1531161482627,4988159,0.00010529,31.00000000,0
1531161490382,1531161490377,4988160,0.00010530,5.00000000,1
1531161503827,1531161503821,4988161,0.00010510,738.00000000,1
1531161523055,1531161523050,4988162,0.00010520,1168.00000000,0
1531161523070,1531161523066,4988163,0.00010510,899.00000000,1
1531161527581,1531161527577,4988164,0.00010509,27.00000000,1
1531161542051,1531161542047,4988165,0.00010511,76.00000000,1
1531161543973,1531161543969,4988166,0.00010520,2042.00000000,0
1531161543980,1531161543976,4988167,0.00010511,925.00000000,1
1531161562680,1531161562676,4988168,0.00010510,200.00000000,1
1531161562692,1531161562687,4988169,0.00010510,128.00000000,0
1531161562696,1531161562692,4988170,0.00010510,53.00000000,1
1531161562705,1531161562699,4988171,0.00010511,76.00000000,0
1531161583719,1531161583715,4988172,0.00010521,2580.00000000,0
1531161583726,1531161583722,4988173,0.00010512,1449.00000000,1
1531161583738,1531161583736,4988174,0.00010530,194.00000000,0
1531161583739,1531161583736,4988175,0.00010512,1032.00000000,1
1531161583754,1531161583750,4988176,0.00010511,925.00000000,1
1531161601902,1531161601897,4988177,0.00010511,76.00000000,0
1531161603358,1531161603355,4988178,0.00010520,277.00000000,0
1531161603370,1531161603366,4988179,0.00010510,1133.00000000,1
1531161603390,1531161603385,4988180,0.00010510,207.00000000,1
1531161623078,1531161623075,4988181,0.00010510,153.00000000,1
1531161623093,1531161623088,4988182,0.00010510,481.00000000,1
1531161662856,1531161662852,4988183,0.00010509,53.00000000,1
1531161683607,1531161683602,4988184,0.00010500,645.00000000,0
1531161683620,1531161683616,4988185,0.00010490,386.00000000,1
1531161683636,1531161683632,4988186,0.00010490,241.00000000,1
1531161721872,1531161721867,4988187,0.00010505,187.00000000,1
1531161721872,1531161721867,4988188,0.00010504,671.00000000,1
1531161742310,1531161742308,4988189,0.00010474,214.00000000,1
1531161743475,1531161743472,4988190,0.00010486,356.00000000,0
1531161743491,1531161743487,4988191,0.00010474,1.00000000,1
1531161743797,1531161743794,4988192,0.00010473,79.00000000,1
1531161743900,1531161743897,4988193,0.00010473,128.00000000,0
1531161763310,1531161763306,4988194,0.00010470,680.00000000,0
1531161763326,1531161763322,4988195,0.00010473,347.00000000,0
1531161763346,1531161763341,4988196,0.00010474,214.00000000,0
1531161783936,1531161783933,4988197,0.00010482,478.00000000,0
1531161783951,1531161783947,4988198,0.00010491,39.00000000,0
1531161783966,1531161783962,4988199,0.00010491,239.00000000,0
1531161783976,1531161783971,4988200,0.00010474,1.00000000,1
1531161784909,1531161784904,4988201,0.00010474,214.00000000,0
1531161802646,1531161802642,4988202,0.00010477,1049.00000000,0
1531161802662,1531161802659,4988203,0.00010490,709.00000000,0
1531161822771,1531161822767,4988204,0.00010478,455.00000000,0
1531161822786,1531161822783,4988205,0.00010491,593.00000000,0
1531161822810,1531161822805,4988206,0.00010491,157.00000000,0
1531161828220,1531161828216,4988207,0.00010465,93.00000000,1
1531161863763,1531161863759,4988208,0.00010488,95.00000000,0
1531161863915,1531161863912,4988209,0.00010474,1660.00000000,0
1531161863934,1531161863930,4988210,0.00010488,905.00000000,0
1531161864114,1531161864111,4988211,0.00010488,93.00000000,1
1531161865246,1531161865241,4988212,0.00010488,2.00000000,1
1531161865246,1531161865241,4988213,0.00010461,98.00000000,1
1531161878538,1531161878533,4988214,0.00010463,90.00000000,1
1531161878538,1531161878533,4988215,0.00010460,30.00000000,1
1531161878538,1531161878533,4988216,0.00010451,165.00000000,1
1531161878538,1531161878533,4988217,0.00010450,80.00000000,1
1531161878538,1531161878533,4988218,0.00010441,10.00000000,1
1531161878538,1531161878533,4988219,0.00010427,220.00000000,1
1531161878538,1531161878533,4988220,0.00010419,63.00000000,1
1531161924373,1531161924371,4988221,0.00010450,19.00000000,0
1531161936871,1531161936854,4988222,0.00010444,53.00000000,0
1531161943641,1531161943638,4988223,0.00010436,2128.00000000,0
1531161943661,1531161943657,4988224,0.00010430,1196.00000000,1
1531161949272,1531161949267,4988225,0.00010431,116.00000000,0
1531161949272,1531161949267,4988226,0.00010432,63.00000000,0
1531161949272,1531161949267,4988227,0.00010435,80.00000000,0
1531161949272,1531161949267,4988228,0.00010451,47.00000000,0
1531161960013,1531161960009,4988229,0.00010409,192.00000000,1
1531161960013,1531161960009,4988230,0.00010392,56.00000000,1
1531161960013,1531161960009,4988231,0.00010381,298.00000000,1
1531161983799,1531161983795,4988232,0.00010390,139.00000000,1
1531161983799,1531161983795,4988233,0.00010385,80.00000000,1
1531161983799,1531161983795,4988234,0.00010381,178.00000000,1
1531162003444,1531162003441,4988235,0.00010393,625.00000000,0
1531162003456,1531162003453,4988236,0.00010382,263.00000000,1
1531162024963,1531162024959,4988237,0.00010392,192.00000000,0
1531162026112,1531162026107,4988238,0.00010393,11.00000000,0
1531162043628,1531162043624,4988239,0.00010384,1399.00000000,1
1531162063446,1531162063442,4988240,0.00010390,1005.00000000,0
1531162063453,1531162063449,4988241,0.00010382,354.00000000,1
1531162063470,1531162063465,4988242,0.00010382,689.00000000,1
1531162064168,1531162064165,4988243,0.00010399,61.00000000,0
1531162084224,1531162084221,4988244,0.00010392,757.00000000,0
1531162084241,1531162084237,4988245,0.00010384,1050.00000000,1
1531162084255,1531162084251,4988246,0.00010384,492.00000000,1
1531162123364,1531162123360,4988247,0.00010391,62.00000000,0
1531162123379,1531162123375,4988248,0.00010382,1096.00000000,1
1531162123402,1531162123397,4988249,0.00010382,37.00000000,1
1531162163324,1531162163321,4988250,0.00010394,713.00000000,0
1531162163341,1531162163336,4988251,0.00010383,494.00000000,1
1531162163357,1531162163351,4988252,0.00010383,343.00000000,1
1531162163419,1531162163415,4988253,0.00010405,89.00000000,0
1531162164960,1531162164956,4988254,0.00010404,30.00000000,0
1531162166956,1531162166952,4988255,0.00010406,30.00000000,0
1531162197964,1531162197959,4988256,0.00010419,80.00000000,0
1531162223157,1531162223153,4988257,0.00010430,2551.00000000,0
1531162223168,1531162223163,4988258,0.00010442,1315.00000000,0
1531162223957,1531162223954,4988259,0.00010443,179.00000000,0
1531162226041,1531162226036,4988260,0.00010445,13.00000000,0
1531162243651,1531162243646,4988261,0.00010464,15.00000000,0
1531162243665,1531162243661,4988262,0.00010479,10.00000000,0
1531162250889,1531162250885,4988263,0.00010479,48.00000000,1
1531162283027,1531162283024,4988264,0.00010466,909.00000000,0
1531162283045,1531162283040,4988265,0.00010479,425.00000000,0
1531162302980,1531162302978,4988266,0.00010466,1888.00000000,0
1531162302990,1531162302986,4988267,0.00010479,1195.00000000,0
1531162323883,1531162323878,4988268,0.00010465,238.00000000,0
1531162323901,1531162323897,4988269,0.00010478,1161.00000000,0
1531162323916,1531162323911,4988270,0.00010478,151.00000000,0
1531162338456,1531162338452,4988271,0.00010453,85.00000000,1
1531162343604,1531162343598,4988272,0.00010479,323.00000000,0
1531162343633,1531162343629,4988273,0.00010479,661.00000000,0
1531162384101,1531162384099,4988274,0.00010467,85.00000000,0
1531162384108,1531162384104,4988275,0.00010479,63.00000000,0
1531162403177,1531162403171,4988276,0.00010467,120.00000000,0
1531162403196,1531162403192,4988277,0.00010479,1499.00000000,0
1531162403214,1531162403209,4988278,0.00010479,52.00000000,0
1531162422668,1531162422664,4988279,0.00010467,1149.00000000,0
1531162422685,1531162422679,4988280,0.00010456,605.00000000,1
1531162444272,1531162444267,4988281,0.00010467,140.00000000,0
1531162444278,1531162444274,4988282,0.00010456,71.00000000,1
1531162662926,1531162662920,4988283,0.00010448,521.00000000,0
1531162662943,1531162662937,4988284,0.00010443,457.00000000,1
1531162662959,1531162662954,4988285,0.00010443,202.00000000,1
1531162682954,1531162682948,4988286,0.00010448,48.00000000,0
1531162725941,1531162725938,4988287,0.00010408,25.00000000,1
1531162743676,1531162743670,4988288,0.00010432,32.00000000,0
1531162762745,1531162762740,4988289,0.00010419,928.00000000,0
1531162762761,1531162762756,4988290,0.00010407,748.00000000,1
1531162762783,1531162762780,4988291,0.00010407,928.00000000,1
1531162783358,1531162783354,4988292,0.00010431,329.00000000,0
1531162943526,1531162943521,4988293,0.00010414,1132.00000000,1
1531162943548,1531162943544,4988294,0.00010414,559.00000000,1
1531162983489,1531162983484,4988295,0.00010416,44.00000000,1
1531163023570,1531163023565,4988296,0.00010434,511.00000000,0
1531163023585,1531163023579,4988297,0.00010434,971.00000000,0
1531163081964,1531163081959,4988298,0.00010412,22.00000000,1
1531163211055,1531163211048,4988299,0.00010414,105.00000000,0
1531163263070,1531163263065,4988300,0.00010419,420.00000000,0
1531163263082,1531163263078,4988301,0.00010430,412.00000000,0
1531163264201,1531163264195,4988302,0.00010431,80.00000000,0
1531163297683,1531163297678,4988303,0.00010455,25.00000000,0
1531163297683,1531163297678,4988304,0.00010456,21.00000000,0
1531163323205,1531163323200,4988305,0.00010442,1639.00000000,0
1531163323220,1531163323214,4988306,0.00010455,682.00000000,0
1531163323235,1531163323231,4988307,0.00010455,689.00000000,0
1531163343722,1531163343715,4988308,0.00010455,1403.00000000,0
1531163343737,1531163343732,4988309,0.00010455,1032.00000000,0
1531163357080,1531163357074,4988310,0.00010456,11.00000000,0
1531163363262,1531163363256,4988311,0.00010442,3651.00000000,0
1531163363271,1531163363266,4988312,0.00010455,832.00000000,0
1531163363282,1531163363276,4988313,0.00010455,1323.00000000,0
1531163382533,1531163382526,4988314,0.00010442,1504.00000000,0
1531163382549,1531163382544,4988315,0.00010455,885.00000000,0
1531163441101,1531163441096,4988316,0.00010451,132.00000000,0
1531163441819,1531163441813,4988317,0.00010437,800.00000000,1
1531163464458,1531163464455,4988318,0.00010454,165.00000000,0
1531163483638,1531163483633,4988319,0.00010465,3275.00000000,0
1531163483658,1531163483653,4988320,0.00010475,133.00000000,0
1531163483680,1531163483676,4988321,0.00010475,1489.00000000,0
1531163502895,1531163502891,4988322,0.00010465,583.00000000,0
1531163502917,1531163502911,4988323,0.00010475,411.00000000,0
1531163522883,1531163522878,4988324,0.00010462,909.00000000,0
1531163522897,1531163522893,4988325,0.00010469,337.00000000,0
1531163531941,1531163531935,4988326,0.00010455,222.00000000,1
1531163542782,1531163542776,4988327,0.00010460,2074.00000000,0
1531163542792,1531163542787,4988328,0.00010465,555.00000000,0
1531163542811,1531163542806,4988329,0.00010465,696.00000000,0
1531163543113,1531163543107,4988330,0.00010466,85.00000000,0
1531163549344,1531163549339,4988331,0.00010476,10.00000000,0
1531163562790,1531163562787,4988332,0.00010465,1722.00000000,0
1531163562802,1531163562797,4988333,0.00010475,1358.00000000,0
1531163562816,1531163562809,4988334,0.00010475,1196.00000000,0
1531163573894,1531163573889,4988335,0.00010476,21.00000000,0
1531163582917,1531163582912,4988336,0.00010463,1733.00000000,0
1531163582935,1531163582931,4988337,0.00010475,496.00000000,0
1531163582962,1531163582956,4988338,0.00010475,699.00000000,0
1531163603400,1531163603395,4988339,0.00010477,415.00000000,0
1531163603414,1531163603409,4988340,0.00010479,378.00000000,0
1531163623258,1531163623216,4988341,0.00010477,3132.00000000,0
1531163623258,1531163623233,4988342,0.00010479,1040.00000000,0
1531163623258,1531163623242,4988343,0.00010479,1080.00000000,0
1531163624230,1531163624224,4988344,0.00010480,220.00000000,0
1531163643027,1531163643023,4988345,0.00010485,1010.00000000,0
1531163643045,1531163643040,4988346,0.00010495,460.00000000,0
1531163643063,1531163643058,4988347,0.00010495,432.00000000,0
1531163663286,1531163663281,4988348,0.00010485,480.00000000,0
1531163663305,1531163663302,4988349,0.00010495,480.00000000,0
1531163683860,1531163683855,4988350,0.00010476,2148.00000000,0
1531163683871,1531163683866,4988351,0.00010495,531.00000000,0
1531163683891,1531163683888,4988352,0.00010495,1207.00000000,0
1531163701610,1531163701604,4988353,0.00010495,786.00000000,0
1531163701610,1531163701604,4988354,0.00010496,79.00000000,0
1531163702153,1531163702148,4988355,0.00010497,447.00000000,1
1531163743503,1531163743497,4988356,0.00010496,757.00000000,0
1531163743522,1531163743517,4988357,0.00010497,338.00000000,0
1531163753150,1531163753144,4988358,0.00010498,15.00000000,0
1531163754158,1531163754152,4988359,0.00010499,163.00000000,0
1531163754738,1531163754733,4988360,0.00010498,1613.00000000,0
1531163754751,1531163754745,4988361,0.00010496,1410.00000000,1
1531163754768,1531163754763,4988362,0.00010496,1415.00000000,1
1531163782783,1531163782777,4988363,0.00010498,2842.00000000,0
1531163782799,1531163782794,4988364,0.00010496,82.00000000,1
1531163782810,1531163782804,4988365,0.00010496,1292.00000000,1
1531163789534,1531163789529,4988366,0.00010497,73.00000000,0
1531163789546,1531163789541,4988367,0.00010499,49.00000000,0
1531163803680,1531163803678,4988368,0.00010498,763.00000000,0
1531163803689,1531163803684,4988369,0.00010496,344.00000000,1
1531163823709,1531163823705,4988370,0.00010497,1057.00000000,0
1531163823716,1531163823713,4988371,0.00010499,1068.00000000,0
1531163823736,1531163823731,4988372,0.00010499,789.00000000,0
1531163842769,1531163842764,4988373,0.00010497,614.00000000,0
1531163842779,1531163842772,4988374,0.00010499,684.00000000,0
1531163842795,1531163842788,4988375,0.00010499,209.00000000,0
1531163862725,1531163862719,4988376,0.00010497,488.00000000,0
1531163862742,1531163862739,4988377,0.00010496,257.00000000,1
1531163879556,1531163879551,4988378,0.00010495,277.00000000,1
1531163883566,1531163883561,4988379,0.00010496,528.00000000,0
1531163883582,1531163883577,4988380,0.00010498,720.00000000,0
1531163883602,1531163883598,4988381,0.00010498,433.00000000,0
1531163903066,1531163903059,4988382,0.00010488,734.00000000,0
1531163903075,1531163903069,4988383,0.00010477,818.00000000,1
1531163903086,1531163903081,4988384,0.00010477,592.00000000,1
1531163922635,1531163922629,4988385,0.00010487,1076.00000000,0
1531163922645,1531163922640,4988386,0.00010498,579.00000000,0
1531163944310,1531163944304,4988387,0.00010487,3253.00000000,0
1531163944327,1531163944322,4988388,0.00010498,691.00000000,0
1531163944344,1531163944339,4988389,0.00010498,1162.00000000,0
1531163963817,1531163963810,4988390,0.00010488,1646.00000000,0
1531163963837,1531163963831,4988391,0.00010477,1252.00000000,1
1531163963848,1531163963843,4988392,0.00010477,1004.00000000,1
1531163983756,1531163983750,4988393,0.00010487,2021.00000000,0
1531163983768,1531163983762,4988394,0.00010498,879.00000000,0
1531164003981,1531164003979,4988395,0.00010487,2308.00000000,0
1531164003994,1531164003989,4988396,0.00010498,954.00000000,0
1531164022788,1531164022783,4988397,0.00010487,261.00000000,0
1531164022798,1531164022793,4988398,0.00010498,229.00000000,0
1531164042673,1531164042668,4988399,0.00010489,778.00000000,0
1531164042680,1531164042675,4988400,0.00010478,1413.00000000,1
1531164042699,1531164042694,4988401,0.00010478,428.00000000,1
1531164062994,1531164062989,4988402,0.00010488,73.00000000,0
1531164063011,1531164063006,4988403,0.00010499,1034.00000000,0
1531164063032,1531164063027,4988404,0.00010499,68.00000000,0
1531164083741,1531164083734,4988405,0.00010487,1102.00000000,0
1531164083759,1531164083754,4988406,0.00010498,467.00000000,0
1531164097180,1531164097173,4988407,0.00010499,10.00000000,0
1531164102260,1531164102254,4988408,0.00010498,100.00000000,0
1531164103261,1531164103257,4988409,0.00010487,3694.00000000,0
1531164103270,1531164103264,4988410,0.00010498,808.00000000,0
1531164103288,1531164103283,4988411,0.00010498,1343.00000000,0
1531164123052,1531164123048,4988412,0.00010498,365.00000000,0
1531164123068,1531164123062,4988413,0.00010498,1290.00000000,0
1531164142957,1531164142950,4988414,0.00010487,1808.00000000,0
1531164142973,1531164142967,4988415,0.00010498,741.00000000,0
1531164163335,1531164163330,4988416,0.00010487,2238.00000000,0
1531164163345,1531164163338,4988417,0.00010498,1056.00000000,0
1531164183929,1531164183922,4988418,0.00010487,2676.00000000,0
1531164183950,1531164183944,4988419,0.00010498,951.00000000,0
1531164183977,1531164183971,4988420,0.00010498,1097.00000000,0
1531164203273,1531164203267,4988421,0.00010479,1264.00000000,1
1531164211463,1531164211456,4988422,0.00010478,190.00000000,1
1531164218279,1531164218273,4988423,0.00010500,1042.00000000,0
1531164223214,1531164223209,4988424,0.00010508,125.00000000,0
1531164223234,1531164223227,4988425,0.00010516,779.00000000,0
1531164223254,1531164223249,4988426,0.00010516,123.00000000,0
1531164243702,1531164243695,4988427,0.00010508,1674.00000000,0
1531164243712,1531164243705,4988428,0.00010516,821.00000000,0
1531164263365,1531164263363,4988429,0.00010525,369.00000000,0
1531164263374,1531164263369,4988430,0.00010535,817.00000000,0
1531164263389,1531164263383,4988431,0.00010535,171.00000000,0
1531164278254,1531164278247,4988432,0.00010536,48.00000000,0
1531164283768,1531164283761,4988433,0.00010526,813.00000000,0
1531164283785,1531164283780,4988434,0.00010517,1307.00000000,1
1531164283808,1531164283801,4988435,0.00010517,515.00000000,1
1531164303234,1531164303228,4988436,0.00010526,2422.00000000,0
1531164303244,1531164303239,4988437,0.00010517,740.00000000,1
1531164303273,1531164303266,4988438,0.00010517,1275.00000000,1
1531164322561,1531164322555,4988439,0.00010525,56.00000000,0
1531164322573,1531164322568,4988440,0.00010535,728.00000000,0
1531164322590,1531164322585,4988441,0.00010535,29.00000000,0
1531164323844,1531164323843,4988442,0.00010535,49.00000000,1
1531164324236,1531164324232,4988443,0.00010536,69.00000000,0
1531164325241,1531164325237,4988444,0.00010537,60.00000000,0
1531164343102,1531164343096,4988445,0.00010533,2176.00000000,0
1531164343114,1531164343109,4988446,0.00010549,692.00000000,0
1531164343124,1531164343118,4988447,0.00010549,930.00000000,0
1531164348858,1531164348852,4988448,0.00010550,164.00000000,0
1531164348858,1531164348852,4988449,0.00010552,481.00000000,0
1531164348880,1531164348874,4988450,0.00010552,674.00000000,1
1531164349128,1531164349127,4988451,0.00010552,283.00000000,1
1531164349245,1531164349239,4988452,0.00010553,30.00000000,0
1531164352683,1531164352677,4988453,0.00010553,34.00000000,1
1531164357972,1531164357967,4988454,0.00010553,154.00000000,1
1531164357972,1531164357967,4988455,0.00010552,285.00000000,1
1531164359623,1531164359616,4988456,0.00010575,215.00000000,0
1531164359623,1531164359616,4988457,0.00010576,18.00000000,0
1531164359623,1531164359616,4988458,0.00010580,38.00000000,0
1531164359623,1531164359616,4988459,0.00010590,20.00000000,0
1531164359623,1531164359616,4988460,0.00010600,3644.00000000,0
1531164363491,1531164363484,4988461,0.00010577,151.00000000,0
1531164363508,1531164363503,4988462,0.00010597,473.00000000,0
1531164363523,1531164363517,4988463,0.00010597,149.00000000,0
1531164364891,1531164364886,4988464,0.00010597,83.00000000,1
1531164379222,1531164379216,4988465,0.00010600,20.00000000,0
1531164381475,1531164381471,4988466,0.00010600,378.00000000,0
1531164382253,1531164382247,4988467,0.00010603,85.00000000,0
1531164382842,1531164382836,4988468,0.00010603,2456.00000000,0
1531164382859,1531164382852,4988469,0.00010598,436.00000000,1
1531164382874,1531164382868,4988470,0.00010598,1068.00000000,1
1531164388559,1531164388555,4988471,0.00010597,38.00000000,1
1531164400178,1531164400172,4988472,0.00010608,10.00000000,0
1531164402799,1531164402794,4988473,0.00010602,1947.00000000,0
1531164402818,1531164402812,4988474,0.00010608,844.00000000,0
1531164402840,1531164402838,4988475,0.00010608,10.00000000,1
1531164424175,1531164424168,4988476,0.00010602,201.00000000,0
1531164424188,1531164424184,4988477,0.00010608,1290.00000000,0
1531164424203,1531164424198,4988478,0.00010608,105.00000000,0
1531164443821,1531164443816,4988479,0.00010602,1520.00000000,0
1531164443833,1531164443827,4988480,0.00010608,717.00000000,0
1531164463054,1531164463048,4988481,0.00010602,1476.00000000,0
1531164463066,1531164463061,4988482,0.00010608,600.00000000,0
1531164483125,1531164483121,4988483,0.00010602,39.00000000,0
1531164483142,1531164483135,4988484,0.00010608,790.00000000,0
1531164483164,1531164483159,4988485,0.00010608,39.00000000,0
1531164500967,1531164500963,4988486,0.00010597,318.00000000,1
1531164503342,1531164503336,4988487,0.00010602,1113.00000000,0
1531164503358,1531164503354,4988488,0.00010607,960.00000000,0
1531164520393,1531164520388,4988489,0.00010598,18.00000000,1
1531164523668,1531164523662,4988490,0.00010602,1803.00000000,0
1531164523682,1531164523677,4988491,0.00010598,398.00000000,1
1531164523707,1531164523702,4988492,0.00010598,1138.00000000,1
1531164527970,1531164527964,4988493,0.00010597,61.00000000,1
1531164527970,1531164527964,4988494,0.00010576,36.00000000,1
1531164528918,1531164528912,4988495,0.00010576,43.00000000,1
1531164528918,1531164528912,4988496,0.00010555,357.00000000,1
1531164529533,1531164529528,4988497,0.00010562,10.00000000,1
1531164535282,1531164535277,4988498,0.00010570,32.00000000,1
1531164540563,1531164540557,4988499,0.00010570,147.00000000,1
1531164543769,1531164543760,4988500,0.00010545,94.00000000,1
1531164547307,1531164547302,4988501,0.00010545,46.00000000,1
1531164547795,1531164547790,4988502,0.00010545,9.00000000,1
1531164559800,1531164559795,4988503,0.00010522,71.00000000,1
1531164559859,1531164559855,4988504,0.00010521,10.00000000,1
1531164560375,1531164560345,4988505,0.00010520,1067.00000000,0
1531164562262,1531164562256,4988506,0.00010516,179.00000000,0
1531164562262,1531164562256,4988507,0.00010517,14.00000000,0
1531164562402,1531164562397,4988508,0.00010515,48.00000000,1
1531164563251,1531164563245,4988509,0.00010515,23.00000000,0
1531164564267,1531164564261,4988510,0.00010522,225.00000000,0
1531164582621,1531164582615,4988511,0.00010543,189.00000000,1
1531164582621,1531164582615,4988512,0.00010542,139.00000000,1
1531164583883,1531164583878,4988513,0.00010554,1144.00000000,0
1531164583898,1531164583892,4988514,0.00010542,261.00000000,1
1531164585261,1531164585258,4988515,0.00010541,189.00000000,0
1531164586349,1531164586344,4988516,0.00010542,139.00000000,0
1531164588260,1531164588255,4988517,0.00010537,11.00000000,0
1531164601456,1531164601450,4988518,0.00010568,10.00000000,0
1531164608427,1531164608424,4988519,0.00010567,179.00000000,0
1531164609260,1531164609255,4988520,0.00010569,164.00000000,0
1531164623048,1531164623044,4988521,0.00010582,2398.00000000,0
1531164623065,1531164623060,4988522,0.00010596,805.00000000,0
1531164663690,1531164663686,4988523,0.00010573,1496.00000000,1
1531164682907,1531164682903,4988524,0.00010585,839.00000000,0
1531164682922,1531164682916,4988525,0.00010574,677.00000000,1
1531164703295,1531164703289,4988526,0.00010585,92.00000000,0
1531164703317,1531164703310,4988527,0.00010574,92.00000000,1
1531164743308,1531164743305,4988528,0.00010574,966.00000000,1
1531164743323,1531164743318,4988529,0.00010574,1308.00000000,1
1531164763533,1531164763526,4988530,0.00010574,1469.00000000,1
1531164763557,1531164763552,4988531,0.00010574,537.00000000,1
1531164826914,1531164826912,4988532,0.00010557,9.00000000,1
1531164843695,1531164843690,4988533,0.00010558,1085.00000000,1
1531164843715,1531164843710,4988534,0.00010558,1177.00000000,1
1531164858219,1531164858213,4988535,0.00010557,10.00000000,1
1531164883623,1531164883616,4988536,0.00010550,1988.00000000,0
1531164883633,1531164883628,4988537,0.00010544,880.00000000,1
1531164903172,1531164903168,4988538,0.00010550,139.00000000,0
1531164903187,1531164903182,4988539,0.00010544,140.00000000,1
1531164903207,1531164903202,4988540,0.00010544,67.00000000,1
1531164922646,1531164922639,4988541,0.00010550,749.00000000,0
1531164922660,1531164922657,4988542,0.00010544,1454.00000000,1
1531164922678,1531164922672,4988543,0.00010544,446.00000000,1
1531164941222,1531164941218,4988544,0.00010557,10.00000000,0
1531164941309,1531164941304,4988545,0.00010557,25.00000000,0
1531164983387,1531164983382,4988546,0.00010561,3037.00000000,0
1531164983397,1531164983391,4988547,0.00010550,866.00000000,1
1531164983415,1531164983408,4988548,0.00010550,1077.00000000,1
1531165002614,1531165002610,4988549,0.00010558,1738.00000000,0
1531165002622,1531165002616,4988550,0.00010544,924.00000000,1
1531165002641,1531165002637,4988551,0.00010544,776.00000000,1
1531165023767,1531165023761,4988552,0.00010560,2406.00000000,0
1531165023783,1531165023777,4988553,0.00010550,1157.00000000,1
1531165043501,1531165043497,4988554,0.00010560,845.00000000,0
1531165043509,1531165043504,4988555,0.00010550,813.00000000,1
1531165048235,1531165048231,4988556,0.00010543,11.00000000,1
1531165051239,1531165051233,4988557,0.00010535,19.00000000,1
1531165102748,1531165102742,4988558,0.00010571,602.00000000,0
1531165102768,1531165102763,4988559,0.00010571,1475.00000000,0
1531165123716,1531165123710,4988560,0.00010549,185.00000000,1
1531165123716,1531165123710,4988561,0.00010547,30.00000000,1
1531165123716,1531165123710,4988562,0.00010529,49.00000000,1
1531165157069,1531165157064,4988563,0.00010534,17.00000000,1
1531165183058,1531165183053,4988564,0.00010530,362.00000000,1
1531165183068,1531165183063,4988565,0.00010530,795.00000000,1
1531165219305,1531165219302,4988566,0.00010529,18.00000000,1
1531165223216,1531165223211,4988567,0.00010542,2032.00000000,0
1531165223224,1531165223218,4988568,0.00010530,1249.00000000,1
1531165223246,1531165223241,4988569,0.00010530,1373.00000000,1
1531165232170,1531165232166,4988570,0.00010514,79.00000000,1
1531165232170,1531165232166,4988571,0.00010512,20.00000000,1
1531165232170,1531165232166,4988572,0.00010504,96.00000000,1
1531165243786,1531165243781,4988573,0.00010522,2174.00000000,0
1531165243802,1531165243797,4988574,0.00010503,1412.00000000,1
1531165263638,1531165263632,4988575,0.00010522,1305.00000000,0
1531165263654,1531165263649,4988576,0.00010503,816.00000000,1
1531165268345,1531165268341,4988577,0.00010541,68.00000000,0
1531165277555,1531165277552,4988578,0.00010541,67.00000000,0
1531165283296,1531165283292,4988579,0.00010523,643.00000000,0
1531165283311,1531165283305,4988580,0.00010505,545.00000000,1
1531165303352,1531165303345,4988581,0.00010503,815.00000000,1
1531165303369,1531165303363,4988582,0.00010503,1493.00000000,1
1531165342816,1531165342810,4988583,0.00010520,2026.00000000,0
1531165342835,1531165342829,4988584,0.00010503,335.00000000,1
1531165342857,1531165342851,4988585,0.00010503,1206.00000000,1
1531165363491,1531165363485,4988586,0.00010503,456.00000000,1
1531165383518,1531165383512,4988587,0.00010509,2888.00000000,0
1531165383533,1531165383528,4988588,0.00010503,1301.00000000,1
1531165383545,1531165383539,4988589,0.00010515,30.00000000,0
1531165403734,1531165403727,4988590,0.00010509,639.00000000,0
1531165403755,1531165403749,4988591,0.00010503,216.00000000,1
1531165420350,1531165420345,4988592,0.00010515,20.00000000,0
1531165422508,1531165422502,4988593,0.00010504,186.00000000,1
1531165422508,1531165422502,4988594,0.00010503,1171.00000000,1
1531165422508,1531165422502,4988595,0.00010502,10.00000000,1
1531165423035,1531165423028,4988596,0.00010499,79.00000000,1
1531165423341,1531165423340,4988597,0.00010499,107.00000000,0
1531165425165,1531165425158,4988598,0.00010500,71.00000000,0
1531165444074,1531165444068,4988599,0.00010517,1490.00000000,0
1531165463576,1531165463571,4988600,0.00010510,2259.00000000,0
1531165463591,1531165463584,4988601,0.00010517,62.00000000,0
1531165463609,1531165463603,4988602,0.00010517,926.00000000,0
1531165464518,1531165464345,4988603,0.00010509,17.00000000,0
1531165483342,1531165483340,4988604,0.00010510,572.00000000,0
1531165483357,1531165483350,4988605,0.00010517,1172.00000000,0
1531165483377,1531165483372,4988606,0.00010517,295.00000000,0
1531165484342,1531165484336,4988607,0.00010518,79.00000000,0
1531165502277,1531165502277,4988608,0.00010540,16.00000000,0
1531165503622,1531165503616,4988609,0.00010540,1020.00000000,0
1531165503641,1531165503635,4988610,0.00010540,1451.00000000,0
1531165511279,1531165511275,4988611,0.00010540,16.00000000,1
1531165519180,1531165519174,4988612,0.00010541,291.00000000,0
1531165523226,1531165523220,4988613,0.00010548,135.00000000,0
1531165523246,1531165523241,4988614,0.00010556,97.00000000,0
1531165542930,1531165542923,4988615,0.00010548,2330.00000000,0
1531165542946,1531165542942,4988616,0.00010556,1355.00000000,0
1531165561288,1531165561285,4988617,0.00010557,16.00000000,0
1531165563432,1531165563426,4988618,0.00010542,1357.00000000,1
1531165583737,1531165583731,4988619,0.00010549,1865.00000000,0
1531165583751,1531165583746,4988620,0.00010542,681.00000000,1
1531165602937,1531165602931,4988621,0.00010548,1061.00000000,0
1531165602952,1531165602946,4988622,0.00010556,931.00000000,0
1531165624177,1531165624171,4988623,0.00010549,75.00000000,0
1531165624194,1531165624187,4988624,0.00010542,638.00000000,1
1531165624212,1531165624208,4988625,0.00010542,27.00000000,1
1531165642994,1531165642990,4988626,0.00010548,628.00000000,0
1531165643016,1531165643011,4988627,0.00010556,507.00000000,0
1531165662736,1531165662730,4988628,0.00010542,369.00000000,1
1531165683770,1531165683765,4988629,0.00010548,527.00000000,0
1531165683784,1531165683777,4988630,0.00010556,162.00000000,0
1531165683803,1531165683798,4988631,0.00010556,366.00000000,0
1531165703008,1531165703002,4988632,0.00010548,271.00000000,0
1531165703022,1531165703016,4988633,0.00010556,158.00000000,0
1531165723040,1531165723035,4988634,0.00010548,522.00000000,0
1531165723055,1531165723050,4988635,0.00010556,951.00000000,0
1531165723068,1531165723062,4988636,0.00010556,275.00000000,0
1531165744072,1531165744069,4988637,0.00010548,654.00000000,0
1531165744083,1531165744078,4988638,0.00010556,287.00000000,0
1531165762765,1531165762760,4988639,0.00010548,139.00000000,0
1531165762779,1531165762773,4988640,0.00010556,53.00000000,0
1531165783122,1531165783116,4988641,0.00010548,1393.00000000,0
1531165783136,1531165783131,4988642,0.00010556,571.00000000,0
1531165803356,1531165803351,4988643,0.00010547,1235.00000000,0
1531165803370,1531165803364,4988644,0.00010554,1372.00000000,0
1531165803389,1531165803383,4988645,0.00010554,594.00000000,0
1531165822877,1531165822874,4988646,0.00010547,2407.00000000,0
1531165822889,1531165822883,4988647,0.00010554,340.00000000,0
1531165822914,1531165822908,4988648,0.00010554,830.00000000,0
1531165843931,1531165843926,4988649,0.00010547,1605.00000000,0
1531165843945,1531165843939,4988650,0.00010554,1147.00000000,0
1531165863961,1531165863956,4988651,0.00010548,2464.00000000,0
1531165863978,1531165863974,4988652,0.00010556,1433.00000000,0
1531165883800,1531165883794,4988653,0.00010556,88.00000000,0
1531165883810,1531165883805,4988654,0.00010556,550.00000000,0
1531165903515,1531165903514,4988655,0.00010548,2772.00000000,0
1531165903532,1531165903526,4988656,0.00010556,318.00000000,0
1531165903549,1531165903544,4988657,0.00010556,983.00000000,0
1531165914686,1531165914679,4988658,0.00010541,96.00000000,1
1531165914953,1531165914950,4988659,0.00010519,124.00000000,1
1531165921315,1531165921313,4988660,0.00010505,72.00000000,1
1531165943390,1531165943384,4988661,0.00010506,899.00000000,1
1531165950714,1531165950707,4988662,0.00010504,79.00000000,1
1531165950731,1531165950725,4988663,0.00010503,74.00000000,1
1531165950740,1531165950734,4988664,0.00010503,79.00000000,1
1531165950770,1531165950767,4988665,0.00010503,80.00000000,1
1531165950900,1531165950893,4988666,0.00010494,49.00000000,1
1531165951282,1531165951277,4988667,0.00010494,66.00000000,0
1531165955535,1531165955529,4988668,0.00010493,80.00000000,0
1531165957524,1531165957518,4988669,0.00010497,153.00000000,0
1531165958525,1531165958519,4988670,0.00010498,96.00000000,0
1531165984175,1531165984171,4988671,0.00010495,254.00000000,0
1531165984194,1531165984188,4988672,0.00010491,216.00000000,1
1531165994380,1531165994375,4988673,0.00010497,96.00000000,0
1531165997407,1531165997378,4988674,0.00010498,229.00000000,0
1531165999777,1531165999772,4988675,0.00010499,96.00000000,0
1531166003948,1531166003942,4988676,0.00010502,2785.00000000,0
1531166003963,1531166003956,4988677,0.00010492,1044.00000000,1
1531166003978,1531166003973,4988678,0.00010492,1002.00000000,1
1531166004227,1531166004221,4988679,0.00010512,552.00000000,0
1531166005386,1531166005382,4988680,0.00010513,79.00000000,0
1531166039483,1531166039476,4988681,0.00010509,189.00000000,1
1531166039483,1531166039476,4988682,0.00010505,30.00000000,1
1531166039483,1531166039476,4988683,0.00010497,155.00000000,1
1531166044411,1531166044405,4988684,0.00010494,195.00000000,0
1531166046552,1531166046546,4988685,0.00010496,191.00000000,0
1531166063409,1531166063404,4988686,0.00010513,105.00000000,0
1531166082920,1531166082917,4988687,0.00010502,421.00000000,0
1531166082935,1531166082929,4988688,0.00010513,248.00000000,0
1531166104053,1531166104046,4988689,0.00010502,2452.00000000,0
1531166104064,1531166104059,4988690,0.00010513,518.00000000,0
1531166104079,1531166104073,4988691,0.00010513,840.00000000,0
1531166123675,1531166123670,4988692,0.00010522,79.00000000,0
1531166123690,1531166123685,4988693,0.00010531,42.00000000,0
1531166144046,1531166144041,4988694,0.00010522,1454.00000000,0
1531166144060,1531166144057,4988695,0.00010531,1251.00000000,0
1531166144086,1531166144079,4988696,0.00010531,661.00000000,0
1531166163294,1531166163289,4988697,0.00010522,85.00000000,0
1531166163308,1531166163304,4988698,0.00010531,49.00000000,0
1531166183317,1531166183312,4988699,0.00010521,992.00000000,0
1531166183331,1531166183328,4988700,0.00010529,152.00000000,0
1531166183350,1531166183346,4988701,0.00010529,340.00000000,0
1531166202786,1531166202783,4988702,0.00010521,2585.00000000,0
1531166202795,1531166202793,4988703,0.00010529,1175.00000000,0
1531166224170,1531166224165,4988704,0.00010521,2033.00000000,0
1531166224182,1531166224177,4988705,0.00010529,946.00000000,0
1531166224208,1531166224208,4988706,0.00010529,1240.00000000,0
1531166224903,1531166224898,4988707,0.00010530,14.00000000,0
1531166242910,1531166242905,4988708,0.00010521,1220.00000000,0
1531166242922,1531166242916,4988709,0.00010529,459.00000000,0
1531166263471,1531166263466,4988710,0.00010521,2107.00000000,0
1531166263486,1531166263484,4988711,0.00010529,527.00000000,0
1531166263504,1531166263497,4988712,0.00010529,1225.00000000,0
1531166283379,1531166283374,4988713,0.00010521,1312.00000000,0
1531166283398,1531166283392,4988714,0.00010529,800.00000000,0
1531166303340,1531166303335,4988715,0.00010521,1728.00000000,0
1531166303354,1531166303350,4988716,0.00010529,1051.00000000,0
1531166303377,1531166303370,4988717,0.00010529,900.00000000,0
1531166322586,1531166322580,4988718,0.00010521,1498.00000000,0
1531166322598,1531166322592,4988719,0.00010529,1362.00000000,0
1531166343014,1531166343008,4988720,0.00010521,1558.00000000,0
1531166343027,1531166343021,4988721,0.00010529,1053.00000000,0
1531166357786,1531166357779,4988722,0.00010513,43.00000000,1
1531166363733,1531166363727,4988723,0.00010512,1040.00000000,0
1531166363752,1531166363746,4988724,0.00010512,1121.00000000,0
1531166370626,1531166370621,4988725,0.00010491,10.00000000,1
1531166383776,1531166383774,4988726,0.00010527,352.00000000,0
1531166383789,1531166383784,4988727,0.00010527,205.00000000,0
1531166403817,1531166403811,4988728,0.00010527,450.00000000,0
1531166403834,1531166403828,4988729,0.00010527,852.00000000,0
1531166422872,1531166422867,4988730,0.00010515,2273.00000000,0
1531166422888,1531166422883,4988731,0.00010529,478.00000000,0
1531166422904,1531166422897,4988732,0.00010529,1024.00000000,0
1531166457802,1531166457795,4988733,0.00010505,200.00000000,1
1531166457802,1531166457795,4988734,0.00010494,73.00000000,1
1531166457802,1531166457795,4988735,0.00010493,1059.00000000,1
1531166523209,1531166523204,4988736,0.00010498,3574.00000000,0
1531166523228,1531166523223,4988737,0.00010491,328.00000000,1
1531166523255,1531166523249,4988738,0.00010491,1224.00000000,1
1531166523293,1531166523292,4988739,0.00010497,190.00000000,0
1531166532592,1531166532588,4988740,0.00010491,32.00000000,1
1531166559762,1531166559756,4988741,0.00010519,79.00000000,0
1531166562797,1531166562793,4988742,0.00010523,830.00000000,0
1531166562808,1531166562803,4988743,0.00010528,335.00000000,0
1531166566722,1531166566716,4988744,0.00010529,20.00000000,0
1531166568491,1531166568485,4988745,0.00010530,22.00000000,0
1531166569734,1531166569729,4988746,0.00010532,30.00000000,0
1531166571669,1531166571668,4988747,0.00010533,66.00000000,0
1531166602421,1531166602415,4988748,0.00010544,150.00000000,0
1531166603048,1531166603043,4988749,0.00010531,247.00000000,0
1531166603064,1531166603059,4988750,0.00010544,603.00000000,0
1531166603084,1531166603077,4988751,0.00010544,35.00000000,0
1531166603782,1531166603778,4988752,0.00010508,9.00000000,1
1531166644025,1531166644019,4988753,0.00010532,2286.00000000,0
1531166644033,1531166644026,4988754,0.00010544,1155.00000000,0
1531166644945,1531166644942,4988755,0.00010544,41.00000000,1
1531166662572,1531166662565,4988756,0.00010543,63.00000000,0
1531166662590,1531166662588,4988757,0.00010556,385.00000000,0
1531166662604,1531166662599,4988758,0.00010556,38.00000000,0
1531166670721,1531166670714,4988759,0.00010557,41.00000000,0
1531166682759,1531166682753,4988760,0.00010556,521.00000000,0
1531166683514,1531166683508,4988761,0.00010543,2490.00000000,0
1531166683528,1531166683522,4988762,0.00010556,907.00000000,0
1531166704098,1531166704093,4988763,0.00010556,2.00000000,1
1531166710577,1531166710568,4988764,0.00010544,10.00000000,0
1531166710577,1531166710568,4988765,0.00010556,9.00000000,0
1531166716619,1531166716613,4988766,0.00010556,26.00000000,0
1531166723441,1531166723436,4988767,0.00010555,1006.00000000,0
1531166723452,1531166723445,4988768,0.00010555,311.00000000,0
1531166723471,1531166723465,4988769,0.00010556,872.00000000,0
1531166724524,1531166724518,4988770,0.00010556,37.00000000,1
1531166742944,1531166742938,4988771,0.00010544,1197.00000000,0
1531166742961,1531166742955,4988772,0.00010556,98.00000000,0
1531166742980,1531166742974,4988773,0.00010556,1197.00000000,0
1531166763629,1531166763628,4988774,0.00010544,3449.00000000,0
1531166763639,1531166763635,4988775,0.00010556,576.00000000,0
1531166763666,1531166763660,4988776,0.00010556,1391.00000000,0
1531166802590,1531166802585,4988777,0.00010556,1411.00000000,0
1531166810800,1531166810796,4988778,0.00010544,10.00000000,0
1531166823146,1531166823140,4988779,0.00010545,2319.00000000,0
1531166823158,1531166823153,4988780,0.00010556,1397.00000000,0
1531166843587,1531166843581,4988781,0.00010545,2721.00000000,0
1531166843602,1531166843595,4988782,0.00010556,1153.00000000,0
1531166864252,1531166864245,4988783,0.00010556,10.00000000,0
1531166882996,1531166882993,4988784,0.00010535,201.00000000,1
1531166883024,1531166883022,4988785,0.00010535,946.00000000,1
1531166903826,1531166903819,4988786,0.00010535,191.00000000,1
1531166903842,1531166903840,4988787,0.00010535,974.00000000,1
1531166923814,1531166923808,4988788,0.00010546,698.00000000,0
1531166923827,1531166923821,4988789,0.00010535,582.00000000,1
1531166929640,1531166929633,4988790,0.00010534,39.00000000,1
1531166930707,1531166930700,4988791,0.00010534,21.00000000,0
1531166937866,1531166937859,4988792,0.00010525,100.00000000,1
1531166943887,1531166943882,4988793,0.00010537,2691.00000000,0
1531166943903,1531166943897,4988794,0.00010549,1103.00000000,0
1531167008994,1531167008986,4988795,0.00010542,100.00000000,0
1531167008994,1531167008986,4988796,0.00010550,79.00000000,0
1531167008994,1531167008986,4988797,0.00010556,20.00000000,0
1531167008994,1531167008986,4988798,0.00010557,39.00000000,0
1531167008994,1531167008986,4988799,0.00010571,30.00000000,0
1531167008994,1531167008986,4988800,0.00010573,155.00000000,0
1531167008994,1531167008986,4988801,0.00010574,171.00000000,0
1531167008994,1531167008986,4988802,0.00010589,103.00000000,0
1531167008994,1531167008986,4988803,0.00010594,91.00000000,0
1531167008994,1531167008986,4988804,0.00010595,156.00000000,0
1531167008994,1531167008986,4988805,0.00010596,256.00000000,0
1531167034539,1531167034535,4988806,0.00010579,1874.00000000,0
1531167034554,1531167034549,4988807,0.00010579,100.00000000,1
1531167034625,1531167034617,4988808,0.00010579,100.00000000,1
1531167035507,1531167035503,4988809,0.00010579,374.00000000,1
1531167043196,1531167043192,4988810,0.00010592,774.00000000,0
1531167051502,1531167051501,4988811,0.00010578,56.00000000,1
1531167062851,1531167062846,4988812,0.00010578,1666.00000000,0
1531167062872,1531167062866,4988813,0.00010592,484.00000000,0
1531167062899,1531167062894,4988814,0.00010592,786.00000000,0
1531167063350,1531167063343,4988815,0.00010564,49.00000000,1
1531167072578,1531167072572,4988816,0.00010566,2.00000000,1
1531167080513,1531167080507,4988817,0.00010566,136.00000000,1
1531167082498,1531167082492,4988818,0.00010564,30.00000000,1
1531167203511,1531167203506,4988819,0.00010566,2607.00000000,0
1531167203521,1531167203515,4988820,0.00010552,1387.00000000,1
1531167234547,1531167234541,4988821,0.00010543,187.00000000,0
1531167235555,1531167235550,4988822,0.00010544,56.00000000,0
1531167237553,1531167237547,4988823,0.00010560,79.00000000,0
1531167244455,1531167244449,4988824,0.00010542,29.00000000,1
1531167263418,1531167263413,4988825,0.00010563,3324.00000000,0
1531167263433,1531167263427,4988826,0.00010576,1309.00000000,0
1531167279104,1531167279098,4988827,0.00010576,10.00000000,0
1531167303256,1531167303249,4988828,0.00010576,1454.00000000,0
1531167303275,1531167303269,4988829,0.00010576,707.00000000,0
1531167323448,1531167323443,4988830,0.00010564,1137.00000000,0
1531167323467,1531167323461,4988831,0.00010553,155.00000000,1
1531167323490,1531167323485,4988832,0.00010553,702.00000000,1
1531167331729,1531167331723,4988833,0.00010576,30.00000000,0
1531167340558,1531167340553,4988834,0.00010576,350.00000000,1
1531167343026,1531167343021,4988835,0.00010590,665.00000000,0
1531167343037,1531167343032,4988836,0.00010590,405.00000000,0
1531167363297,1531167363292,4988837,0.00010576,480.00000000,0
1531167363314,1531167363308,4988838,0.00010590,579.00000000,0
1531167363332,1531167363326,4988839,0.00010590,394.00000000,0
1531167382611,1531167382606,4988840,0.00010576,1308.00000000,0
1531167382625,1531167382621,4988841,0.00010590,559.00000000,0
1531167403675,1531167403672,4988842,0.00010590,763.00000000,0
1531167403698,1531167403692,4988843,0.00010590,1453.00000000,0
1531167443057,1531167443051,4988844,0.00010577,1866.00000000,0
1531167443069,1531167443063,4988845,0.00010590,791.00000000,0
1531167443802,1531167443797,4988846,0.00010565,100.00000000,1
1531167463299,1531167463292,4988847,0.00010577,1545.00000000,0
1531167463311,1531167463305,4988848,0.00010590,888.00000000,0
1531167498661,1531167498656,4988849,0.00010567,86.00000000,1
1531167500535,1531167500528,4988850,0.00010590,94.00000000,0
1531167503772,1531167503767,4988851,0.00010578,1731.00000000,0
1531167503786,1531167503781,4988852,0.00010566,1396.00000000,1
1531167523136,1531167523130,4988853,0.00010579,1967.00000000,0
1531167523154,1531167523148,4988854,0.00010568,549.00000000,1
1531167523174,1531167523167,4988855,0.00010568,713.00000000,1
1531167532988,1531167532983,4988856,0.00010567,30.00000000,1
1531167532988,1531167532983,4988857,0.00010566,13.00000000,1
1531167540291,1531167540285,4988858,0.00010570,13.00000000,1
1531167546544,1531167546538,4988859,0.00010552,30.00000000,1
1531167546544,1531167546538,4988860,0.00010550,10.00000000,1
1531167546544,1531167546538,4988861,0.00010540,129.00000000,1
1531167546544,1531167546538,4988862,0.00010539,10.00000000,1
1531167562872,1531167562867,4988863,0.00010550,65.00000000,0
1531167562879,1531167562873,4988864,0.00010562,35.00000000,0
1531167583036,1531167583030,4988865,0.00010551,1605.00000000,0
1531167583048,1531167583045,4988866,0.00010540,1408.00000000,1
1531167619669,1531167619663,4988867,0.00010539,2.00000000,1
1531167623823,1531167623817,4988868,0.00010540,1093.00000000,1
1531167623835,1531167623828,4988869,0.00010540,64.00000000,1
1531167649464,1531167649462,4988870,0.00010540,13.00000000,1
1531167649554,1531167649549,4988871,0.00010539,35.00000000,1
1531167649584,1531167649578,4988872,0.00010540,95.00000000,0
1531167671149,1531167671144,4988873,0.00010542,19.00000000,1
1531167682653,1531167682650,4988874,0.00010555,2031.00000000,0
1531167682667,1531167682662,4988875,0.00010543,986.00000000,1
1531167703981,1531167703976,4988876,0.00010543,454.00000000,1
1531167704004,1531167703998,4988877,0.00010543,1099.00000000,1
1531167743640,1531167743635,4988878,0.00010551,989.00000000,0
1531167743656,1531167743650,4988879,0.00010540,282.00000000,1
1531167743664,1531167743662,4988880,0.00010540,430.00000000,1
1531167763487,1531167763482,4988881,0.00010550,3549.00000000,0
1531167763497,1531167763492,4988882,0.00010540,1365.00000000,1
1531167789842,1531167789834,4988883,0.00010539,32.00000000,1
1531167789842,1531167789834,4988884,0.00010524,10.00000000,1
1531167789842,1531167789834,4988885,0.00010513,580.00000000,1
1531167789842,1531167789834,4988886,0.00010512,20.00000000,1
1531167789842,1531167789834,4988887,0.00010509,41.00000000,1
1531167789842,1531167789834,4988888,0.00010508,121.00000000,1
1531167796297,1531167796292,4988889,0.00010553,9.00000000,0
1531167823923,1531167823919,4988890,0.00010525,3505.00000000,0
1531167823932,1531167823925,4988891,0.00010512,446.00000000,1
1531167823945,1531167823942,4988892,0.00010512,1252.00000000,1
1531167843257,1531167843251,4988893,0.00010524,1641.00000000,0
1531167843274,1531167843273,4988894,0.00010512,574.00000000,1
1531167862816,1531167862812,4988895,0.00010523,547.00000000,0
1531167862826,1531167862821,4988896,0.00010512,271.00000000,1
1531167880618,1531167880612,4988897,0.00010519,77.00000000,0
1531167886629,1531167886625,4988898,0.00010518,30.00000000,0
1531168083032,1531168083030,4988899,0.00010500,936.00000000,1
1531168083047,1531168083042,4988900,0.00010500,1370.00000000,1
1531168093799,1531168093795,4988901,0.00010505,10.00000000,0
1531168122570,1531168122569,4988902,0.00010498,42.00000000,1
1531168122584,1531168122577,4988903,0.00010498,473.00000000,1
1531168162688,1531168162681,4988904,0.00010518,41.00000000,1
1531168187698,1531168187696,4988905,0.00010523,463.00000000,0
1531168242958,1531168242958,4988906,0.00010506,18.00000000,0
1531168245287,1531168245283,4988907,0.00010498,1.00000000,1
1531168277402,1531168277397,4988908,0.00010498,110.00000000,1
1531168282657,1531168282654,4988909,0.00010499,870.00000000,1
1531168289721,1531168289715,4988910,0.00010498,67.00000000,1
1531168290718,1531168290712,4988911,0.00010496,30.00000000,1
1531168291721,1531168291720,4988912,0.00010490,40.00000000,1
1531168323437,1531168323434,4988913,0.00010488,1831.00000000,0
1531168323452,1531168323446,4988914,0.00010478,969.00000000,1
1531168323477,1531168323476,4988915,0.00010478,636.00000000,1
1531168343225,1531168343221,4988916,0.00010477,15.00000000,1
1531168348109,1531168348104,4988917,0.00010496,73.00000000,0
1531168348675,1531168348672,4988918,0.00010496,44.00000000,0
1531168353902,1531168353897,4988919,0.00010496,27.00000000,1
1531168353902,1531168353897,4988920,0.00010477,5.00000000,1
1531168354731,1531168354728,4988921,0.00010477,137.00000000,0
1531168363473,1531168363468,4988922,0.00010473,2729.00000000,0
1531168363488,1531168363483,4988923,0.00010469,747.00000000,1
1531168363488,1531168363483,4988924,0.00010469,13.00000000,1
1531168363510,1531168363504,4988925,0.00010469,1045.00000000,1
1531168363523,1531168363517,4988926,0.00010469,13.00000000,0
1531168383501,1531168383497,4988927,0.00010473,2234.00000000,0
1531168383516,1531168383510,4988928,0.00010469,931.00000000,1
1531168403540,1531168403538,4988929,0.00010473,3017.00000000,0
1531168403550,1531168403545,4988930,0.00010469,237.00000000,1
1531168403569,1531168403562,4988931,0.00010469,1479.00000000,1
1531168422971,1531168422966,4988932,0.00010473,191.00000000,0
1531168422983,1531168422978,4988933,0.00010469,876.00000000,1
1531168422999,1531168422994,4988934,0.00010473,139.00000000,1
1531168424377,1531168424369,4988935,0.00010468,29.00000000,1
1531168437803,1531168437799,4988936,0.00010468,11.00000000,1
1531168444162,1531168444156,4988937,0.00010465,750.00000000,0
1531168444177,1531168444172,4988938,0.00010467,636.00000000,0
1531168444478,1531168444476,4988939,0.00010468,6.00000000,0
1531168444478,1531168444476,4988940,0.00010477,2266.00000000,0
1531168462605,1531168462600,4988941,0.00010514,1486.00000000,0
1531168482777,1531168482771,4988942,0.00010500,1709.00000000,0
1531168482790,1531168482787,4988943,0.00010514,209.00000000,0
1531168482817,1531168482814,4988944,0.00010514,1221.00000000,0
1531168508821,1531168508816,4988945,0.00010489,26.00000000,1
1531168536009,1531168536003,4988946,0.00010491,19.00000000,1
1531168548348,1531168548341,4988947,0.00010503,142.00000000,1
1531168548348,1531168548341,4988948,0.00010491,30.00000000,1
1531168548348,1531168548341,4988949,0.00010477,76.00000000,1
1531168548348,1531168548341,4988950,0.00010463,47.00000000,1
1531168548348,1531168548341,4988951,0.00010455,20.00000000,1
1531168548348,1531168548341,4988952,0.00010452,217.00000000,1
1531168548348,1531168548341,4988953,0.00010446,479.00000000,1
1531168548348,1531168548341,4988954,0.00010444,75.00000000,1
1531168548348,1531168548341,4988955,0.00010443,957.00000000,1
1531168550540,1531168550534,4988956,0.00010484,227.00000000,1
1531168562977,1531168562972,4988957,0.00010472,3666.00000000,0
1531168562995,1531168562991,4988958,0.00010453,642.00000000,1
1531168563016,1531168563009,4988959,0.00010453,1338.00000000,1
1531168571950,1531168571944,4988960,0.00010482,9.00000000,0
1531168582636,1531168582630,4988961,0.00010463,2998.00000000,0
1531168582651,1531168582646,4988962,0.00010453,1041.00000000,1
1531168597823,1531168597818,4988963,0.00010450,178.00000000,0
1531168598703,1531168598696,4988964,0.00010434,188.00000000,1
1531168598703,1531168598696,4988965,0.00010433,3.00000000,1
1531168602635,1531168602631,4988966,0.00010441,912.00000000,0
1531168602653,1531168602646,4988967,0.00010434,374.00000000,1
1531168602717,1531168602711,4988968,0.00010449,188.00000000,0
1531168603950,1531168603944,4988969,0.00010449,957.00000000,0
1531168604818,1531168604812,4988970,0.00010450,121.00000000,0
1531168608908,1531168608902,4988971,0.00010474,10.00000000,0
1531168608988,1531168608982,4988972,0.00010474,26.00000000,0
1531168610802,1531168610796,4988973,0.00010475,76.00000000,0
1531168611821,1531168611816,4988974,0.00010473,10.00000000,0
1531168614318,1531168614313,4988975,0.00010483,90.00000000,0
1531168620803,1531168620802,4988976,0.00010483,78.00000000,0
1531168622956,1531168622952,4988977,0.00010483,85.00000000,0
1531168624814,1531168624811,4988978,0.00010482,11.00000000,0
1531168642718,1531168642714,4988979,0.00010478,1552.00000000,0
1531168642730,1531168642725,4988980,0.00010492,757.00000000,0
1531168642747,1531168642741,4988981,0.00010492,1338.00000000,0
1531168661709,1531168661703,4988982,0.00010493,19.00000000,0
1531168684018,1531168684012,4988983,0.00010479,1460.00000000,0
1531168684034,1531168684030,4988984,0.00010492,987.00000000,0
1531168702884,1531168702879,4988985,0.00010480,3191.00000000,0
1531168702894,1531168702889,4988986,0.00010492,976.00000000,0
1531168702914,1531168702909,4988987,0.00010492,1464.00000000,0
1531168744715,1531168744710,4988988,0.00010483,40.00000000,1
1531168755646,1531168755641,4988989,0.00010508,9.00000000,0
1531168803353,1531168803348,4988990,0.00010504,1658.00000000,0
1531168803369,1531168803364,4988991,0.00010495,789.00000000,1
1531168803395,1531168803393,4988992,0.00010495,1091.00000000,1
1531168806791,1531168806786,4988993,0.00010513,40.00000000,0
1531168823207,1531168823201,4988994,0.00010507,12.00000000,0
1531168823214,1531168823210,4988995,0.00010500,10.00000000,1
1531168833161,1531168833156,4988996,0.00010499,3.00000000,1
1531168842993,1531168842990,4988997,0.00010500,703.00000000,1
1531168843011,1531168843005,4988998,0.00010500,587.00000000,1
1531168863329,1531168863323,4988999,0.00010506,2202.00000000,0
1531168863339,1531168863333,4989000,0.00010513,1412.00000000,0
1531168876795,1531168876793,4989001,0.00010504,10.00000000,1
1531168878788,1531168878786,4989002,0.00010499,45.00000000,1
1531168880798,1531168880792,4989003,0.00010495,1849.00000000,1
1531168882793,1531168882787,4989004,0.00010494,48.00000000,1
1531168896795,1531168896790,4989005,0.00010485,48.00000000,1
1531168924004,1531168923998,4989006,0.00010496,2707.00000000,0
1531168924020,1531168924017,4989007,0.00010508,1277.00000000,0
1531169057811,1531169057805,4989008,0.00010492,48.00000000,0
1531169063091,1531169063087,4989009,0.00010488,191.00000000,0
1531169063104,1531169063098,4989010,0.00010504,925.00000000,0
1531169063116,1531169063112,4989011,0.00010504,126.00000000,0
1531169083233,1531169083226,4989012,0.00010487,3330.00000000,0
1531169083247,1531169083243,4989013,0.00010502,285.00000000,0
1531169083271,1531169083266,4989014,0.00010502,1422.00000000,0
1531169083289,1531169083283,4989015,0.00010503,30.00000000,0
1531169095808,1531169095803,4989016,0.00010505,217.00000000,0
1531169103867,1531169103863,4989017,0.00010490,2980.00000000,0
1531169103881,1531169103875,4989018,0.00010507,1490.00000000,0
1531169103904,1531169103898,4989019,0.00010508,76.00000000,0
1531169105798,1531169105792,4989020,0.00010506,170.00000000,0
1531169107813,1531169107807,4989021,0.00010514,30.00000000,0
1531169109802,1531169109797,4989022,0.00010525,185.00000000,0
1531169110815,1531169110809,4989023,0.00010525,40.00000000,0
1531169122926,1531169122920,4989024,0.00010501,41.00000000,1
1531169123784,1531169123779,4989025,0.00010517,986.00000000,0
1531169123799,1531169123797,4989026,0.00010534,40.00000000,0
1531169123806,1531169123800,4989027,0.00010534,540.00000000,0
1531169123834,1531169123829,4989028,0.00010534,8.00000000,1
1531169124017,1531169124016,4989029,0.00010534,32.00000000,1
1531169125784,1531169125778,4989030,0.00010535,10.00000000,0
1531169141122,1531169141116,4989031,0.00010513,20.00000000,1
1531169141122,1531169141116,4989032,0.00010491,20.00000000,1
1531169157982,1531169157977,4989033,0.00010532,40.00000000,0
1531169163080,1531169163076,4989034,0.00010514,2248.00000000,0
1531169163099,1531169163094,4989035,0.00010531,122.00000000,0
1531169163110,1531169163107,4989036,0.00010531,961.00000000,0
1531169183452,1531169183446,4989037,0.00010520,2151.00000000,0
1531169183464,1531169183460,4989038,0.00010534,193.00000000,0
1531169183487,1531169183484,4989039,0.00010534,809.00000000,0
1531169202699,1531169202697,4989040,0.00010534,1392.00000000,0
1531169223675,1531169223671,4989041,0.00010534,976.00000000,0
1531169223696,1531169223691,4989042,0.00010534,1391.00000000,0
1531169243861,1531169243856,4989043,0.00010534,588.00000000,0
1531169243880,1531169243874,4989044,0.00010534,532.00000000,0
1531169263283,1531169263279,4989045,0.00010522,2423.00000000,0
1531169263297,1531169263293,4989046,0.00010534,1388.00000000,0
1531169263316,1531169263309,4989047,0.00010534,1204.00000000,0
1531169263316,1531169263310,4989048,0.00010534,5.00000000,0
1531169263892,1531169263887,4989049,0.00010534,1204.00000000,1
1531169283623,1531169283618,4989050,0.00010522,1077.00000000,0
1531169283635,1531169283629,4989051,0.00010533,1105.00000000,0
1531169283654,1531169283650,4989052,0.00010533,382.00000000,0
1531169293267,1531169293261,4989053,0.00010511,30.00000000,1
1531169375589,1531169375583,4989054,0.00010511,389.00000000,0
1531169383269,1531169383263,4989055,0.00010500,2658.00000000,0
1531169383287,1531169383281,4989056,0.00010510,911.00000000,0
1531169383303,1531169383298,4989057,0.00010510,1055.00000000,0
1531169404019,1531169404013,4989058,0.00010500,1345.00000000,0
1531169404105,1531169404100,4989059,0.00010510,606.00000000,0
1531169423679,1531169423674,4989060,0.00010500,523.00000000,0
1531169423701,1531169423695,4989061,0.00010510,374.00000000,0
1531169429482,1531169429476,4989062,0.00010509,36.00000000,0
1531169442972,1531169442965,4989063,0.00010508,648.00000000,0
1531169463563,1531169463558,4989064,0.00010499,14.00000000,0
1531169463574,1531169463569,4989065,0.00010508,10.00000000,0
1531169468194,1531169468188,4989066,0.00010491,703.00000000,1
1531169483041,1531169483037,4989067,0.00010494,673.00000000,0
1531169483051,1531169483047,4989068,0.00010508,1089.00000000,0
1531169483067,1531169483061,4989069,0.00010508,387.00000000,0
1531169503832,1531169503828,4989070,0.00010495,3210.00000000,0
1531169503846,1531169503840,4989071,0.00010508,1092.00000000,0
1531169524213,1531169524208,4989072,0.00010495,614.00000000,0
1531169524230,1531169524225,4989073,0.00010508,1382.00000000,0
1531169524249,1531169524244,4989074,0.00010508,394.00000000,0
1531169543165,1531169543159,4989075,0.00010495,3693.00000000,0
1531169543173,1531169543168,4989076,0.00010508,1341.00000000,0
1531169563200,1531169563194,4989077,0.00010494,361.00000000,0
1531169563214,1531169563209,4989078,0.00010507,138.00000000,0
1531169583096,1531169583091,4989079,0.00010494,1799.00000000,0
1531169583104,1531169583099,4989080,0.00010506,818.00000000,0
1531169603592,1531169603587,4989081,0.00010505,1086.00000000,0
1531169623431,1531169623426,4989082,0.00010493,2642.00000000,0
1531169623442,1531169623436,4989083,0.00010505,1391.00000000,0
1531169644461,1531169644455,4989084,0.00010507,1417.00000000,0
1531169663781,1531169663776,4989085,0.00010506,69.00000000,0
1531169670393,1531169670387,4989086,0.00010480,30.00000000,1
1531169672916,1531169672912,4989087,0.00010480,24.00000000,1
1531169678288,1531169678282,4989088,0.00010480,41.00000000,1
1531169683834,1531169683829,4989089,0.00010493,904.00000000,0
1531169683844,1531169683838,4989090,0.00010507,471.00000000,0
1531169696135,1531169696128,4989091,0.00010480,107.00000000,1
1531169741295,1531169741288,4989092,0.00010480,16.00000000,1
1531169741295,1531169741288,4989093,0.00010473,30.00000000,1
1531169741295,1531169741288,4989094,0.00010469,20.00000000,1
1531169741295,1531169741288,4989095,0.00010462,76.00000000,1
1531169741295,1531169741288,4989096,0.00010451,145.00000000,1
1531169843897,1531169843891,4989097,0.00010456,63.00000000,1
1531169844927,1531169844921,4989098,0.00010455,190.00000000,0
1531169846919,1531169846915,4989099,0.00010456,27.00000000,0
1531169862959,1531169862954,4989100,0.00010455,41.00000000,0
1531169862975,1531169862969,4989101,0.00010455,139.00000000,0
1531169883191,1531169883186,4989102,0.00010451,2360.00000000,0
1531169883205,1531169883200,4989103,0.00010455,695.00000000,0
1531169883232,1531169883226,4989104,0.00010455,1103.00000000,0
1531169902566,1531169902562,4989105,0.00010455,382.00000000,0
1531169923455,1531169923450,4989106,0.00010451,2846.00000000,0
1531169923469,1531169923463,4989107,0.00010455,779.00000000,0
1531169923491,1531169923485,4989108,0.00010455,1431.00000000,0
1531169943366,1531169943360,4989109,0.00010451,1237.00000000,0
1531169943378,1531169943373,4989110,0.00010455,296.00000000,0
1531169943395,1531169943389,4989111,0.00010455,1167.00000000,0
1531169952936,1531169952930,4989112,0.00010447,21.00000000,1
1531169955860,1531169955855,4989113,0.00010456,14.00000000,0
1531169983147,1531169983142,4989114,0.00010451,2258.00000000,0
1531169983156,1531169983151,4989115,0.00010455,1214.00000000,0
1531169996180,1531169996174,4989116,0.00010451,822.00000000,0
1531169996188,1531169996183,4989117,0.00010455,1392.00000000,0
1531169996210,1531169996204,4989118,0.00010455,314.00000000,0
1531170010827,1531170010825,4989119,0.00010456,61.00000000,0
1531170017333,1531170017327,4989120,0.00010457,22.00000000,1
1531170021948,1531170021944,4989121,0.00010490,63.00000000,0
1531170021948,1531170021944,4989122,0.00010491,27.00000000,0
1531170023825,1531170023819,4989123,0.00010491,302.00000000,0
1531170023847,1531170023843,4989124,0.00010491,936.00000000,0
1531170024859,1531170024852,4989125,0.00010491,27.00000000,1
1531170028103,1531170028099,4989126,0.00010479,1753.00000000,0
1531170028121,1531170028114,4989127,0.00010492,950.00000000,0
1531170028143,1531170028137,4989128,0.00010492,797.00000000,0
1531170043709,1531170043704,4989129,0.00010485,241.00000000,0
1531170043717,1531170043713,4989130,0.00010499,109.00000000,0
1531170043728,1531170043724,4989131,0.00010499,107.00000000,0
1531170054240,1531170054234,4989132,0.00010500,16.00000000,0
1531170054240,1531170054234,4989133,0.00010507,35.00000000,0
1531170058599,1531170058594,4989134,0.00010507,123.00000000,0
1531170058869,1531170058865,4989135,0.00010507,431.00000000,1
1531170063361,1531170063357,4989136,0.00010493,75.00000000,0
1531170063369,1531170063364,4989137,0.00010507,56.00000000,0
1531170074976,1531170074971,4989138,0.00010508,7.00000000,0
1531170082963,1531170082957,4989139,0.00010507,466.00000000,0
1531170103620,1531170103616,4989140,0.00010493,3236.00000000,0
1531170103631,1531170103626,4989141,0.00010507,1383.00000000,0
1531170123345,1531170123340,4989142,0.00010493,1667.00000000,0
1531170123356,1531170123351,4989143,0.00010507,1158.00000000,0
1531170142115,1531170142111,4989144,0.00010507,95.00000000,0
1531170143256,1531170143250,4989145,0.00010507,912.00000000,0
1531170143933,1531170143928,4989146,0.00010507,95.00000000,1
1531170144862,1531170144857,4989147,0.00010508,443.00000000,0
1531170163558,1531170163553,4989148,0.00010500,2543.00000000,0
1531170163572,1531170163566,4989149,0.00010514,633.00000000,0
1531170163597,1531170163591,4989150,0.00010514,949.00000000,0
1531170183959,1531170183955,4989151,0.00010500,166.00000000,0
1531170183973,1531170183967,4989152,0.00010514,1422.00000000,0
1531170183988,1531170183985,4989153,0.00010514,63.00000000,0
1531170203636,1531170203630,4989154,0.00010500,770.00000000,0
1531170203653,1531170203649,4989155,0.00010514,428.00000000,0
1531170223395,1531170223390,4989156,0.00010500,1147.00000000,0
1531170223415,1531170223410,4989157,0.00010514,997.00000000,0
1531170223438,1531170223433,4989158,0.00010514,478.00000000,0
1531170243295,1531170243290,4989159,0.00010514,1257.00000000,0
1531170262698,1531170262693,4989160,0.00010500,660.00000000,0
1531170262713,1531170262708,4989161,0.00010514,209.00000000,0
1531170262742,1531170262737,4989162,0.00010514,327.00000000,0
1531170283505,1531170283498,4989163,0.00010500,985.00000000,0
1531170283522,1531170283517,4989164,0.00010514,394.00000000,0
1531170304266,1531170304260,4989165,0.00010500,2311.00000000,0
1531170304284,1531170304279,4989166,0.00010514,1298.00000000,0
1531170304305,1531170304300,4989167,0.00010514,1032.00000000,0
1531170306910,1531170306903,4989168,0.00010515,15.00000000,0
1531170323874,1531170323868,4989169,0.00010500,2893.00000000,0
1531170323893,1531170323889,4989170,0.00010514,244.00000000,0
1531170323907,1531170323902,4989171,0.00010514,991.00000000,0
1531170343449,1531170343442,4989172,0.00010501,1398.00000000,0
1531170343460,1531170343455,4989173,0.00010514,999.00000000,0
1531170343471,1531170343466,4989174,0.00010514,1319.00000000,0
1531170363382,1531170363377,4989175,0.00010514,129.00000000,0
1531170382573,1531170382567,4989176,0.00010501,1203.00000000,0
1531170382589,1531170382583,4989177,0.00010514,1408.00000000,0
1531170382604,1531170382600,4989178,0.00010514,433.00000000,0
1531170403492,1531170403487,4989179,0.00010501,1519.00000000,0
1531170403508,1531170403503,4989180,0.00010514,539.00000000,0
1531170424028,1531170424022,4989181,0.00010501,1611.00000000,0
1531170424040,1531170424035,4989182,0.00010514,707.00000000,0
1531170443007,1531170443002,4989183,0.00010501,1847.00000000,0
1531170443021,1531170443016,4989184,0.00010514,727.00000000,0
1531170443039,1531170443033,4989185,0.00010514,1184.00000000,0
1531170463615,1531170463611,4989186,0.00010501,825.00000000,0
1531170463627,1531170463621,4989187,0.00010514,573.00000000,0
1531170477781,1531170477775,4989188,0.00010515,5.00000000,0
1531170483761,1531170483757,4989189,0.00010524,1131.00000000,0
1531170483773,1531170483768,4989190,0.00010524,986.00000000,0
1531170493734,1531170493728,4989191,0.00010516,5.00000000,1
1531170493734,1531170493728,4989192,0.00010491,9.00000000,1
1531170503125,1531170503120,4989193,0.00010510,2265.00000000,0
1531170503137,1531170503133,4989194,0.00010524,1284.00000000,0
1531170503155,1531170503151,4989195,0.00010524,921.00000000,0
1531170523718,1531170523712,4989196,0.00010510,3017.00000000,0
1531170523730,1531170523725,4989197,0.00010524,629.00000000,0
1531170523753,1531170523748,4989198,0.00010524,1380.00000000,0
1531170543670,1531170543666,4989199,0.00010524,628.00000000,0
1531170563603,1531170563598,4989200,0.00010518,304.00000000,0
1531170563616,1531170563611,4989201,0.00010524,177.00000000,0
1531170583711,1531170583707,4989202,0.00010518,1905.00000000,0
1531170583719,1531170583713,4989203,0.00010524,794.00000000,0
1531170603011,1531170603005,4989204,0.00010518,980.00000000,0
1531170603033,1531170603028,4989205,0.00010524,886.00000000,0
1531170603049,1531170603044,4989206,0.00010524,495.00000000,0
1531170623890,1531170623886,4989207,0.00010524,209.00000000,0
1531170623910,1531170623905,4989208,0.00010524,1180.00000000,0
1531170627324,1531170627319,4989209,0.00010513,16.00000000,1
1531170629527,1531170629521,4989210,0.00010524,298.00000000,0
1531170643653,1531170643648,4989211,0.00010518,2532.00000000,0
1531170643669,1531170643664,4989212,0.00010523,415.00000000,0
1531170643694,1531170643689,4989213,0.00010523,1101.00000000,0
1531170651390,1531170651385,4989214,0.00010524,34.00000000,0
1531170663595,1531170663589,4989215,0.00010518,2233.00000000,0
1531170663684,1531170663679,4989216,0.00010523,563.00000000,0
1531170663703,1531170663697,4989217,0.00010523,1379.00000000,0
1531170683623,1531170683618,4989218,0.00010518,272.00000000,0
1531170683639,1531170683635,4989219,0.00010523,248.00000000,0
1531170702723,1531170702718,4989220,0.00010518,1740.00000000,0
1531170702734,1531170702728,4989221,0.00010523,821.00000000,0
1531170723422,1531170723417,4989222,0.00010518,383.00000000,0
1531170723434,1531170723429,4989223,0.00010523,1377.00000000,0
1531170723447,1531170723441,4989224,0.00010523,136.00000000,0
1531170743574,1531170743569,4989225,0.00010518,814.00000000,0
1531170743582,1531170743577,4989226,0.00010523,1075.00000000,0
1531170743594,1531170743588,4989227,0.00010523,289.00000000,0
1531170763803,1531170763798,4989228,0.00010519,1525.00000000,0
1531170763814,1531170763810,4989229,0.00010524,976.00000000,0
1531170763836,1531170763831,4989230,0.00010524,930.00000000,0
1531170783706,1531170783701,4989231,0.00010518,2453.00000000,0
1531170783723,1531170783717,4989232,0.00010522,1478.00000000,0
1531170803260,1531170803236,4989233,0.00010519,3445.00000000,0
1531170803260,1531170803254,4989234,0.00010524,1498.00000000,0
1531170815544,1531170815540,4989235,0.00010514,222.00000000,1
1531170821380,1531170821375,4989236,0.00010524,50.00000000,0
1531170823211,1531170823206,4989237,0.00010519,1042.00000000,0
1531170823222,1531170823216,4989238,0.00010524,464.00000000,0
1531170823240,1531170823236,4989239,0.00010524,307.00000000,0
1531170829020,1531170829013,4989240,0.00010525,20.00000000,0
1531170829020,1531170829013,4989241,0.00010528,95.00000000,0
1531170829020,1531170829013,4989242,0.00010533,30.00000000,0
1531170829020,1531170829013,4989243,0.00010535,3.00000000,0
1531170829020,1531170829013,4989244,0.00010537,70.00000000,0
1531170829020,1531170829013,4989245,0.00010550,19.00000000,0
1531170829020,1531170829013,4989246,0.00010551,76.00000000,0
1531170829020,1531170829013,4989247,0.00010556,10.00000000,0
1531170829020,1531170829013,4989248,0.00010588,15.00000000,0
1531170829020,1531170829013,4989249,0.00010589,312.00000000,0
1531170836126,1531170836120,4989250,0.00010540,40.00000000,0
1531170836126,1531170836120,4989251,0.00010589,80.00000000,0
1531170843128,1531170843123,4989252,0.00010561,2645.00000000,0
1531170843145,1531170843140,4989253,0.00010582,683.00000000,0
1531170843160,1531170843155,4989254,0.00010582,1284.00000000,0
1531170862935,1531170862930,4989255,0.00010569,1142.00000000,0
1531170862947,1531170862942,4989256,0.00010582,457.00000000,0
1531170869941,1531170869936,4989257,0.00010582,190.00000000,1
1531170876933,1531170876926,4989258,0.00010557,10.00000000,1
1531170883793,1531170883790,4989259,0.00010572,1073.00000000,0
1531170883800,1531170883795,4989260,0.00010588,813.00000000,0
1531170892879,1531170892873,4989261,0.00010589,70.00000000,0
1531170902884,1531170902878,4989262,0.00010572,1320.00000000,0
1531170902906,1531170902900,4989263,0.00010588,1419.00000000,0
1531170902933,1531170902928,4989264,0.00010588,892.00000000,0
1531170923129,1531170923124,4989265,0.00010588,10.00000000,0
1531170924019,1531170924015,4989266,0.00010573,1196.00000000,0
1531170924029,1531170924023,4989267,0.00010588,1008.00000000,0
1531170924052,1531170924047,4989268,0.00010588,1140.00000000,0
1531170924494,1531170924489,4989269,0.00010588,10.00000000,1
1531170934062,1531170934056,4989270,0.00010588,31.00000000,0
1531170934062,1531170934056,4989271,0.00010589,46.00000000,0
1531170943828,1531170943823,4989272,0.00010575,2416.00000000,0
1531170943845,1531170943840,4989273,0.00010588,1192.00000000,0
1531170943859,1531170943855,4989274,0.00010588,1436.00000000,0
1531170963910,1531170963905,4989275,0.00010575,787.00000000,0
1531170963920,1531170963915,4989276,0.00010588,393.00000000,0
1531170963937,1531170963933,4989277,0.00010588,375.00000000,0
1531170964065,1531170964059,4989278,0.00010562,9.00000000,1
1531171003760,1531171003754,4989279,0.00010576,1810.00000000,0
1531171003775,1531171003770,4989280,0.00010588,742.00000000,0
1531171023707,1531171023702,4989281,0.00010576,1487.00000000,0
1531171023721,1531171023715,4989282,0.00010588,767.00000000,0
1531171030095,1531171030091,4989283,0.00010588,59.00000000,1
1531171030358,1531171030354,4989284,0.00010588,51.00000000,1
1531171043549,1531171043544,4989285,0.00010575,219.00000000,0
1531171043566,1531171043561,4989286,0.00010587,1083.00000000,0
1531171043589,1531171043584,4989287,0.00010587,79.00000000,0
1531171046020,1531171046016,4989288,0.00010566,9.00000000,1
1531171055629,1531171055623,4989289,0.00010565,189.00000000,1
1531171055960,1531171055955,4989290,0.00010565,190.00000000,0
1531171056235,1531171056229,4989291,0.00010564,30.00000000,1
1531171062101,1531171062096,4989292,0.00010564,30.00000000,0
1531171064669,1531171064665,4989293,0.00010564,10.00000000,0
1531171070614,1531171070609,4989294,0.00010563,76.00000000,1
1531171159900,1531171159895,4989295,0.00010563,338.00000000,1
1531171165150,1531171165145,4989296,0.00010564,10.00000000,0
1531171166454,1531171166449,4989297,0.00010563,189.00000000,1
1531171174401,1531171174396,4989298,0.00010563,527.00000000,1
1531171217962,1531171217957,4989299,0.00010563,1694.00000000,1
1531171245687,1531171245683,4989300,0.00010524,62.00000000,1
1531171245716,1531171245709,4989301,0.00010524,35.00000000,0
1531171245763,1531171245757,4989302,0.00010525,27.00000000,1
1531171245763,1531171245757,4989303,0.00010524,11.00000000,1
1531171245763,1531171245757,4989304,0.00010523,76.00000000,1
1531171247866,1531171247862,4989305,0.00010522,35.00000000,1
1531171267131,1531171267127,4989306,0.00010523,4.00000000,0
1531171283373,1531171283342,4989307,0.00010548,1462.00000000,0
1531171283373,1531171283356,4989308,0.00010548,744.00000000,0
1531171402635,1531171402630,4989309,0.00010532,2652.00000000,0
1531171402649,1531171402645,4989310,0.00010544,1396.00000000,0
1531171462929,1531171462924,4989311,0.00010538,62.00000000,0
1531171462929,1531171462924,4989312,0.00010539,170.00000000,0
1531171463898,1531171463894,4989313,0.00010529,1282.00000000,0
1531171463911,1531171463906,4989314,0.00010539,512.00000000,0
1531171483327,1531171483323,4989315,0.00010533,223.00000000,0
1531171483337,1531171483332,4989316,0.00010546,84.00000000,0
1531171503158,1531171503153,4989317,0.00010533,2484.00000000,0
1531171503167,1531171503163,4989318,0.00010546,1336.00000000,0
1531171523150,1531171523146,4989319,0.00010531,955.00000000,0
1531171523158,1531171523154,4989320,0.00010543,1140.00000000,0
1531171523181,1531171523176,4989321,0.00010543,379.00000000,0
1531171542622,1531171542618,4989322,0.00010531,756.00000000,0
1531171542635,1531171542631,4989323,0.00010542,278.00000000,0
1531171562911,1531171562906,4989324,0.00010531,1606.00000000,0
1531171562920,1531171562916,4989325,0.00010542,1026.00000000,0
1531171562942,1531171562938,4989326,0.00010542,828.00000000,0
1531171582749,1531171582746,4989327,0.00010533,2216.00000000,0
1531171582764,1531171582758,4989328,0.00010546,1059.00000000,0
1531171582786,1531171582782,4989329,0.00010546,1421.00000000,0
1531171603492,1531171603488,4989330,0.00010533,2308.00000000,0
1531171603511,1531171603506,4989331,0.00010546,1327.00000000,0
1531171622731,1531171622725,4989332,0.00010546,261.00000000,0
1531171643530,1531171643525,4989333,0.00010533,1492.00000000,0
1531171643542,1531171643537,4989334,0.00010546,704.00000000,0
1531171663496,1531171663491,4989335,0.00010532,1826.00000000,0
1531171663510,1531171663505,4989336,0.00010543,813.00000000,0
1531171663528,1531171663523,4989337,0.00010543,1038.00000000,0
1531171683380,1531171683375,4989338,0.00010532,1780.00000000,0
1531171683398,1531171683394,4989339,0.00010542,1436.00000000,0
1531171703363,1531171703359,4989340,0.00010543,998.00000000,0
1531171703388,1531171703383,4989341,0.00010543,313.00000000,0
1531171718063,1531171718057,4989342,0.00010544,35.00000000,0
1531171718063,1531171718057,4989343,0.00010548,189.00000000,0
1531171723532,1531171723527,4989344,0.00010536,1795.00000000,0
1531171723546,1531171723542,4989345,0.00010547,129.00000000,0
1531171723567,1531171723563,4989346,0.00010547,1095.00000000,0
1531171732551,1531171732547,4989347,0.00010525,15.00000000,1
1531171732551,1531171732547,4989348,0.00010523,30.00000000,1
1531171732551,1531171732547,4989349,0.00010520,5.00000000,1
1531171744118,1531171744113,4989350,0.00010531,790.00000000,0
1531171744132,1531171744128,4989351,0.00010542,534.00000000,0
1531171762615,1531171762611,4989352,0.00010542,1272.00000000,0
1531171762635,1531171762630,4989353,0.00010542,941.00000000,0
1531171765881,1531171765876,4989354,0.00010520,5.00000000,1
1531171765881,1531171765876,4989355,0.00010515,68.00000000,1
1531171782550,1531171782546,4989356,0.00010541,283.00000000,0
1531171803753,1531171803749,4989357,0.00010528,235.00000000,0
1531171803774,1531171803769,4989358,0.00010541,707.00000000,0
1531171803794,1531171803790,4989359,0.00010541,112.00000000,0
1531171822889,1531171822884,4989360,0.00010527,2081.00000000,0
1531171822906,1531171822901,4989361,0.00010539,1062.00000000,0
1531171843558,1531171843553,4989362,0.00010527,1482.00000000,0
1531171843575,1531171843569,4989363,0.00010539,772.00000000,0
1531171927596,1531171927591,4989364,0.00010514,50.00000000,1
1531171965143,1531171965139,4989365,0.00010524,67.00000000,0
1531171965172,1531171965168,4989366,0.00010514,25.00000000,1
1531171965174,1531171965171,4989367,0.00010514,25.00000000,1
1531171965194,1531171965190,4989368,0.00010514,70.00000000,1
1531171970775,1531171970771,4989369,0.00010514,48.00000000,1
1531171983332,1531171983327,4989370,0.00010518,3696.00000000,0
1531171983349,1531171983344,4989371,0.00010523,253.00000000,0
1531171983370,1531171983366,4989372,0.00010523,1295.00000000,0
1531172023689,1531172023685,4989373,0.00010517,1529.00000000,0
1531172023701,1531172023696,4989374,0.00010522,671.00000000,0
1531172043969,1531172043964,4989375,0.00010517,17.00000000,0
1531172043977,1531172043973,4989376,0.00010522,1098.00000000,0
1531172043994,1531172043990,4989377,0.00010522,10.00000000,0
1531172063652,1531172063648,4989378,0.00010522,403.00000000,0
1531172083368,1531172083364,4989379,0.00010522,1119.00000000,0
1531172104164,1531172104160,4989380,0.00010517,1921.00000000,0
1531172104178,1531172104174,4989381,0.00010522,208.00000000,0
1531172104195,1531172104192,4989382,0.00010522,1186.00000000,0
1531172123781,1531172123777,4989383,0.00010517,1003.00000000,0
1531172123794,1531172123790,4989384,0.00010522,1155.00000000,0
1531172123817,1531172123812,4989385,0.00010522,612.00000000,0
1531172142574,1531172142569,4989386,0.00010517,951.00000000,0
1531172142589,1531172142583,4989387,0.00010522,1163.00000000,0
1531172142610,1531172142607,4989388,0.00010522,328.00000000,0
1531172160024,1531172160019,4989389,0.00010513,7.00000000,1
1531172160024,1531172160019,4989390,0.00010496,76.00000000,1
1531172163776,1531172163773,4989391,0.00010494,48.00000000,1
1531172163787,1531172163783,4989392,0.00010494,824.00000000,0
1531172163799,1531172163794,4989393,0.00010495,704.00000000,0
1531172167613,1531172167608,4989394,0.00010496,578.00000000,0
1531172167613,1531172167608,4989395,0.00010498,101.00000000,0
1531172169118,1531172169114,4989396,0.00010498,19.00000000,0
1531172182726,1531172182721,4989397,0.00010495,2381.00000000,0
1531172182770,1531172182738,4989398,0.00010497,984.00000000,0
1531172182770,1531172182750,4989399,0.00010494,48.00000000,1
1531172189231,1531172189227,4989400,0.00010485,10.00000000,1
1531172189231,1531172189227,4989401,0.00010472,87.00000000,1
1531172189231,1531172189227,4989402,0.00010468,37.00000000,1
1531172203714,1531172203711,4989403,0.00010481,1705.00000000,0
1531172203734,1531172203729,4989404,0.00010493,1029.00000000,0
1531172203754,1531172203750,4989405,0.00010493,907.00000000,0
1531172203776,1531172203771,4989406,0.00010494,824.00000000,0
1531172214868,1531172214865,4989407,0.00010494,48.00000000,1
1531172223526,1531172223521,4989408,0.00010481,766.00000000,0
1531172223540,1531172223536,4989409,0.00010493,391.00000000,0
1531172243519,1531172243515,4989410,0.00010492,1465.00000000,0
1531172257014,1531172257010,4989411,0.00010469,31.00000000,1
1531172263838,1531172263833,4989412,0.00010475,976.00000000,0
1531172263857,1531172263852,4989413,0.00010491,688.00000000,0
1531172284173,1531172284169,4989414,0.00010490,1055.00000000,0
1531172284191,1531172284187,4989415,0.00010490,348.00000000,0
1531172303564,1531172303560,4989416,0.00010477,1784.00000000,0
1531172303578,1531172303573,4989417,0.00010490,949.00000000,0
1531172304153,1531172304149,4989418,0.00010490,14.00000000,0
1531172322645,1531172322640,4989419,0.00010477,1462.00000000,0
1531172322690,1531172322655,4989420,0.00010489,515.00000000,0
1531172343457,1531172343453,4989421,0.00010476,2583.00000000,0
1531172343471,1531172343467,4989422,0.00010488,647.00000000,0
1531172343490,1531172343485,4989423,0.00010488,936.00000000,0
1531172363098,1531172363094,4989424,0.00010482,1196.00000000,0
1531172363117,1531172363113,4989425,0.00010496,1214.00000000,0
1531172363137,1531172363132,4989426,0.00010496,777.00000000,0
1531172383668,1531172383664,4989427,0.00010482,594.00000000,0
1531172383675,1531172383672,4989428,0.00010496,291.00000000,0
1531172383693,1531172383689,4989429,0.00010496,419.00000000,0
1531172402995,1531172402991,4989430,0.00010482,2635.00000000,0
1531172403002,1531172402999,4989431,0.00010496,1080.00000000,0
1531172412218,1531172412214,4989432,0.00010469,52.00000000,1
1531172423379,1531172423374,4989433,0.00010482,3094.00000000,0
1531172423387,1531172423383,4989434,0.00010496,1172.00000000,0
1531172472392,1531172472390,4989435,0.00010480,18.00000000,0
1531172492332,1531172492328,4989436,0.00010465,3.00000000,1
1531172502973,1531172502969,4989437,0.00010465,10.00000000,1
1531172521258,1531172521254,4989438,0.00010474,11.00000000,0
1531172540319,1531172540314,4989439,0.00010472,21.00000000,0
1531172560130,1531172560126,4989440,0.00010471,49.00000000,0
1531172567102,1531172567098,4989441,0.00010465,1.00000000,1
1531172567147,1531172567143,4989442,0.00010465,10.00000000,0
1531172583029,1531172583026,4989443,0.00010468,34.00000000,0
1531172583707,1531172583703,4989444,0.00010469,834.00000000,0
1531172603968,1531172603964,4989445,0.00010467,2534.00000000,0
1531172603978,1531172603973,4989446,0.00010479,344.00000000,0
1531172604008,1531172604004,4989447,0.00010479,1056.00000000,0
1531172624036,1531172624034,4989448,0.00010479,764.00000000,0
1531172624054,1531172624050,4989449,0.00010479,563.00000000,0
1531172643688,1531172643685,4989450,0.00010467,706.00000000,0
1531172643705,1531172643700,4989451,0.00010479,453.00000000,0
1531172660513,1531172660510,4989452,0.00010479,10.00000000,0
1531172663280,1531172663275,4989453,0.00010467,1442.00000000,0
1531172663294,1531172663291,4989454,0.00010479,1057.00000000,0
1531172663310,1531172663306,4989455,0.00010479,859.00000000,0
1531172681631,1531172681627,4989456,0.00010479,10.00000000,1
1531172702905,1531172702900,4989457,0.00010468,1537.00000000,0
1531172702917,1531172702914,4989458,0.00010478,1349.00000000,0
1531172707724,1531172707720,4989459,0.00010458,11.00000000,1
1531172722576,1531172722572,4989460,0.00010478,990.00000000,0
1531172722593,1531172722589,4989461,0.00010478,10.00000000,0
1531172743787,1531172743782,4989462,0.00010468,744.00000000,0
1531172743805,1531172743800,4989463,0.00010478,841.00000000,0
1531172743821,1531172743819,4989464,0.00010478,280.00000000,0
1531172761665,1531172761662,4989465,0.00010478,12.00000000,0
1531172763165,1531172763162,4989466,0.00010468,3074.00000000,0
1531172763184,1531172763181,4989467,0.00010478,839.00000000,0
1531172763206,1531172763203,4989468,0.00010478,1269.00000000,0
1531172783610,1531172783606,4989469,0.00010478,12.00000000,1
1531172783632,1531172783628,4989470,0.00010478,3064.00000000,0
1531172783642,1531172783639,4989471,0.00010478,12.00000000,1
1531172803968,1531172803965,4989472,0.00010467,3179.00000000,0
1531172803980,1531172803976,4989473,0.00010477,799.00000000,0
1531172804002,1531172804000,4989474,0.00010477,1351.00000000,0
1531172804021,1531172804020,4989475,0.00010478,1281.00000000,0
1531172822911,1531172822908,4989476,0.00010467,3421.00000000,0
1531172822926,1531172822923,4989477,0.00010477,1258.00000000,0
1531172843286,1531172843281,4989478,0.00010467,2621.00000000,0
1531172843296,1531172843292,4989479,0.00010477,1359.00000000,0
1531172843314,1531172843311,4989480,0.00010477,1225.00000000,0
1531172863816,1531172863813,4989481,0.00010467,2175.00000000,0
1531172863835,1531172863831,4989482,0.00010477,1250.00000000,0
1531172883670,1531172883667,4989483,0.00010477,10.00000000,0
1531172903969,1531172903965,4989484,0.00010477,648.00000000,0
1531172903986,1531172903981,4989485,0.00010477,1421.00000000,0
1531172923978,1531172923975,4989486,0.00010467,320.00000000,0
1531172923992,1531172923988,4989487,0.00010477,833.00000000,0
1531172924016,1531172924014,4989488,0.00010477,138.00000000,0
1531172943539,1531172943537,4989489,0.00010467,1052.00000000,0
1531172943554,1531172943551,4989490,0.00010477,110.00000000,0
1531172943573,1531172943570,4989491,0.00010477,506.00000000,0
1531172963895,1531172963891,4989492,0.00010467,50.00000000,0
1531172963914,1531172963910,4989493,0.00010477,48.00000000,0
1531173103568,1531173103566,4989494,0.00010467,3084.00000000,0
1531173103576,1531173103572,4989495,0.00010477,1377.00000000,0
1531173114960,1531173114957,4989496,0.00010477,221.00000000,0
1531173114961,1531173114957,4989497,0.00010478,156.00000000,0
1531173124082,1531173124079,4989498,0.00010467,219.00000000,0
1531173124095,1531173124091,4989499,0.00010477,93.00000000,0
1531173142888,1531173142884,4989500,0.00010468,156.00000000,0
1531173142901,1531173142897,4989501,0.00010477,86.00000000,0
1531173162947,1531173162945,4989502,0.00010468,1087.00000000,0
1531173162962,1531173162959,4989503,0.00010477,225.00000000,0
1531173162977,1531173162974,4989504,0.00010477,706.00000000,0
1531173183275,1531173183272,4989505,0.00010468,2415.00000000,0
1531173183291,1531173183289,4989506,0.00010477,536.00000000,0
1531173183310,1531173183308,4989507,0.00010477,982.00000000,0
1531173203124,1531173203121,4989508,0.00010459,8.00000000,1
1531173203144,1531173203140,4989509,0.00010459,15.00000000,1
1531173203151,1531173203147,4989510,0.00010459,10.00000000,1
1531173203605,1531173203601,4989511,0.00010468,727.00000000,0
1531173203624,1531173203620,4989512,0.00010477,438.00000000,0
1531173222756,1531173222754,4989513,0.00010468,3096.00000000,0
1531173222764,1531173222761,4989514,0.00010477,1358.00000000,0
1531173243197,1531173243196,4989515,0.00010468,101.00000000,0
1531173243218,1531173243216,4989516,0.00010477,78.00000000,0
1531173263700,1531173263697,4989517,0.00010468,2499.00000000,0
1531173263722,1531173263717,4989518,0.00010477,954.00000000,0
1531173283809,1531173283806,4989519,0.00010468,48.00000000,0
1531173283826,1531173283824,4989520,0.00010477,33.00000000,0
1531173303207,1531173303203,4989521,0.00010477,858.00000000,0
1531173589993,1531173589989,4989522,0.00010478,10.00000000,0
1531173592228,1531173592226,4989523,0.00010480,12.00000000,0
1531173592228,1531173592226,4989524,0.00010498,7.00000000,0
1531173604253,1531173604249,4989525,0.00010488,49.00000000,0
1531173604273,1531173604270,4989526,0.00010497,1128.00000000,0
1531173604288,1531173604286,4989527,0.00010497,26.00000000,0
1531173604936,1531173604933,4989528,0.00010498,11.00000000,0
1531173606315,1531173606312,4989529,0.00010518,13.00000000,0
1531173606315,1531173606312,4989530,0.00010521,6.00000000,0
1531173623664,1531173623662,4989531,0.00010509,73.00000000,0
1531173623674,1531173623671,4989532,0.00010520,34.00000000,0
1531173624250,1531173624247,4989533,0.00010521,15.00000000,0
1531173631171,1531173631167,4989534,0.00010521,85.00000000,0
1531173642528,1531173642525,4989535,0.00010528,674.00000000,0
1531173659309,1531173659305,4989536,0.00010522,15.00000000,1
1531173664475,1531173664473,4989537,0.00010525,3584.00000000,0
1531173664485,1531173664481,4989538,0.00010528,1211.00000000,0
1531173666609,1531173666605,4989539,0.00010529,19.00000000,0
1531173668683,1531173668678,4989540,0.00010529,25.00000000,0
1531173683732,1531173683729,4989541,0.00010535,1400.00000000,0
1531173683747,1531173683743,4989542,0.00010541,1187.00000000,0
1531173695359,1531173695355,4989543,0.00010541,15.00000000,1
1531173703765,1531173703762,4989544,0.00010535,1745.00000000,0
1531173703778,1531173703776,4989545,0.00010541,1205.00000000,0
1531173703793,1531173703790,4989546,0.00010541,909.00000000,0
1531173710907,1531173710904,4989547,0.00010542,33.00000000,0
1531173710907,1531173710904,4989548,0.00010543,23.00000000,0
1531173723901,1531173723897,4989549,0.00010541,1614.00000000,1
1531173723927,1531173723924,4989550,0.00010542,603.00000000,0
1531173723948,1531173723945,4989551,0.00010542,1035.00000000,0
1531173727131,1531173727129,4989552,0.00010543,18.00000000,0
1531173743898,1531173743896,4989553,0.00010542,580.00000000,0
1531173754279,1531173754274,4989554,0.00010543,48.00000000,0
1531173762792,1531173762789,4989555,0.00010541,644.00000000,1
1531173762809,1531173762806,4989556,0.00010541,1093.00000000,0
1531173762823,1531173762821,4989557,0.00010542,769.00000000,0
1531173783528,1531173783526,4989558,0.00010542,1483.00000000,1
1531173783543,1531173783541,4989559,0.00010542,1205.00000000,1
1531173783558,1531173783555,4989560,0.00010541,644.00000000,1
1531173785654,1531173785652,4989561,0.00010541,18.00000000,0
1531173803520,1531173803518,4989562,0.00010537,1216.00000000,0
1531173803540,1531173803537,4989563,0.00010533,353.00000000,1
1531173803558,1531173803556,4989564,0.00010533,811.00000000,1
1531173803567,1531173803565,4989565,0.00010541,1075.00000000,0
1531173823404,1531173823401,4989566,0.00010542,256.00000000,1
1531173823422,1531173823418,4989567,0.00010541,662.00000000,1
1531173843845,1531173843842,4989568,0.00010537,1758.00000000,0
1531173843864,1531173843862,4989569,0.00010533,1336.00000000,1
1531173843879,1531173843875,4989570,0.00010533,1465.00000000,1
1531173843905,1531173843903,4989571,0.00010541,1075.00000000,0
1531173862913,1531173862910,4989572,0.00010542,438.00000000,1
1531173862929,1531173862928,4989573,0.00010542,546.00000000,0
1531173862944,1531173862940,4989574,0.00010542,103.00000000,1
1531173862959,1531173862956,4989575,0.00010542,335.00000000,1
1531173862986,1531173862982,4989576,0.00010541,662.00000000,1
1531173881330,1531173881328,4989577,0.00010543,7.00000000,0
1531173883583,1531173883581,4989578,0.00010538,530.00000000,0
1531173883593,1531173883590,4989579,0.00010533,201.00000000,1
1531173884645,1531173884642,4989580,0.00010543,74.00000000,0
1531173903491,1531173903488,4989581,0.00010533,67.00000000,1
1531173903506,1531173903503,4989582,0.00010533,1379.00000000,1
1531173923652,1531173923650,4989583,0.00010538,1301.00000000,0
1531173923666,1531173923664,4989584,0.00010533,205.00000000,1
1531173923680,1531173923677,4989585,0.00010533,1183.00000000,1
1531173943137,1531173943135,4989586,0.00010538,1474.00000000,0
1531173943147,1531173943143,4989587,0.00010533,730.00000000,1
1531173963787,1531173963785,4989588,0.00010538,1498.00000000,0
1531173963803,1531173963799,4989589,0.00010533,10.00000000,1
1531173963818,1531173963815,4989590,0.00010533,1171.00000000,1
1531173983018,1531173983014,4989591,0.00010538,2478.00000000,0
1531173983030,1531173983027,4989592,0.00010533,1377.00000000,1
1531174002778,1531174002775,4989593,0.00010538,685.00000000,0
1531174002793,1531174002790,4989594,0.00010533,180.00000000,1
1531174002807,1531174002804,4989595,0.00010533,394.00000000,1
1531174005867,1531174005864,4989596,0.00010543,11.00000000,0
1531174023697,1531174023693,4989597,0.00010538,4234.00000000,0
1531174023716,1531174023713,4989598,0.00010533,1491.00000000,1
1531174033245,1531174033241,4989599,0.00010543,479.00000000,0
1531174043826,1531174043822,4989600,0.00010538,656.00000000,0
1531174043839,1531174043836,4989601,0.00010533,278.00000000,1
1531174062947,1531174062943,4989602,0.00010538,2605.00000000,0
1531174062955,1531174062952,4989603,0.00010533,944.00000000,1
1531174083380,1531174083377,4989604,0.00010538,2189.00000000,0
1531174083396,1531174083394,4989605,0.00010533,1345.00000000,1
1531174083418,1531174083415,4989606,0.00010533,1230.00000000,1
1531174103860,1531174103858,4989607,0.00010533,1219.00000000,1
1531174103886,1531174103884,4989608,0.00010533,442.00000000,1
1531174122815,1531174122813,4989609,0.00010538,2561.00000000,0
1531174122825,1531174122823,4989610,0.00010533,902.00000000,1
1531174143892,1531174143891,4989611,0.00010538,2142.00000000,0
1531174143904,1531174143902,4989612,0.00010533,443.00000000,1
1531174143926,1531174143924,4989613,0.00010533,1040.00000000,1
1531174163111,1531174163107,4989614,0.00010538,1480.00000000,0
1531174163128,1531174163124,4989615,0.00010533,1038.00000000,1
1531174163151,1531174163148,4989616,0.00010533,949.00000000,1
1531174183287,1531174183285,4989617,0.00010538,882.00000000,0
1531174183300,1531174183297,4989618,0.00010533,773.00000000,1
1531174183325,1531174183321,4989619,0.00010533,588.00000000,1
1531174194833,1531174194829,4989620,0.00010532,72.00000000,1
1531174194833,1531174194829,4989621,0.00010515,76.00000000,1
1531174194833,1531174194829,4989622,0.00010510,72.00000000,1
1531174194833,1531174194829,4989623,0.00010504,12.00000000,1
1531174194833,1531174194829,4989624,0.00010500,36.00000000,1
1531174209088,1531174209085,4989625,0.00010500,31.00000000,0
1531174283897,1531174283894,4989626,0.00010490,374.00000000,1
1531174283917,1531174283915,4989627,0.00010490,54.00000000,1
1531174302610,1531174302607,4989628,0.00010494,423.00000000,0
1531174302622,1531174302620,4989629,0.00010490,336.00000000,1
1531174323603,1531174323600,4989630,0.00010494,3717.00000000,0
1531174323613,1531174323611,4989631,0.00010490,83.00000000,1
1531174323639,1531174323637,4989632,0.00010490,1387.00000000,1
1531174343355,1531174343352,4989633,0.00010494,1795.00000000,0
1531174343365,1531174343363,4989634,0.00010490,1428.00000000,1
1531174343385,1531174343383,4989635,0.00010490,675.00000000,1
1531174363272,1531174363270,4989636,0.00010495,2985.00000000,0
1531174363284,1531174363282,4989637,0.00010491,497.00000000,1
1531174363306,1531174363303,4989638,0.00010491,1478.00000000,1
1531174382950,1531174382946,4989639,0.00010495,294.00000000,0
1531174382960,1531174382956,4989640,0.00010491,413.00000000,1
1531174382980,1531174382977,4989641,0.00010491,189.00000000,1
1531174422466,1531174422463,4989642,0.00010499,36.00000000,0
1531174422466,1531174422463,4989643,0.00010500,195.00000000,0
1531174422476,1531174422472,4989644,0.00010500,56.00000000,0
1531174443759,1531174443757,4989645,0.00010495,1039.00000000,1
1531174443774,1531174443773,4989646,0.00010495,648.00000000,1
1531174462605,1531174462602,4989647,0.00010497,280.00000000,0
1531174462621,1531174462619,4989648,0.00010495,100.00000000,1
1531174462631,1531174462628,4989649,0.00010495,103.00000000,1
1531174483851,1531174483848,4989650,0.00010497,873.00000000,0
1531174483865,1531174483863,4989651,0.00010495,553.00000000,1
1531174503499,1531174503496,4989652,0.00010497,1638.00000000,0
1531174503518,1531174503516,4989653,0.00010495,952.00000000,1
1531174503540,1531174503537,4989654,0.00010495,630.00000000,1
1531174522566,1531174522562,4989655,0.00010497,184.00000000,0
1531174522578,1531174522576,4989656,0.00010495,97.00000000,1
1531174538038,1531174538036,4989657,0.00010494,19.00000000,1
1531174538093,1531174538091,4989658,0.00010490,34.00000000,1
1531174538093,1531174538091,4989659,0.00010488,72.00000000,1
1531174538093,1531174538091,4989660,0.00010473,28.00000000,1
1531174563061,1531174563059,4989661,0.00010488,3628.00000000,0
1531174563072,1531174563069,4989662,0.00010477,1226.00000000,1
1531174582865,1531174582863,4989663,0.00010488,1640.00000000,0
1531174582879,1531174582878,4989664,0.00010478,1094.00000000,1
1531174582897,1531174582894,4989665,0.00010478,1282.00000000,1
1531174603008,1531174603005,4989666,0.00010488,1934.00000000,0
1531174603022,1531174603020,4989667,0.00010478,1204.00000000,1
1531174603042,1531174603038,4989668,0.00010478,667.00000000,1
1531174618913,1531174618911,4989669,0.00010468,12.00000000,0
1531174623139,1531174623137,4989670,0.00010472,2255.00000000,0
1531174623156,1531174623153,4989671,0.00010467,881.00000000,1
1531174643564,1531174643560,4989672,0.00010473,56.00000000,0
1531174643583,1531174643580,4989673,0.00010468,26.00000000,1
1531174663049,1531174663045,4989674,0.00010473,176.00000000,0
1531174663065,1531174663063,4989675,0.00010468,614.00000000,1
