event_time,trade_time,trade_id,price,quantity,maker
1531160299555,1531160299553,1720212,0.00012210,6.12000000,0
1531160744840,1531160744838,1720213,0.00012200,8.28000000,0
1531160767019,1531160767016,1720214,0.00012200,12.72000000,0
1531160767019,1531160767016,1720215,0.00012210,17.28000000,0
1531160878551,1531160878547,1720216,0.00012180,9.22000000,1
1531160968978,1531160968974,1720217,0.00012210,62.43000000,0
1531160968978,1531160968974,1720218,0.00012230,50.00000000,0
1531160968978,1531160968974,1720219,0.00012250,30.00000000,0
1531160968978,1531160968974,1720220,0.00012260,365.52000000,0
1531160968978,1531160968974,1720221,0.00012270,9.71000000,0
1531161056319,1531161056314,1720222,0.00012240,50.00000000,0
1531161056319,1531161056314,1720223,0.00012260,67.73000000,0
1531161056319,1531161056314,1720224,0.00012270,266.92000000,0
1531161087987,1531161087983,1720225,0.00012260,8.24000000,0
1531161106131,1531161106127,1720226,0.00012260,50.00000000,0
1531161106131,1531161106127,1720227,0.00012270,238.53000000,0
1531161157532,1531161157527,1720228,0.00012260,150.43000000,0
1531161157572,1531161157568,1720229,0.00012260,50.00000000,1
1531161157585,1531161157581,1720230,0.00012260,8.88000000,1
1531161193881,1531161193876,1720231,0.00012260,52.28000000,1
1531161238987,1531161238983,1720232,0.00012260,1755.16000000,1
1531161238987,1531161238983,1720233,0.00012240,8.17000000,1
1531161238987,1531161238983,1720234,0.00012230,52.95000000,1
1531161263282,1531161263278,1720235,0.00012230,13.31000000,1
1531161270338,1531161270336,1720236,0.00012230,10.29000000,1
1531161398858,1531161398857,1720237,0.00012270,81.49000000,0
1531161447802,1531161447798,1720238,0.00012230,50.00000000,1
1531161457129,1531161457124,1720239,0.00012220,12.13000000,1
1531161509926,1531161509923,1720240,0.00012220,5.67000000,1
1531161517370,1531161517366,1720241,0.00012210,5.11000000,1
1531161538957,1531161538951,1720242,0.00012220,194.13000000,0
1531161725359,1531161725354,1720243,0.00012220,20.25000000,1
1531161767368,1531161767364,1720244,0.00012220,147.90000000,1
1531161862226,1531161862222,1720245,0.00012210,3.58000000,1
1531161862226,1531161862222,1720246,0.00012200,118.06000000,1
1531161876382,1531161876376,1720247,0.00012190,9.22000000,1
1531161876382,1531161876376,1720248,0.00012180,59.58000000,1
1531161876382,1531161876376,1720249,0.00012170,68.23000000,1
1531161876382,1531161876376,1720250,0.00012160,9.80000000,1
1531161876382,1531161876376,1720251,0.00012140,10.40000000,1
1531161876382,1531161876376,1720252,0.00012120,723.10000000,1
1531161876396,1531161876389,1720253,0.00012120,35.22000000,0
1531161876396,1531161876389,1720254,0.00012120,829.64000000,0
1531161876420,1531161876417,1720255,0.00012220,35.22000000,0
1531161878297,1531161878293,1720256,0.00012140,35.00000000,1
1531161990503,1531161990500,1720257,0.00012190,26.63000000,0
1531161993454,1531161993449,1720258,0.00012190,8.37000000,0
1531161993454,1531161993449,1720259,0.00012200,136.43000000,0
1531162004724,1531162004720,1720260,0.00012230,21.98000000,0
1531162050739,1531162050734,1720261,0.00012220,109.81000000,0
1531162114353,1531162114348,1720262,0.00012190,50.00000000,1
1531162197203,1531162197199,1720263,0.00012180,118.18000000,1
1531162199217,1531162199211,1720264,0.00012210,67.89000000,0
1531162208661,1531162208656,1720265,0.00012210,368.30000000,0
1531162228018,1531162228014,1720266,0.00012210,100.41000000,0
1531162228019,1531162228015,1720267,0.00012210,106.71000000,0
1531162260670,1531162260669,1720268,0.00012210,155.07000000,0
1531162273940,1531162273935,1720269,0.00012210,116.56000000,0
1531162301157,1531162301154,1720270,0.00012220,49.89000000,0
1531162323705,1531162323700,1720271,0.00012220,49.91000000,0
1531162327870,1531162327865,1720272,0.00012220,0.09000000,0
1531162358926,1531162358921,1720273,0.00012230,40.00000000,0
1531162466080,1531162466075,1720274,0.00012240,545.31000000,0
1531162490019,1531162490013,1720275,0.00012240,479.68000000,0
1531162494145,1531162494141,1720276,0.00012240,49.91000000,0
1531162497644,1531162497641,1720277,0.00012240,0.09000000,0
1531162624211,1531162624205,1720278,0.00012250,108.66000000,0
1531162639633,1531162639631,1720279,0.00012250,307.45000000,0
1531162713449,1531162713444,1720280,0.00012260,8.24000000,0
1531162749949,1531162749945,1720281,0.00012240,28.07000000,1
1531162769020,1531162769016,1720282,0.00012260,110.32000000,0
1531162907494,1531162907487,1720283,0.00012260,0.10000000,0
1531162907527,1531162907522,1720284,0.00012270,59.49000000,0
1531163095322,1531163095316,1720285,0.00012270,8.23000000,0
1531163107794,1531163107788,1720286,0.00012270,138.57000000,0
1531163112320,1531163112317,1720287,0.00012270,8.23000000,0
1531163180020,1531163180015,1720288,0.00012270,216.35000000,0
1531163188732,1531163188729,1720289,0.00012270,24.68000000,0
1531163375501,1531163375498,1720290,0.00012270,315.00000000,0
1531163450915,1531163450910,1720291,0.00012260,43.90000000,0
1531163624245,1531163624239,1720292,0.00012260,10.00000000,0
1531163696121,1531163696113,1720293,0.00012260,570.26000000,0
1531163696121,1531163696113,1720294,0.00012270,424.11000000,0
1531163696121,1531163696113,1720295,0.00012280,5.63000000,0
1531163850424,1531163850418,1720296,0.00012250,9.00000000,1
1531164047304,1531164047298,1720297,0.00012260,450.48000000,1
1531164133269,1531164133265,1720298,0.00012260,53.02000000,1
1531164133269,1531164133265,1720299,0.00012250,11.33000000,1
1531164806239,1531164806234,1720300,0.00012280,1491.15000000,0
1531164806826,1531164806820,1720301,0.00012280,182.00000000,1
1531164806889,1531164806882,1720302,0.00012280,0.40000000,1
1531164806889,1531164806882,1720303,0.00012250,50.00000000,1
1531164806889,1531164806882,1720304,0.00012240,9.60000000,1
1531165093628,1531165093622,1720305,0.00012250,152.75000000,1
1531165122261,1531165122256,1720306,0.00012250,111.25000000,1
1531165126246,1531165126241,1720307,0.00012290,14.98000000,0
1531165219528,1531165219522,1720308,0.00012290,50.00000000,0
1531165219528,1531165219522,1720309,0.00012300,290.35000000,0
1531165219528,1531165219522,1720310,0.00012310,459.65000000,0
1531165279780,1531165279773,1720311,0.00012260,257.87000000,1
1531165279812,1531165279806,1720312,0.00012240,3.18000000,1
1531165279825,1531165279819,1720313,0.00012220,16.87000000,1
1531165279825,1531165279819,1720314,0.00012210,40.96000000,1
1531165279825,1531165279819,1720315,0.00012200,9.21000000,1
1531165279825,1531165279819,1720316,0.00012190,110.65000000,1
1531165279825,1531165279819,1720317,0.00012170,80.18000000,1
1531165280116,1531165280109,1720318,0.00012240,51.64000000,0
1531165283638,1531165283633,1720319,0.00012220,35.00000000,1
1531165289531,1531165289526,1720320,0.00012220,15.00000000,1
1531165305732,1531165305726,1720321,0.00012200,103.56000000,1
1531165306826,1531165306820,1720322,0.00012200,50.00000000,1
1531165308949,1531165308943,1720323,0.00012190,50.00000000,0
1531165324537,1531165324531,1720324,0.00012190,1.64000000,0
1531165352776,1531165352770,1720325,0.00012190,16.27000000,1
1531165352776,1531165352770,1720326,0.00012180,18.73000000,1
1531165406198,1531165406194,1720327,0.00012200,8.79000000,0
1531165419881,1531165419877,1720328,0.00012200,8.19000000,0
1531165455136,1531165455130,1720329,0.00012200,10.58000000,0
1531165462005,1531165461999,1720330,0.00012200,8.19000000,0
1531165694407,1531165694402,1720331,0.00012200,35.14000000,0
1531165754594,1531165754587,1720332,0.00012190,13.74000000,0
1531165754614,1531165754606,1720333,0.00012190,7.24000000,1
1531165754642,1531165754636,1720334,0.00012190,60.13000000,1
1531165783213,1531165783208,1720335,0.00012190,85.00000000,1
1531165787672,1531165787669,1720336,0.00012190,35.00000000,1
1531166078325,1531166078319,1720337,0.00012200,30.88000000,0
1531166106355,1531166106349,1720338,0.00012210,16.40000000,0
1531166136240,1531166136234,1720339,0.00012200,65.64000000,1
1531166136240,1531166136234,1720340,0.00012190,138.69000000,1
1531166245127,1531166245121,1720341,0.00012210,85.76000000,0
1531166263490,1531166263484,1720342,0.00012190,10.00000000,1
1531166264126,1531166264119,1720343,0.00012210,102.12000000,0
1531166269661,1531166269657,1720344,0.00012210,102.25000000,1
1531166277261,1531166277255,1720345,0.00012210,101.62000000,1
1531166285254,1531166285250,1720346,0.00012210,102.16000000,1
1531166292944,1531166292938,1720347,0.00012210,101.68000000,1
1531166298148,1531166298142,1720348,0.00012210,13.00000000,1
1531166303378,1531166303373,1720349,0.00012210,102.35000000,1
1531166311157,1531166311149,1720350,0.00012210,102.43000000,1
1531166320595,1531166320588,1720351,0.00012210,56.20000000,1
1531166355690,1531166355688,1720352,0.00012210,94.87000000,1
1531166355709,1531166355702,1720353,0.00012210,156.33000000,1
1531166357195,1531166357189,1720354,0.00012190,133.99000000,1
1531166365971,1531166365966,1720355,0.00012190,35.00000000,1
1531166518009,1531166518003,1720356,0.00012190,344.21000000,1
1531166804013,1531166804009,1720357,0.00012210,17.91000000,0
1531166804013,1531166804009,1720358,0.00012220,19.09000000,0
1531166840999,1531166840993,1720359,0.00012250,248.86000000,0
1531166840999,1531166840993,1720360,0.00012260,69.63000000,0
1531166841013,1531166841008,1720361,0.00012260,56.19000000,1
1531166914520,1531166914512,1720362,0.00012280,121.24000000,0
1531166914520,1531166914512,1720363,0.00012290,241.54000000,0
1531166970236,1531166970234,1720364,0.00012290,837.45000000,0
1531167077411,1531167077405,1720365,0.00012300,77.93000000,0
1531167105930,1531167105923,1720366,0.00012300,1151.03000000,0
1531167110993,1531167110992,1720367,0.00012270,8.21000000,1
1531167163602,1531167163598,1720368,0.00012280,29.00000000,1
1531167232131,1531167232126,1720369,0.00012300,30.20000000,1
1531167233409,1531167233405,1720370,0.00012300,51.98000000,1
1531167233823,1531167233817,1720371,0.00012300,30.20000000,1
1531167234082,1531167234081,1720372,0.00012300,32.13000000,1
1531167235479,1531167235473,1720373,0.00012300,26.50000000,1
1531167237615,1531167237609,1720374,0.00012300,26.50000000,1
1531167237791,1531167237785,1720375,0.00012300,228.19000000,1
1531167241721,1531167241716,1720376,0.00012300,21.45000000,1
1531167241721,1531167241716,1720377,0.00012290,67.57000000,1
1531167241721,1531167241716,1720378,0.00012280,247.28000000,1
1531167246193,1531167246187,1720379,0.00012280,71.82000000,1
1531167247377,1531167247374,1720380,0.00012280,71.82000000,1
1531167278763,1531167278757,1720381,0.00012320,40.97000000,0
1531167288293,1531167288287,1720382,0.00012280,8.18000000,1
1531167305804,1531167305798,1720383,0.00012330,40.93000000,0
1531167305805,1531167305798,1720384,0.00012330,74.70000000,0
1531167305805,1531167305798,1720385,0.00012340,10.30000000,0
1531167384367,1531167384361,1720386,0.00012330,45.70000000,0
1531167390586,1531167390582,1720387,0.00012280,8.19000000,1
1531167412884,1531167412879,1720388,0.00012330,50.00000000,0
1531167478196,1531167478196,1720389,0.00012290,63.84000000,1
1531167481234,1531167481227,1720390,0.00012340,240.00000000,0
1531167482153,1531167482147,1720391,0.00012300,60.90000000,1
1531167483018,1531167483012,1720392,0.00012300,185.66000000,1
1531167484287,1531167484286,1720393,0.00012300,60.90000000,1
1531167485798,1531167485792,1720394,0.00012300,196.45000000,1
1531167486324,1531167486321,1720395,0.00012300,60.90000000,1
1531167487964,1531167487958,1720396,0.00012290,17.10000000,1
1531167488942,1531167488942,1720397,0.00012290,196.45000000,1
1531167526220,1531167526214,1720398,0.00012330,50.00000000,0
1531167526220,1531167526214,1720399,0.00012340,210.40000000,0
1531167535584,1531167535583,1720400,0.00012340,4.48000000,0
1531167537338,1531167537336,1720401,0.00012300,463.49000000,1
1531167539761,1531167539757,1720402,0.00012300,438.64000000,1
1531167582950,1531167582949,1720403,0.00012300,89.02000000,1
1531167887110,1531167887110,1720404,0.00012280,267.44000000,1
1531167984484,1531167984478,1720405,0.00012280,38.14000000,1
1531167994010,1531167994007,1720406,0.00012280,14.58000000,1
1531168090435,1531168090431,1720407,0.00012280,103.56000000,1
1531168162310,1531168162306,1720408,0.00012330,30.00000000,0
1531168202103,1531168202098,1720409,0.00012330,25.15000000,0
1531168202142,1531168202138,1720410,0.00012280,13.47000000,1
1531168231850,1531168231846,1720411,0.00012330,109.55000000,0
1531168231850,1531168231846,1720412,0.00012350,126.75000000,0
1531168244308,1531168244302,1720413,0.00012300,64.86000000,1
1531168256994,1531168256990,1720414,0.00012340,8.18000000,0
1531168333561,1531168333556,1720415,0.00012290,67.79000000,1
1531168341436,1531168341431,1720416,0.00012290,52.37000000,0
1531168346214,1531168346208,1720417,0.00012290,43.01000000,0
1531168543373,1531168543368,1720418,0.00012290,7.68000000,0
1531168543373,1531168543368,1720419,0.00012300,26.32000000,0
1531168555350,1531168555343,1720420,0.00012290,31.68000000,1
1531168648324,1531168648316,1720421,0.00012290,12.58000000,1
1531168649449,1531168649442,1720422,0.00012300,50.00000000,1
1531168649473,1531168649466,1720423,0.00012290,5.74000000,1
1531168649473,1531168649466,1720424,0.00012280,44.26000000,1
1531168700198,1531168700192,1720425,0.00012290,50.00000000,1
1531168700198,1531168700192,1720426,0.00012280,61.38000000,1
1531168723245,1531168723239,1720427,0.00012280,320.21000000,0
1531168740144,1531168740138,1720428,0.00012280,68.35000000,0
1531168945775,1531168945769,1720429,0.00012300,41.41000000,0
1531168945775,1531168945769,1720430,0.00012330,29.40000000,0
1531168948079,1531168948073,1720431,0.00012290,43.42000000,1
1531168949534,1531168949532,1720432,0.00012290,50.00000000,1
1531168949899,1531168949894,1720433,0.00012290,50.00000000,1
1531168950251,1531168950222,1720434,0.00012290,64.91000000,1
1531168988574,1531168988568,1720435,0.00012330,114.00000000,0
1531168997472,1531168997466,1720436,0.00012330,50.00000000,0
1531168998075,1531168998070,1720437,0.00012290,50.00000000,1
1531169003938,1531169003933,1720438,0.00012330,50.00000000,0
1531169016445,1531169016440,1720439,0.00012280,8.19000000,1
1531169017754,1531169017749,1720440,0.00012320,402.00000000,0
1531169029842,1531169029835,1720441,0.00012290,50.00000000,1
1531169150753,1531169150747,1720442,0.00012320,0.09000000,0
1531169150753,1531169150747,1720443,0.00012330,50.00000000,0
1531169150753,1531169150747,1720444,0.00012340,31.07000000,0
1531169151121,1531169151116,1720445,0.00012290,50.00000000,1
1531169153185,1531169153182,1720446,0.00012290,50.00000000,1
1531169161972,1531169161966,1720447,0.00012320,203.74000000,0
1531169161972,1531169161966,1720448,0.00012340,82.26000000,0
1531169172868,1531169172862,1720449,0.00012330,50.00000000,0
1531169181698,1531169181693,1720450,0.00012290,37.50000000,1
1531169188915,1531169188909,1720451,0.00012340,154.00000000,0
1531169196888,1531169196882,1720452,0.00012340,50.00000000,0
1531169201835,1531169201832,1720453,0.00012340,50.00000000,0
1531169207108,1531169207103,1720454,0.00012340,50.00000000,0
1531169220252,1531169220246,1720455,0.00012340,49.00000000,0
1531169244926,1531169244920,1720456,0.00012340,1.00000000,0
1531169244926,1531169244920,1720457,0.00012350,156.19000000,0
1531169257379,1531169257374,1720458,0.00012350,176.26000000,0
1531169258253,1531169258247,1720459,0.00012350,50.00000000,0
1531169283984,1531169283978,1720460,0.00012350,477.48000000,0
1531169283984,1531169283978,1720461,0.00012360,322.52000000,0
1531169284864,1531169284858,1720462,0.00012350,14.00000000,1
1531169285170,1531169285167,1720463,0.00012350,53.78000000,1
1531169285232,1531169285228,1720464,0.00012350,409.22000000,1
1531169293182,1531169293177,1720465,0.00012350,90.00000000,0
1531169357105,1531169357068,1720466,0.00012350,0.59000000,0
1531169357106,1531169357082,1720467,0.00012350,53.73000000,1
1531169357136,1531169357130,1720468,0.00012310,53.73000000,1
1531169378030,1531169378024,1720469,0.00012360,574.71000000,0
1531169429119,1531169429113,1720470,0.00012360,8.17000000,0
1531169438948,1531169438942,1720471,0.00012360,29.86000000,0
1531169504243,1531169504237,1720472,0.00012310,90.00000000,1
1531169518261,1531169518255,1720473,0.00012310,206.26000000,1
1531169520236,1531169520231,1720474,0.00012290,15.65000000,1
1531169520237,1531169520231,1720475,0.00012290,17.10000000,1
1531169739843,1531169739839,1720476,0.00012280,16.46000000,1
1531170055460,1531170055455,1720477,0.00012340,50.00000000,0
1531170056622,1531170056617,1720478,0.00012320,50.00000000,1
1531170057233,1531170057227,1720479,0.00012320,50.00000000,1
1531170057239,1531170057235,1720480,0.00012290,50.00000000,1
1531170057758,1531170057755,1720481,0.00012320,50.00000000,1
1531170058612,1531170058606,1720482,0.00012320,50.00000000,1
1531170070012,1531170070006,1720483,0.00012320,50.00000000,1
1531170072000,1531170071994,1720484,0.00012320,50.00000000,1
1531170102980,1531170102975,1720485,0.00012320,50.00000000,1
1531170104202,1531170104197,1720486,0.00012320,50.00000000,1
1531170112178,1531170112173,1720487,0.00012340,19.10000000,0
1531170117565,1531170117561,1720488,0.00012320,50.00000000,1
1531170131173,1531170131166,1720489,0.00012320,50.00000000,1
1531170131201,1531170131196,1720490,0.00012310,50.00000000,1
1531170265263,1531170265256,1720491,0.00012310,14.81000000,1
1531170265263,1531170265256,1720492,0.00012300,50.00000000,1
1531170265263,1531170265256,1720493,0.00012240,657.05000000,1
1531170265263,1531170265256,1720494,0.00012220,24.55000000,1
1531170265263,1531170265256,1720495,0.00012210,71.43000000,1
1531170265263,1531170265256,1720496,0.00012200,19.68000000,1
1531170265876,1531170265872,1720497,0.00012260,35.00000000,0
1531170268116,1531170268110,1720498,0.00012250,35.00000000,1
1531170272185,1531170272180,1720499,0.00012250,9.68000000,1
1531170598296,1531170598290,1720500,0.00012260,50.00000000,1
1531170598296,1531170598290,1720501,0.00012250,950.00000000,1
1531170649542,1531170649537,1720502,0.00012290,64.91000000,0
1531170649542,1531170649537,1720503,0.00012300,50.00000000,0
1531170649542,1531170649537,1720504,0.00012310,101.93000000,0
1531170649542,1531170649537,1720505,0.00012330,49.07000000,0
1531170649542,1531170649537,1720506,0.00012340,373.45000000,0
1531170649542,1531170649537,1720507,0.00012360,340.64000000,0
1531170660179,1531170660172,1720508,0.00012320,8.17000000,0
1531170667257,1531170667251,1720509,0.00012280,64.96000000,1
1531170667257,1531170667251,1720510,0.00012270,50.00000000,1
1531170667257,1531170667251,1720511,0.00012260,415.03000000,1
1531170667257,1531170667251,1720512,0.00012250,470.01000000,1
1531170771719,1531170771714,1720513,0.00012260,18.04000000,1
1531170838105,1531170838101,1720514,0.00012260,49.97000000,0
1531170838589,1531170838584,1720515,0.00012260,0.03000000,0
1531170838589,1531170838584,1720516,0.00012280,34.97000000,0
1531170847337,1531170847331,1720517,0.00012270,49.95000000,0
1531170862448,1531170862443,1720518,0.00012270,41.13000000,0
1531170944669,1531170944665,1720519,0.00012260,35.00000000,0
1531170950159,1531170950155,1720520,0.00012260,35.00000000,0
1531171054795,1531171054789,1720521,0.00012250,8.64000000,1
1531171125729,1531171125695,1720522,0.00012250,796.80000000,1
1531171125729,1531171125695,1720523,0.00012230,85.23000000,1
1531171125729,1531171125695,1720524,0.00012200,8.20000000,1
1531171125729,1531171125695,1720525,0.00012150,453.09000000,1
1531171125729,1531171125695,1720526,0.00012140,97.04000000,1
1531171126575,1531171126570,1720527,0.00012190,50.00000000,0
1531171126731,1531171126727,1720528,0.00012190,35.11000000,0
1531171129091,1531171129088,1720529,0.00012180,8.20000000,0
1531171129292,1531171129287,1720530,0.00012150,35.00000000,1
1531171130320,1531171130315,1720531,0.00012170,50.00000000,1
1531171149219,1531171149214,1720532,0.00012150,29.83000000,1
1531171168433,1531171168428,1720533,0.00012150,91.25000000,1
1531171168433,1531171168428,1720534,0.00012130,108.75000000,1
1531171237145,1531171237140,1720535,0.00012130,43.28000000,1
1531171237145,1531171237140,1720536,0.00012120,544.28000000,1
1531171238772,1531171238766,1720537,0.00012160,49.91000000,0
1531171241917,1531171241912,1720538,0.00012120,49.91000000,1
1531171288241,1531171288238,1720539,0.00012160,8.25000000,0
1531171364964,1531171364958,1720540,0.00012160,50.00000000,0
1531171435743,1531171435738,1720541,0.00012170,14.00000000,0
1531171470326,1531171470322,1720542,0.00012150,110.77000000,1
1531171478187,1531171478183,1720543,0.00012140,101.98000000,1
1531171486316,1531171486310,1720544,0.00012140,2.61000000,1
1531171499136,1531171499132,1720545,0.00012140,24.90000000,0
1531171499432,1531171499428,1720546,0.00012140,34.68000000,0
1531171499486,1531171499481,1720547,0.00012140,39.73000000,0
1531171499486,1531171499481,1720548,0.00012160,59.58000000,0
1531171534479,1531171534474,1720549,0.00012110,49.95000000,1
1531171551180,1531171551174,1720550,0.00012140,50.00000000,0
1531171552685,1531171552681,1720551,0.00012140,24.36000000,0
1531171552938,1531171552934,1720552,0.00012150,25.64000000,1
1531171553481,1531171553476,1720553,0.00012150,24.36000000,0
1531171554256,1531171554252,1720554,0.00012150,50.00000000,0
1531171589585,1531171589580,1720555,0.00012120,16.67000000,1
1531171778615,1531171778611,1720556,0.00012120,120.99000000,1
1531171829178,1531171829172,1720557,0.00012100,57.42000000,1
1531171832997,1531171832992,1720558,0.00012110,17.09000000,0
1531171834202,1531171834198,1720559,0.00012110,187.17000000,0
1531171834202,1531171834198,1720560,0.00012120,312.83000000,0
1531172079373,1531172079368,1720561,0.00012110,166.13000000,1
1531172079373,1531172079368,1720562,0.00012100,1291.65000000,1
1531172103254,1531172103250,1720563,0.00012090,35.00000000,0
1531172121972,1531172121967,1720564,0.00012090,17.12000000,0
1531172126470,1531172126464,1720565,0.00012090,50.00000000,0
1531172198343,1531172198339,1720566,0.00012100,19.05000000,0
1531172286052,1531172286048,1720567,0.00012100,40.13000000,0
1531172409294,1531172409291,1720568,0.00012100,26.65000000,0
1531172409528,1531172409524,1720569,0.00012100,42.44000000,0
1531172422654,1531172422650,1720570,0.00012110,50.00000000,0
1531172427152,1531172427148,1720571,0.00012100,434.10000000,1
1531172441380,1531172441376,1720572,0.00012080,25.12000000,1
1531172462848,1531172462844,1720573,0.00012100,100.00000000,0
1531172467095,1531172467092,1720574,0.00012080,411.53000000,1
1531172583890,1531172583886,1720575,0.00012080,564.71000000,1
1531172592179,1531172592176,1720576,0.00012070,83.00000000,1
1531172592179,1531172592176,1720577,0.00012060,84.17000000,1
1531172592521,1531172592517,1720578,0.00012060,199.49000000,0
1531172592706,1531172592702,1720579,0.00012100,60.00000000,0
1531172668801,1531172668797,1720580,0.00012100,30.00000000,0
1531172739645,1531172739639,1720581,0.00012100,654.62000000,0
1531172752722,1531172752718,1720582,0.00012070,22.14000000,1
1531172759518,1531172759512,1720583,0.00012060,372.01000000,1
1531172759518,1531172759512,1720584,0.00012050,992.60000000,1
1531172759518,1531172759512,1720585,0.00012040,472.46000000,1
1531172759518,1531172759512,1720586,0.00012030,2540.82000000,1
1531172783669,1531172783664,1720587,0.00012100,62.80000000,0
1531172783669,1531172783664,1720588,0.00012170,34.17000000,0
1531172783669,1531172783664,1720589,0.00012180,3.73000000,0
1531172783669,1531172783664,1720590,0.00012210,68.88000000,0
1531172787718,1531172787715,1720591,0.00012080,51.16000000,1
1531172789220,1531172789217,1720592,0.00012080,81.95000000,1
1531172821278,1531172821273,1720593,0.00012070,16.74000000,1
1531172924706,1531172924703,1720594,0.00012080,4.00000000,0
1531172932686,1531172932682,1720595,0.00012080,149.08000000,0
1531173024317,1531173024313,1720596,0.00012070,91.00000000,0
1531173027388,1531173027384,1720597,0.00012070,75.10000000,0
1531173032741,1531173032738,1720598,0.00012070,48.90000000,1
1531173120472,1531173120469,1720599,0.00012040,177.92000000,1
1531173156634,1531173156631,1720600,0.00012030,22.08000000,1
1531173185124,1531173185120,1720601,0.00012060,240.60000000,0
1531173208455,1531173208453,1720602,0.00012080,248.33000000,0
1531173208574,1531173208570,1720603,0.00012080,185.34000000,0
1531173223569,1531173223566,1720604,0.00012090,115.99000000,0
1531173366583,1531173366580,1720605,0.00012080,66.04000000,1
1531173366583,1531173366580,1720606,0.00012060,140.72000000,1
1531173366583,1531173366580,1720607,0.00012040,403.85000000,1
1531173366583,1531173366580,1720608,0.00012030,579.04000000,1
1531173367588,1531173367584,1720609,0.00012050,34.41000000,1
1531173367850,1531173367845,1720610,0.00012040,0.59000000,0
1531173368605,1531173368601,1720611,0.00012060,34.41000000,1
1531174165450,1531174165448,1720612,0.00012090,41.21000000,0
1531174168542,1531174168540,1720613,0.00012090,24.78000000,0
1531174169680,1531174169678,1720614,0.00012130,10.22000000,1
1531174179404,1531174179402,1720615,0.00012120,35.00000000,0
1531174366320,1531174366316,1720616,0.00012120,484.67000000,0
1531174368890,1531174368886,1720617,0.00012130,50.00000000,0
1531174369792,1531174369790,1720618,0.00012130,50.00000000,0
1531174371783,1531174371781,1720619,0.00012130,50.00000000,0
1531174373855,1531174373853,1720620,0.00012140,131.94000000,0
1531174375780,1531174375778,1720621,0.00012140,115.71000000,0
1531174455760,1531174455758,1720622,0.00012180,50.00000000,0
1531174456910,1531174456907,1720623,0.00012190,50.00000000,0
1531174459844,1531174459842,1720624,0.00012200,66.40000000,0
1531174461838,1531174461836,1720625,0.00012160,402.17000000,1
1531174461838,1531174461836,1720626,0.00012150,82.50000000,1
1531174472959,1531174472957,1720627,0.00012180,39.26000000,1
1531174556826,1531174556823,1720628,0.00012200,10.03000000,1
1531174557062,1531174557060,1720629,0.00012220,24.65000000,0
1531174558708,1531174558706,1720630,0.00012220,111.66000000,0
1531174580077,1531174580073,1720631,0.00012250,8.24000000,0
1531174580321,1531174580319,1720632,0.00012250,16.48000000,0
1531174582609,1531174582593,1720633,0.00012230,8.18000000,1
1531174582609,1531174582593,1720634,0.00012220,50.00000000,1
1531174582609,1531174582593,1720635,0.00012150,111.40000000,1
1531174582675,1531174582672,1720636,0.00012150,8.76000000,1
1531174583660,1531174583658,1720637,0.00012180,34.99000000,0
1531174583688,1531174583685,1720638,0.00012180,0.01000000,0
1531174584183,1531174584181,1720639,0.00012200,34.99000000,1
1531174646866,1531174646863,1720640,0.00012220,58.19000000,1
1531174646866,1531174646863,1720641,0.00012170,172.61000000,1
1531174646866,1531174646863,1720642,0.00012160,65.18000000,1
1531174646866,1531174646863,1720643,0.00012140,2641.82000000,1
1531174647733,1531174647730,1720644,0.00012180,35.00000000,0
1531174648716,1531174648713,1720645,0.00012190,35.00000000,1
1531174651330,1531174651328,1720646,0.00012190,15.00000000,1
1531174657426,1531174657424,1720647,0.00012190,8.19000000,0
1531174677134,1531174677132,1720648,0.00012190,8.19000000,0
1531174683256,1531174683253,1720649,0.00012160,50.00000000,1
1531174683256,1531174683253,1720650,0.00012150,9.62000000,1
1531174698041,1531174698039,1720651,0.00012220,8.19000000,0
1531174784136,1531174784133,1720652,0.00012200,35.00000000,1
1531174784713,1531174784711,1720653,0.00012200,44.00000000,1
1531174863374,1531174863371,1720654,0.00012220,33.04000000,0
1531174884053,1531174884052,1720655,0.00012220,8.26000000,0
1531174899817,1531174899695,1720656,0.00012200,40.99000000,1
1531174902746,1531174902742,1720657,0.00012190,50.00000000,1
1531174909736,1531174909733,1720658,0.00012180,131.96000000,1
1531174938187,1531174938185,1720659,0.00012170,83.01000000,1
1531175077438,1531175077437,1720660,0.00012210,200.00000000,0
1531175226754,1531175226752,1720661,0.00012170,65.55000000,1
1531175227917,1531175227915,1720662,0.00012160,50.00000000,1
1531175235908,1531175235906,1720663,0.00012150,91.16000000,1
1531175256893,1531175256891,1720664,0.00012140,35.00000000,1
1531175270763,1531175270760,1720665,0.00012140,30.71000000,1
1531175400710,1531175400709,1720666,0.00012160,12.35000000,0
1531175536792,1531175536790,1720667,0.00012130,8.25000000,1
1531175544798,1531175544796,1720668,0.00012120,107.08000000,1
1531175546793,1531175546791,1720669,0.00012110,50.00000000,1
1531175566409,1531175566403,1720670,0.00012100,140.32000000,1
1531175566409,1531175566403,1720671,0.00012080,50.00000000,1
1531175566409,1531175566403,1720672,0.00012070,41.43000000,1
1531175566409,1531175566403,1720673,0.00012060,50.14000000,1
1531175566409,1531175566403,1720674,0.00012050,41.50000000,1
1531175566409,1531175566403,1720675,0.00012030,814.25000000,1
1531175566409,1531175566403,1720676,0.00012020,3125.80000000,1
1531175566409,1531175566403,1720677,0.00012010,1260.78000000,1
1531175566409,1531175566403,1720678,0.00012000,2605.86000000,1
1531175567979,1531175567976,1720679,0.00012060,38.33000000,0
1531175568639,1531175568636,1720680,0.00012060,38.33000000,0
1531175568895,1531175568893,1720681,0.00012060,35.59000000,0
1531175569278,1531175569276,1720682,0.00012060,35.04000000,0
1531175570944,1531175570942,1720683,0.00012040,50.00000000,1
1531175571792,1531175571790,1720684,0.00012000,35.00000000,1
1531175572344,1531175572342,1720685,0.00012030,63.43000000,0
1531175572925,1531175572923,1720686,0.00012030,8.45000000,0
1531175573137,1531175573136,1720687,0.00012030,8.45000000,0
1531175573773,1531175573770,1720688,0.00012030,33.33000000,0
1531175573886,1531175573883,1720689,0.00012030,88.51000000,0
1531175574172,1531175574169,1720690,0.00012030,49.54000000,1
1531175574750,1531175574749,1720691,0.00012030,48.91000000,0
1531175575421,1531175575419,1720692,0.00012030,88.51000000,0
1531175580539,1531175580536,1720693,0.00012030,92.05000000,0
1531175581036,1531175581034,1720694,0.00012030,69.16000000,0
1531175581283,1531175581281,1720695,0.00012030,69.16000000,0
1531175581519,1531175581517,1720696,0.00012030,259.69000000,0
1531175582861,1531175582859,1720697,0.00012030,35.44000000,0
1531175582861,1531175582859,1720698,0.00012040,30.83000000,0
1531175583781,1531175583778,1720699,0.00012040,85.43000000,0
1531175600088,1531175600085,1720700,0.00012080,8.78000000,0
1531175600941,1531175600940,1720701,0.00012060,50.00000000,0
1531175613816,1531175613814,1720702,0.00012080,26.22000000,0
1531175629093,1531175629091,1720703,0.00012040,16.78000000,1
1531175629788,1531175629786,1720704,0.00012060,8.27000000,0
1531175672822,1531175672820,1720705,0.00012060,41.73000000,0
1531175680472,1531175680470,1720706,0.00012040,49.48000000,1
1531175680472,1531175680470,1720707,0.00012000,1191.28000000,1
1531175736190,1531175736188,1720708,0.00012030,28.51000000,1
1531175748834,1531175748832,1720709,0.00012030,148.93000000,0
1531175847794,1531175847791,1720710,0.00012000,57.42000000,1
1531175878845,1531175878844,1720711,0.00012040,15.25000000,0
1531175903694,1531175903692,1720712,0.00012000,65.18000000,1
1531175995112,1531175995110,1720713,0.00012000,8.04000000,1
1531176046469,1531176046468,1720714,0.00012000,331.32000000,1
1531176159089,1531176159088,1720715,0.00012030,9.79000000,0
1531176315032,1531176315028,1720716,0.00012030,50.00000000,0
1531176315032,1531176315028,1720717,0.00012040,66.26000000,0
1531176315032,1531176315028,1720718,0.00012100,11.63000000,0
1531176315032,1531176315028,1720719,0.00012130,12.30000000,0
1531176315032,1531176315028,1720720,0.00012140,338.62000000,0
1531176315051,1531176315050,1720721,0.00012140,35.00000000,1
1531176315051,1531176315050,1720722,0.00012140,34.98000000,1
1531176315058,1531176315056,1720723,0.00012140,60.13000000,1
1531176315893,1531176315892,1720724,0.00012140,36.75000000,1
1531176315912,1531176315911,1720725,0.00012140,19.23000000,1
1531176316879,1531176316877,1720726,0.00012050,23.50000000,0
1531176323568,1531176323567,1720727,0.00012080,35.00000000,0
1531176323597,1531176323596,1720728,0.00012080,31.03000000,0
1531176323614,1531176323612,1720729,0.00012080,0.01000000,0
1531176325143,1531176325141,1720730,0.00012100,35.00000000,0
1531176327402,1531176327400,1720731,0.00012050,35.00000000,1
1531176414662,1531176414658,1720732,0.00012050,50.00000000,1
1531176419270,1531176419269,1720733,0.00012050,99.95000000,1
1531176422978,1531176422976,1720734,0.00012050,100.04000000,1
1531176428081,1531176428079,1720735,0.00012050,100.00000000,1
1531176435694,1531176435693,1720736,0.00012050,37.22000000,1
1531176443512,1531176443511,1720737,0.00012050,14.02000000,1
1531176514195,1531176514194,1720738,0.00012050,252.72000000,1
1531176514204,1531176514201,1720739,0.00012050,121.24000000,1
1531176515194,1531176515191,1720740,0.00012050,120.88000000,1
1531176583128,1531176583127,1720741,0.00012040,35.00000000,1
1531176591132,1531176591131,1720742,0.00012040,31.26000000,1
1531176591132,1531176591131,1720743,0.00012030,3.74000000,1
1531176600803,1531176600802,1720744,0.00012080,12.46000000,0
1531176738507,1531176738503,1720745,0.00012070,1.25000000,0
1531176755834,1531176755832,1720746,0.00012070,2.91000000,0
1531176758855,1531176758854,1720747,0.00012070,0.01000000,0
1531176837750,1531176837748,1720748,0.00012060,3.74000000,0
1531176841024,1531176841023,1720749,0.00012060,0.01000000,0
1531176851515,1531176851513,1720750,0.00012060,17.48000000,0
1531176876479,1531176876478,1720751,0.00012030,12.50000000,1
1531176993565,1531176993562,1720752,0.00012030,107.05000000,1
1531177005183,1531177005182,1720753,0.00012060,0.74000000,0
1531177099341,1531177099339,1720754,0.00012030,0.80000000,1
1531177114558,1531177114557,1720755,0.00012030,129.28000000,1
1531177243310,1531177243310,1720756,0.00012020,3.20000000,1
1531177271572,1531177271571,1720757,0.00012020,22.37000000,1
1531177455044,1531177455045,1720758,0.00012020,40.80000000,1
1531177497863,1531177497865,1720759,0.00012020,50.00000000,0
1531177875395,1531177875398,1720760,0.00012010,44.19000000,1
1531177926456,1531177926459,1720761,0.00012010,2.58000000,1
1531178036269,1531178036269,1720762,0.00012010,64.55000000,1
1531178062626,1531178062629,1720763,0.00012020,50.00000000,0
1531178064655,1531178064657,1720764,0.00012020,50.00000000,0
1531178065940,1531178065943,1720765,0.00012020,50.00000000,0
1531178086535,1531178086538,1720766,0.00012020,50.00000000,0
1531178087074,1531178087077,1720767,0.00012020,24.20000000,0
1531178129782,1531178129785,1720768,0.00012030,0.02000000,0
1531178249947,1531178249951,1720769,0.00012010,93.78000000,1
1531178362618,1531178362620,1720770,0.00012010,70.81000000,1
1531178552465,1531178552469,1720771,0.00012040,0.79000000,0
1531178628130,1531178628135,1720772,0.00012030,6.79000000,0
1531178631191,1531178631194,1720773,0.00012020,0.02000000,0
1531178664900,1531178664905,1720774,0.00012010,185.18000000,1
1531178676189,1531178676194,1720775,0.00012010,50.94000000,1
1531178835856,1531178835858,1720776,0.00012010,1476.33000000,1
1531178835856,1531178835858,1720777,0.00012000,403.18000000,1
1531178835856,1531178835858,1720778,0.00011980,120.49000000,1
1531178838672,1531178838676,1720779,0.00011980,0.88000000,1
1531178861298,1531178861300,1720780,0.00011980,228.63000000,1
1531178861298,1531178861300,1720781,0.00011970,79.44000000,1
1531178861298,1531178861300,1720782,0.00011940,262.95000000,1
1531178861298,1531178861300,1720783,0.00011910,111.57000000,1
1531178861298,1531178861300,1720784,0.00011900,134.95000000,1
1531178861298,1531178861300,1720785,0.00011890,182.46000000,1
1531178862177,1531178862181,1720786,0.00011940,23.60000000,0
1531178862516,1531178862522,1720787,0.00011940,58.36000000,0
1531178862634,1531178862638,1720788,0.00012030,8.91000000,0
1531178874175,1531178874179,1720789,0.00011980,90.17000000,0
1531178874373,1531178874377,1720790,0.00011940,35.00000000,1
1531178879072,1531178879077,1720791,0.00011980,0.08000000,0
1531178880585,1531178880589,1720792,0.00011940,163.42000000,1
1531178880585,1531178880589,1720793,0.00011890,11.75000000,1
1531178880585,1531178880589,1720794,0.00011880,29.77000000,1
1531178880585,1531178880589,1720795,0.00011870,50.45000000,1
1531178880585,1531178880589,1720796,0.00011860,67.15000000,1
1531178880585,1531178880589,1720797,0.00011850,18.00000000,1
1531178880585,1531178880589,1720798,0.00011830,9.50000000,1
1531178880585,1531178880589,1720799,0.00011810,66.90000000,1
1531178881849,1531178881853,1720800,0.00011960,1.77000000,0
1531178882185,1531178882190,1720801,0.00011960,23.60000000,0
1531178883303,1531178883308,1720802,0.00011910,2.38000000,1
1531178883343,1531178883348,1720803,0.00011960,43.08000000,0
1531178884312,1531178884317,1720804,0.00011980,27.50000000,0
1531178888655,1531178888660,1720805,0.00011970,23.60000000,0
1531178890303,1531178890309,1720806,0.00011970,23.60000000,0
1531178897642,1531178897648,1720807,0.00011970,23.60000000,0
1531178900205,1531178900208,1720808,0.00011970,23.60000000,0
1531178900221,1531178900227,1720809,0.00011970,22.25000000,0
1531178900221,1531178900227,1720810,0.00012130,140.31000000,0
1531178900221,1531178900227,1720811,0.00012150,10.99000000,0
1531178900991,1531178900996,1720812,0.00012150,3.88000000,0
1531178904021,1531178904026,1720813,0.00012150,0.01000000,0
1531178910045,1531178910049,1720814,0.00011990,35.00000000,1
1531178910064,1531178910070,1720815,0.00011990,17.39000000,1
1531178910304,1531178910309,1720816,0.00011980,11.75000000,1
1531178912108,1531178912114,1720817,0.00011980,65.56000000,1
1531178912969,1531178912974,1720818,0.00012020,27.31000000,0
1531178912969,1531178912974,1720819,0.00012030,7.69000000,0
1531178917003,1531178917007,1720820,0.00012020,35.00000000,0
1531178924633,1531178924638,1720821,0.00011970,16.88000000,1
1531178924724,1531178924727,1720822,0.00011970,99.77000000,1
1531178925160,1531178925166,1720823,0.00011970,50.63000000,0
1531178927639,1531178927645,1720824,0.00011950,52.39000000,0
1531178929168,1531178929172,1720825,0.00011990,23.60000000,0
1531178941743,1531178941747,1720826,0.00011990,42.94000000,0
1531178945563,1531178945569,1720827,0.00011950,15.22000000,1
1531179023049,1531179023055,1720828,0.00011950,103.93000000,1
1531179023049,1531179023055,1720829,0.00011940,208.50000000,1
1531179023049,1531179023055,1720830,0.00011900,14.91000000,1
1531179025100,1531179025106,1720831,0.00011920,66.93000000,1
1531179025132,1531179025135,1720832,0.00011970,66.65000000,0
1531179025132,1531179025135,1720833,0.00011990,46.98000000,0
1531179027448,1531179027453,1720834,0.00011940,35.00000000,1
1531179027829,1531179027835,1720835,0.00011980,50.00000000,0
1531179027829,1531179027835,1720836,0.00012010,63.63000000,0
1531179033043,1531179033048,1720837,0.00011990,26.24000000,0
1531179038668,1531179038672,1720838,0.00011990,26.24000000,0
1531179041757,1531179041761,1720839,0.00011990,23.76000000,0
1531179041757,1531179041761,1720840,0.00012000,31.06000000,0
1531179044334,1531179044339,1720841,0.00012000,35.42000000,0
1531179044334,1531179044339,1720842,0.00012010,19.40000000,0
1531179160094,1531179160099,1720843,0.00011990,23.60000000,0
1531179162183,1531179162188,1720844,0.00011990,23.60000000,0
1531179164748,1531179164753,1720845,0.00011990,23.60000000,0
1531179166380,1531179166386,1720846,0.00011990,23.60000000,0
1531179168479,1531179168483,1720847,0.00011990,23.60000000,0
1531179170128,1531179170134,1720848,0.00011990,23.60000000,0
1531179180636,1531179180642,1720849,0.00011990,83.79000000,0
1531179249318,1531179249323,1720850,0.00012010,1.56000000,0
1531179252577,1531179252582,1720851,0.00012010,2.22000000,0
1531179279704,1531179279710,1720852,0.00011970,17.03000000,1
1531179316091,1531179316096,1720853,0.00011980,116.59000000,1
1531179316091,1531179316096,1720854,0.00011900,1.97000000,1
1531179316091,1531179316096,1720855,0.00011890,48.91000000,1
1531179324268,1531179324273,1720856,0.00011950,50.00000000,1
1531179325265,1531179325272,1720857,0.00011980,48.91000000,0
1531179325464,1531179325470,1720858,0.00011960,48.91000000,0
1531179326608,1531179326614,1720859,0.00011960,17.79000000,0
1531179344479,1531179344482,1720860,0.00011990,85.47000000,0
1531179345638,1531179345644,1720861,0.00011990,31.07000000,0
1531179369725,1531179369731,1720862,0.00011960,16.89000000,1
1531179405827,1531179405832,1720863,0.00012000,294.58000000,0
1531179406946,1531179406952,1720864,0.00012000,111.25000000,0
1531179411321,1531179411325,1720865,0.00011950,1.55000000,1
1531179413513,1531179413520,1720866,0.00011950,0.17000000,1
1531179430198,1531179430203,1720867,0.00012010,5.69000000,0
1531179433205,1531179433210,1720868,0.00012010,0.01000000,0
1531179554753,1531179554760,1720869,0.00011950,0.64000000,1
1531179566465,1531179566472,1720870,0.00011990,0.06000000,0
1531179586347,1531179586352,1720871,0.00011950,64.40000000,1
1531179587315,1531179587320,1720872,0.00011940,50.00000000,1
1531179587951,1531179587955,1720873,0.00011950,48.20000000,0
1531179738596,1531179738603,1720874,0.00011920,0.35000000,1
1531179742619,1531179742626,1720875,0.00011920,66.58000000,1
1531179742619,1531179742626,1720876,0.00011910,27.70000000,1
1531179742677,1531179742683,1720877,0.00011900,5.72000000,0
1531179744396,1531179744402,1720878,0.00011950,50.00000000,0
1531179745606,1531179745611,1720879,0.00011950,66.76000000,0
1531179749109,1531179749115,1720880,0.00011960,35.00000000,0
1531179750649,1531179750655,1720881,0.00011960,13.36000000,0
1531179751158,1531179751165,1720882,0.00011960,21.64000000,0
1531179752736,1531179752744,1720883,0.00011960,21.79000000,0
1531179799716,1531179799722,1720884,0.00011960,50.00000000,0
1531179799716,1531179799722,1720885,0.00011990,4.17000000,0
1531179951107,1531179951113,1720886,0.00011960,106.97000000,0
1531180027384,1531180027389,1720887,0.00011930,116.87000000,1
1531180027384,1531180027389,1720888,0.00011890,16.89000000,1
1531180027384,1531180027389,1720889,0.00011870,391.83000000,1
1531180029168,1531180029175,1720890,0.00011960,12.99000000,0
1531180030112,1531180030118,1720891,0.00011940,66.81000000,0
1531180030112,1531180030118,1720892,0.00011960,50.00000000,0
1531180032445,1531180032452,1720893,0.00011960,312.03000000,1
1531180034256,1531180034262,1720894,0.00011940,66.81000000,1
1531180044209,1531180044216,1720895,0.00011930,50.00000000,1
1531180045223,1531180045230,1720896,0.00011920,66.93000000,1
1531180045572,1531180045578,1720897,0.00011960,378.84000000,0
1531180056359,1531180056364,1720898,0.00011930,50.00000000,1
1531180057877,1531180057883,1720899,0.00011930,81.98000000,0
1531180063807,1531180063815,1720900,0.00011970,1.31000000,0
1531180064991,1531180064999,1720901,0.00011890,25.57000000,1
1531180068883,1531180068890,1720902,0.00011950,66.76000000,0
1531180075538,1531180075544,1720903,0.00011950,50.00000000,0
1531180090116,1531180090123,1720904,0.00011960,3.69000000,0
1531180097540,1531180097548,1720905,0.00011920,16.95000000,1
1531180100536,1531180100540,1720906,0.00011920,99.98000000,1
1531180100536,1531180100540,1720907,0.00011850,54.87000000,1
1531180100536,1531180100540,1720908,0.00011830,209.37000000,1
1531180100549,1531180100555,1720909,0.00011830,21.13000000,0
1531180100551,1531180100557,1720910,0.00011830,306.58000000,0
1531180100580,1531180100587,1720911,0.00011960,21.12000000,0
1531180101445,1531180101450,1720912,0.00011890,82.72000000,0
1531180101445,1531180101450,1720913,0.00011900,43.93000000,0
1531180101658,1531180101665,1720914,0.00011900,82.72000000,0
1531180102995,1531180103003,1720915,0.00011890,197.49000000,0
1531180104113,1531180104119,1720916,0.00011930,104.73000000,0
1531180105155,1531180105162,1720917,0.00011930,32.07000000,0
1531180110982,1531180110989,1720918,0.00011950,50.00000000,0
1531180111259,1531180111266,1720919,0.00011930,32.07000000,1
1531180111259,1531180111266,1720920,0.00011900,2.93000000,1
1531180137576,1531180137582,1720921,0.00011910,16.97000000,1
1531180147467,1531180147476,1720922,0.00011940,50.00000000,0
1531180150167,1531180150173,1720923,0.00011940,66.81000000,0
1531180151594,1531180151601,1720924,0.00011940,16.97000000,0
1531180157390,1531180157396,1720925,0.00011950,0.25000000,0
1531180250811,1531180250817,1720926,0.00011960,3.08000000,0
1531180254378,1531180254384,1720927,0.00011950,41.84000000,1
1531180266950,1531180266957,1720928,0.00011960,0.47000000,0
1531180296341,1531180296348,1720929,0.00011920,8.89000000,1
1531180442035,1531180442042,1720930,0.00011930,85.57000000,1
1531180529910,1531180529915,1720931,0.00011920,59.57000000,1
1531180598943,1531180598949,1720932,0.00011960,78.62000000,0
1531180598943,1531180598949,1720933,0.00011970,4.99000000,0
1531180690325,1531180690332,1720934,0.00011980,83.47000000,0
1531180692904,1531180692911,1720935,0.00011980,50.00000000,0
1531180732776,1531180732783,1720936,0.00012010,50.00000000,0
1531180757302,1531180757308,1720937,0.00012020,8.76000000,0
1531180772397,1531180772404,1720938,0.00011970,116.65000000,1
1531180773875,1531180773881,1720939,0.00011970,96.00000000,0
1531180784029,1531180784036,1720940,0.00011950,50.00000000,1
1531180785107,1531180785114,1720941,0.00011920,29.45000000,0
1531180785827,1531180785833,1720942,0.00011960,83.61000000,0
1531180816288,1531180816294,1720943,0.00011960,33.34000000,0
1531180817826,1531180817830,1720944,0.00011960,36.66000000,0
1531180818747,1531180818753,1720945,0.00011960,36.66000000,0
1531180844092,1531180844096,1720946,0.00011960,19.55000000,0
1531180844092,1531180844096,1720947,0.00011970,63.91000000,0
1531180891374,1531180891380,1720948,0.00011970,176.05000000,0
1531180892291,1531180892296,1720949,0.00011970,50.00000000,1
1531180893719,1531180893724,1720950,0.00011980,66.59000000,0
1531180911595,1531180911600,1720951,0.00011990,0.35000000,0
1531180933921,1531180933927,1720952,0.00011990,0.18000000,0
1531180948830,1531180948836,1720953,0.00011980,0.41000000,1
1531180963713,1531180963718,1720954,0.00011990,49.47000000,0
1531180967195,1531180967186,1720955,0.00011990,275.38000000,1
1531180967195,1531180967186,1720956,0.00011980,607.60000000,1
1531180967195,1531180967186,1720957,0.00011930,62.86000000,1
1531180967195,1531180967186,1720958,0.00011850,70.78000000,1
1531180967195,1531180967186,1720959,0.00011840,52.92000000,1
1531180967195,1531180967186,1720960,0.00011830,211.42000000,1
1531180967195,1531180967186,1720961,0.00011820,92.03000000,1
1531180967195,1531180967186,1720962,0.00011810,1041.49000000,1
1531180967195,1531180967186,1720963,0.00011800,485.59000000,1
1531180967195,1531180967186,1720964,0.00011790,50.91000000,1
1531180967195,1531180967186,1720965,0.00011780,2123.59000000,1
1531180967195,1531180967186,1720966,0.00011770,462.83000000,1
1531180967195,1531180967186,1720967,0.00011760,95.26000000,1
1531180967195,1531180967186,1720968,0.00011750,1006.82000000,1
1531180967195,1531180967186,1720969,0.00011740,872.60000000,1
1531180967195,1531180967186,1720970,0.00011730,406.19000000,1
1531180967195,1531180967186,1720971,0.00011720,166.94000000,1
1531180967195,1531180967186,1720972,0.00011710,39.21000000,1
1531180967195,1531180967186,1720973,0.00011700,1013.05000000,1
1531180967195,1531180967186,1720974,0.00011690,427.71000000,1
1531180967195,1531180967186,1720975,0.00011680,49.40000000,1
1531180967195,1531180967186,1720976,0.00011670,10.28000000,1
1531180967195,1531180967186,1720977,0.00011660,13.00000000,1
1531180967195,1531180967186,1720978,0.00011640,11.90000000,1
1531180967195,1531180967186,1720979,0.00011630,25.80000000,1
1531180967195,1531180967186,1720980,0.00011570,890.07000000,1
1531180967195,1531180967186,1720981,0.00011800,118.39000000,1
1531180967195,1531180967186,1720982,0.00011800,12.50000000,1
1531180967195,1531180967186,1720983,0.00011570,179.64000000,1
1531180967196,1531180967186,1720984,0.00011570,424.81000000,1
1531180967196,1531180967186,1720985,0.00011570,611.91000000,1
1531180967196,1531180967186,1720986,0.00011570,44.59000000,1
1531180967219,1531180967223,1720987,0.00011600,972.20000000,0
1531180967225,1531180967231,1720988,0.00011600,86.20000000,0
1531180967225,1531180967231,1720989,0.00011600,334.96000000,0
1531180967226,1531180967231,1720990,0.00011600,972.20000000,0
1531180967227,1531180967232,1720991,0.00011600,273.61000000,0
1531180967227,1531180967232,1720992,0.00011750,502.99000000,0
1531180967227,1531180967232,1720993,0.00011770,195.60000000,0
1531180967234,1531180967239,1720994,0.00011770,335.21000000,0
1531180967245,1531180967249,1720995,0.00011600,66.61000000,1
1531180967245,1531180967249,1720996,0.00011570,1877.79000000,1
1531180967258,1531180967265,1720997,0.00011770,159.61000000,0
1531180967270,1531180967275,1720998,0.00011770,167.48000000,0
1531180967298,1531180967305,1720999,0.00011770,84.96000000,0
1531180967337,1531180967342,1721000,0.00011770,29.34000000,0
1531180967428,1531180967434,1721001,0.00011780,507.93000000,0
1531180967440,1531180967445,1721002,0.00011780,292.07000000,0
1531180967466,1531180967471,1721003,0.00011970,167.48000000,0
1531180967466,1531180967471,1721004,0.00011990,0.09000000,0
1531180967634,1531180967639,1721005,0.00011780,10.28000000,1
1531180967947,1531180967951,1721006,0.00011780,2170.94000000,1
1531180968008,1531180968013,1721007,0.00011810,27.26000000,0
1531180968082,1531180968087,1721008,0.00011800,39.21000000,0
1531180968082,1531180968087,1721009,0.00011820,27.46000000,0
1531180968099,1531180968104,1721010,0.00011820,66.67000000,0
1531180968579,1531180968580,1721011,0.00011820,133.05000000,0
1531180968579,1531180968580,1721012,0.00011830,114.80000000,0
1531180968579,1531180968580,1721013,0.00011850,51.16000000,0
1531180968579,1531180968580,1721014,0.00011860,84.85000000,0
1531180968579,1531180968580,1721015,0.00011870,377.22000000,0
1531180968579,1531180968580,1721016,0.00011880,16.75000000,0
1531180968640,1531180968645,1721017,0.00011780,410.37000000,1
1531180969297,1531180969302,1721018,0.00011780,10.01000000,1
1531180969322,1531180969328,1721019,0.00011820,25.54000000,0
1531180969322,1531180969328,1721020,0.00011830,8.88000000,0
1531180969483,1531180969488,1721021,0.00011830,38.75000000,0
1531180969483,1531180969488,1721022,0.00011850,452.38000000,0
1531180969592,1531180969597,1721023,0.00011850,13.21000000,0
1531180970168,1531180970173,1721024,0.00011860,35.00000000,1
1531180970572,1531180970577,1721025,0.00011860,15.00000000,1
1531180970572,1531180970577,1721026,0.00011850,87.29000000,1
1531180971586,1531180971591,1721027,0.00011850,11.90000000,1
1531180973062,1531180973067,1721028,0.00011850,20.00000000,1
1531180973319,1531180973324,1721029,0.00011860,35.00000000,0
1531180974287,1531180974293,1721030,0.00011850,14.81000000,1
1531180976631,1531180976638,1721031,0.00011850,31.67000000,1
1531180976710,1531180976715,1721032,0.00011860,118.90000000,0
1531180976825,1531180976829,1721033,0.00011850,27.26000000,1
1531180976839,1531180976844,1721034,0.00011850,200.00000000,1
1531180977032,1531180977036,1721035,0.00011850,76.36000000,1
1531180977660,1531180977665,1721036,0.00011850,61.26000000,0
1531180979629,1531180979633,1721037,0.00011850,118.90000000,0
1531180980865,1531180980869,1721038,0.00011830,170.15000000,1
1531180982323,1531180982327,1721039,0.00011820,133.05000000,1
1531180982370,1531180982376,1721040,0.00011800,60.13000000,0
1531180982415,1531180982422,1721041,0.00011800,45.89000000,0
1531180982524,1531180982529,1721042,0.00011800,118.90000000,0
1531180983750,1531180983756,1721043,0.00011800,33.33000000,0
1531180984080,1531180984086,1721044,0.00011800,40.19000000,0
1531180984725,1531180984730,1721045,0.00011800,33.33000000,0
1531180984910,1531180984916,1721046,0.00011780,100.00000000,1
1531180985354,1531180985359,1721047,0.00011800,31.13000000,0
1531180986011,1531180986016,1721048,0.00011800,1077.50000000,0
1531180986965,1531180986970,1721049,0.00011800,0.04000000,0
1531180988442,1531180988448,1721050,0.00011800,18.19000000,0
1531180988931,1531180988938,1721051,0.00011800,86.69000000,0
1531180988961,1531180988966,1721052,0.00011790,62.02000000,1
1531180989263,1531180989269,1721053,0.00011790,85.90000000,1
1531180989603,1531180989609,1721054,0.00011790,31.13000000,0
1531180989836,1531180989841,1721055,0.00011780,51.14000000,1
1531180990888,1531180990893,1721056,0.00011790,0.59000000,0
1531180994418,1531180994424,1721057,0.00011790,86.69000000,0
1531180994751,1531180994756,1721058,0.00011780,35.00000000,1
1531180998294,1531180998299,1721059,0.00011790,38.08000000,0
1531180998320,1531180998326,1721060,0.00011790,31.80000000,0
1531180998328,1531180998333,1721061,0.00011790,38.43000000,0
1531180998905,1531180998911,1721062,0.00011790,18.61000000,0
1531180999249,1531180999255,1721063,0.00011790,35.00000000,0
1531181000025,1531181000028,1721064,0.00011780,31.80000000,1
1531181001258,1531181001264,1721065,0.00011790,31.80000000,0
1531181002152,1531181002157,1721066,0.00011790,121.14000000,0
1531181003705,1531181003711,1721067,0.00011790,12.51000000,0
1531181004521,1531181004527,1721068,0.00011790,8.46000000,0
1531181004807,1531181004811,1721069,0.00011790,84.55000000,0
1531181005188,1531181005192,1721070,0.00011780,0.07000000,1
1531181007412,1531181007418,1721071,0.00011790,94.24000000,0
1531181007478,1531181007483,1721072,0.00011780,8.58000000,1
1531181010555,1531181010561,1721073,0.00011790,94.24000000,0
1531181011089,1531181011093,1721074,0.00011780,377.98000000,1
1531181012949,1531181012955,1721075,0.00011790,8.95000000,0
1531181013138,1531181013144,1721076,0.00011790,94.24000000,0
1531181013819,1531181013825,1721077,0.00011790,0.61000000,0
1531181014036,1531181014040,1721078,0.00011790,8.95000000,0
1531181016010,1531181016015,1721079,0.00011790,118.84000000,0
1531181018628,1531181018633,1721080,0.00011790,177.86000000,0
1531181021268,1531181021273,1721081,0.00011790,177.86000000,0
1531181022089,1531181022095,1721082,0.00011800,32.38000000,0
1531181024072,1531181024073,1721083,0.00011800,177.86000000,0
1531181025324,1531181025328,1721084,0.00011790,102.30000000,0
1531181026429,1531181026435,1721085,0.00011800,49.84000000,0
1531181026816,1531181026820,1721086,0.00011780,17.15000000,1
1531181026991,1531181026997,1721087,0.00011780,42.87000000,1
1531181031315,1531181031318,1721088,0.00011790,147.34000000,0
1531181032899,1531181032904,1721089,0.00011780,102.32000000,1
1531181033913,1531181033919,1721090,0.00011790,234.40000000,0
1531181035575,1531181035579,1721091,0.00011780,395.22000000,1
1531181036554,1531181036560,1721092,0.00011790,176.91000000,0
1531181039258,1531181039264,1721093,0.00011790,68.23000000,0
1531181039898,1531181039904,1721094,0.00011780,171.55000000,1
1531181040723,1531181040729,1721095,0.00011780,102.33000000,1
1531181041827,1531181041832,1721096,0.00011790,68.23000000,0
1531181041933,1531181041938,1721097,0.00011780,489.05000000,1
1531181043378,1531181043381,1721098,0.00011780,500.00000000,1
1531181044418,1531181044424,1721099,0.00011790,68.23000000,0
1531181044696,1531181044698,1721100,0.00011780,15.44000000,1
1531181047019,1531181047024,1721101,0.00011790,68.23000000,0
1531181047263,1531181047267,1721102,0.00011780,8.58000000,1
1531181049285,1531181049290,1721103,0.00011780,48.96000000,1
1531181049632,1531181049636,1721104,0.00011790,102.01000000,0
1531181049632,1531181049636,1721105,0.00011800,105.83000000,0
1531181049990,1531181049994,1721106,0.00011780,49.84000000,1
1531181050991,1531181050996,1721107,0.00011780,32.86000000,1
1531181052226,1531181052231,1721108,0.00011800,207.84000000,0
1531181054812,1531181054815,1721109,0.00011810,207.84000000,0
1531181056770,1531181056775,1721110,0.00011780,100.00000000,1
1531181057431,1531181057437,1721111,0.00011800,102.39000000,0
1531181057431,1531181057437,1721112,0.00011810,105.45000000,0
1531181062349,1531181062354,1721113,0.00011820,37.62000000,0
1531181066315,1531181066318,1721114,0.00011780,89.10000000,1
1531181073253,1531181073257,1721115,0.00011770,102.14000000,1
1531181080572,1531181080578,1721116,0.00011770,164.31000000,1
1531181081675,1531181081680,1721117,0.00011770,101.47000000,1
1531181089067,1531181089072,1721118,0.00011770,840.00000000,1
1531181090110,1531181090114,1721119,0.00011770,101.63000000,1
1531181090338,1531181090343,1721120,0.00011770,55.11000000,1
1531181094264,1531181094269,1721121,0.00011780,33.34000000,0
1531181094445,1531181094449,1721122,0.00011750,35.95000000,1
1531181101694,1531181101697,1721123,0.00011790,15.72000000,0
1531181126447,1531181126451,1721124,0.00011780,44.65000000,0
1531181130754,1531181130759,1721125,0.00011770,57.24000000,0
1531181133549,1531181133554,1721126,0.00011780,44.65000000,0
1531181156982,1531181156985,1721127,0.00011760,147.92000000,0
1531181156982,1531181156985,1721128,0.00011770,44.76000000,0
1531181156982,1531181156985,1721129,0.00011780,120.00000000,0
1531181199348,1531181199353,1721130,0.00011770,35.94000000,0
1531181233210,1531181233215,1721131,0.00011740,25.00000000,1
1531181242960,1531181242964,1721132,0.00011770,36.99000000,0
1531181280361,1531181280366,1721133,0.00011770,188.68000000,0
1531181283017,1531181283021,1721134,0.00011780,50.00000000,0
1531181283017,1531181283021,1721135,0.00011810,50.91000000,0
1531181283017,1531181283021,1721136,0.00011820,3.75000000,0
1531181285112,1531181285117,1721137,0.00011810,35.00000000,0
1531181339503,1531181339506,1721138,0.00011750,50.00000000,1
1531181339503,1531181339506,1721139,0.00011740,343.96000000,1
1531181368457,1531181368460,1721140,0.00011740,81.76000000,1
1531181414715,1531181414718,1721141,0.00011740,36.00000000,1
1531181419789,1531181419793,1721142,0.00011780,50.00000000,0
1531181419789,1531181419793,1721143,0.00011790,11.92000000,0
1531181419789,1531181419793,1721144,0.00011800,12.12000000,0
1531181465991,1531181465996,1721145,0.00011800,0.67000000,0
1531181482731,1531181482735,1721146,0.00011750,0.22000000,1
1531181490761,1531181490766,1721147,0.00011790,36.03000000,0
1531181544988,1531181544992,1721148,0.00011790,1.91000000,0
1531181547982,1531181547986,1721149,0.00011790,0.01000000,0
1531181642330,1531181642334,1721150,0.00011770,67.78000000,1
1531181643378,1531181643381,1721151,0.00011770,40.04000000,0
1531181658227,1531181658230,1721152,0.00011770,0.01000000,0
1531181658227,1531181658230,1721153,0.00011790,69.82000000,0
1531182141143,1531182141147,1721154,0.00011760,7.86000000,1
1531182244964,1531182244968,1721155,0.00011790,2.73000000,0
1531182269181,1531182269182,1721156,0.00011790,0.81000000,0
1531182291250,1531182291253,1721157,0.00011760,42.14000000,1
1531182291250,1531182291253,1721158,0.00011740,67.95000000,1
1531182291250,1531182291253,1721159,0.00011730,109.39000000,1
1531182293398,1531182293402,1721160,0.00011760,50.00000000,0
1531182341083,1531182341085,1721161,0.00011730,8.62000000,1
1531182363330,1531182363333,1721162,0.00011750,17.00000000,0
1531182510288,1531182510289,1721163,0.00011790,0.31000000,0
1531182772854,1531182772857,1721164,0.00011790,1.38000000,0
1531182804022,1531182804025,1721165,0.00011790,0.16000000,0
1531182926089,1531182926090,1721166,0.00011790,5.11000000,0
1531182927382,1531182927383,1721167,0.00011790,0.12000000,0
1531182929120,1531182929121,1721168,0.00011790,0.01000000,0
1531182970087,1531182970089,1721169,0.00011790,1.61000000,0
1531183145978,1531183145978,1721170,0.00011790,0.89000000,0
1531183302671,1531183302671,1721171,0.00011790,21.94000000,0
1531183305675,1531183305674,1721172,0.00011790,0.05000000,0
1531183322690,1531183322692,1721173,0.00011770,113.65000000,0
1531183352931,1531183352930,1721174,0.00011770,2.13000000,0
1531183389178,1531183389178,1721175,0.00011770,60.16000000,0
1531183456288,1531183456287,1721176,0.00011740,50.00000000,1
1531183456288,1531183456287,1721177,0.00011730,165.27000000,1
1531183461930,1531183461931,1721178,0.00011770,8.51000000,0
1531183607132,1531183607131,1721179,0.00011770,5.25000000,0
1531183610163,1531183610163,1721180,0.00011770,0.01000000,0
1531183782778,1531183782777,1721181,0.00011770,11.25000000,0
1531183785801,1531183785800,1721182,0.00011770,0.03000000,0
1531183796156,1531183796155,1721183,0.00011770,4.54000000,0
1531183799169,1531183799167,1721184,0.00011770,0.01000000,0
1531183827284,1531183827282,1721185,0.00011740,50.00000000,1
1531183827334,1531183827333,1721186,0.00011740,9.02000000,0
1531183827432,1531183827430,1721187,0.00011740,30.54000000,0
1531183838735,1531183838733,1721188,0.00011740,0.66000000,0
1531183848815,1531183848812,1721189,0.00011730,25.11000000,1
1531183901149,1531183901148,1721190,0.00011760,0.21000000,0
1531183909386,1531183909385,1721191,0.00011760,1.58000000,0
1531183912374,1531183912372,1721192,0.00011760,0.01000000,0
1531183988413,1531183988410,1721193,0.00011760,0.73000000,0
1531183988750,1531183988750,1721194,0.00011760,15.86000000,0
1531183991410,1531183991409,1721195,0.00011760,0.01000000,0
1531184179918,1531184179916,1721196,0.00011760,0.32000000,0
1531184365999,1531184365995,1721197,0.00011760,11.44000000,0
1531184368901,1531184368898,1721198,0.00011760,63.77000000,1
1531184535668,1531184535666,1721199,0.00011750,38.53000000,1
1531184555255,1531184555253,1721200,0.00011760,123.13000000,0
1531184742396,1531184742393,1721201,0.00011730,14.53000000,1
1531184818073,1531184818069,1721202,0.00011770,0.14000000,0
1531184859846,1531184859842,1721203,0.00011770,87.08000000,0
1531184859846,1531184859842,1721204,0.00011780,117.72000000,0
1531184918805,1531184918800,1721205,0.00011770,0.07000000,1
1531184952049,1531184952045,1721206,0.00011770,55.78000000,1
1531185345176,1531185345172,1721207,0.00011770,9.99000000,1
1531185422991,1531185422985,1721208,0.00011800,0.12000000,0
1531185464606,1531185464602,1721209,0.00011800,1.13000000,0
1531185716616,1531185716611,1721210,0.00011800,0.02000000,0
1531185772321,1531185772316,1721211,0.00011780,11.12000000,1
1531185850614,1531185850608,1721212,0.00011780,0.02000000,1
1531185859466,1531185859461,1721213,0.00011780,76.50000000,1
1531185950298,1531185950293,1721214,0.00011780,0.58000000,0
1531185959973,1531185959966,1721215,0.00011770,87.64000000,0
1531185959973,1531185959966,1721216,0.00011780,1337.75000000,0
1531185969995,1531185969989,1721217,0.00011770,78.99000000,0
1531185969995,1531185969989,1721218,0.00011780,50.00000000,0
1531186046720,1531186046713,1721219,0.00011760,34.80000000,1
1531186169394,1531186169389,1721220,0.00011780,239.76000000,1
1531186174417,1531186174412,1721221,0.00011780,1.04000000,1
1531186327092,1531186327086,1721222,0.00011810,0.02000000,0
1531186373784,1531186373780,1721223,0.00011780,1.67000000,1
1531186502668,1531186502661,1721224,0.00011810,67.53000000,0
1531186503762,1531186503755,1721225,0.00011810,60.16000000,1
1531186521742,1531186521736,1721226,0.00011810,139.86000000,1
1531186527596,1531186527591,1721227,0.00011760,1.17000000,1
1531186689178,1531186689172,1721228,0.00011770,13.46000000,1
1531186798873,1531186798869,1721229,0.00011770,0.30000000,1
1531186930062,1531186930058,1721230,0.00011770,3.22000000,1
1531187001550,1531187001546,1721231,0.00011770,0.92000000,1
1531187085446,1531187085440,1721232,0.00011770,0.21000000,1
1531187132105,1531187132100,1721233,0.00011770,0.33000000,1
1531187251427,1531187251420,1721234,0.00011770,0.11000000,1
1531187258244,1531187258236,1721235,0.00011770,44.91000000,1
1531187258244,1531187258236,1721236,0.00011760,67.84000000,1
1531187258244,1531187258236,1721237,0.00011730,13.02000000,1
1531187258244,1531187258236,1721238,0.00011710,17.15000000,1
1531187258244,1531187258236,1721239,0.00011700,24.77000000,1
1531187259021,1531187259016,1721240,0.00011750,24.77000000,0
1531187259427,1531187259422,1721241,0.00011730,50.60000000,0
1531187259538,1531187259533,1721242,0.00011730,0.03000000,0
1531187260620,1531187260615,1721243,0.00011750,50.00000000,1
1531187263109,1531187263103,1721244,0.00011750,17.90000000,1
1531187263110,1531187263103,1721245,0.00011720,17.10000000,1
1531187264045,1531187264041,1721246,0.00011770,50.00000000,0
1531187266247,1531187266241,1721247,0.00011760,50.00000000,0
1531187266460,1531187266455,1721248,0.00011770,67.78000000,0
1531187267645,1531187267641,1721249,0.00011750,50.00000000,0
1531187302028,1531187302023,1721250,0.00011770,119.74000000,0
1531187307902,1531187307896,1721251,0.00011750,17.20000000,1
1531187383386,1531187383381,1721252,0.00011770,0.38000000,1
1531187484601,1531187484597,1721253,0.00011770,0.62000000,1
1531187557994,1531187557988,1721254,0.00011790,0.01000000,0
1531187858854,1531187858849,1721255,0.00011820,50.00000000,0
1531188370148,1531188370145,1721256,0.00011820,2.25000000,1
1531188381141,1531188381138,1721257,0.00011820,2.13000000,1
1531188511942,1531188511938,1721258,0.00011820,9.02000000,1
1531188571040,1531188571037,1721259,0.00011820,553.69000000,1
1531188583052,1531188583047,1721260,0.00011820,166.93000000,1
1531188623469,1531188623465,1721261,0.00011820,20.64000000,1
1531188760804,1531188760791,1721262,0.00011830,29.79000000,0
1531189051222,1531189051219,1721263,0.00011820,1.39000000,1
1531189068842,1531189068838,1721264,0.00011830,36.27000000,0
1531189106785,1531189106782,1721265,0.00011830,50.00000000,1
1531189106785,1531189106782,1721266,0.00011820,625.08000000,1
1531189110749,1531189110746,1721267,0.00011820,50.00000000,0
1531189131664,1531189131662,1721268,0.00011810,6.92000000,1
1531189353110,1531189353108,1721269,0.00011810,0.25000000,1
1531189485951,1531189485949,1721270,0.00011810,0.35000000,1
1531189498592,1531189498589,1721271,0.00011820,29.63000000,0
1531189635681,1531189635677,1721272,0.00011810,42.48000000,1
1531189687244,1531189687241,1721273,0.00011800,50.00000000,1
1531189689126,1531189689123,1721274,0.00011800,102.03000000,0
1531189701813,1531189701811,1721275,0.00011790,5.71000000,1
1531189751731,1531189751729,1721276,0.00011790,12.09000000,1
1531189925079,1531189925075,1721277,0.00011790,0.12000000,1
1531189939175,1531189939172,1721278,0.00011790,1.62000000,1
1531190060502,1531190060499,1721279,0.00011790,2.40000000,1
1531190133335,1531190133333,1721280,0.00011790,1.42000000,1
1531190151316,1531190151312,1721281,0.00011810,305.11000000,0
1531190151316,1531190151312,1721282,0.00011820,875.91000000,0
1531190250100,1531190250100,1721283,0.00011820,29.63000000,0
1531190273650,1531190273646,1721284,0.00011800,117.61000000,1
1531190273650,1531190273646,1721285,0.00011790,222.28000000,1
1531190391967,1531190391965,1721286,0.00011790,213.68000000,1
1531190393759,1531190393757,1721287,0.00011790,36.22000000,1
1531190446033,1531190446029,1721288,0.00011820,102.64000000,0
1531190488815,1531190488812,1721289,0.00011830,84.53000000,0
1531190503888,1531190503883,1721290,0.00011800,0.27000000,1
1531190559393,1531190559390,1721291,0.00011810,2.50000000,1
1531190601572,1531190601571,1721292,0.00011830,178.69000000,0
1531190640114,1531190640111,1721293,0.00011810,10.37000000,1
1531190724945,1531190724942,1721294,0.00011810,2.51000000,1
1531190764631,1531190764627,1721295,0.00011810,28.78000000,1
1531190808468,1531190808465,1721296,0.00011810,0.76000000,1
1531190841366,1531190841365,1721297,0.00011810,1.28000000,1
1531190913206,1531190913203,1721298,0.00011810,47.96000000,1
1531190917693,1531190917692,1721299,0.00011810,49.93000000,1
1531191023287,1531191023281,1721300,0.00011800,22.08000000,1
1531191045036,1531191045034,1721301,0.00011810,47.00000000,1
1531191045427,1531191045424,1721302,0.00011810,1.24000000,1
1531191046783,1531191046780,1721303,0.00011810,12.20000000,1
1531191079659,1531191079655,1721304,0.00011820,35.00000000,1
1531191084802,1531191084799,1721305,0.00011820,12.19000000,1
1531191100341,1531191100340,1721306,0.00011820,32.29000000,1
1531191120732,1531191120729,1721307,0.00011820,0.13000000,1
1531191247817,1531191247812,1721308,0.00011820,2.45000000,1
1531191287047,1531191287043,1721309,0.00011840,16.73000000,0
1531191380262,1531191380258,1721310,0.00011820,10.00000000,1
1531191438408,1531191438405,1721311,0.00011820,34.99000000,1
1531191438422,1531191438419,1721312,0.00011820,35.00000000,1
1531191438457,1531191438454,1721313,0.00011820,60.13000000,1
1531191588880,1531191588877,1721314,0.00011820,81.23000000,1
1531191662157,1531191662152,1721315,0.00011820,2.37000000,1
1531191662157,1531191662152,1721316,0.00011810,57.75000000,1
1531191663618,1531191663615,1721317,0.00011830,16.90000000,1
1531191663624,1531191663621,1721318,0.00011810,16.90000000,1
1531191684189,1531191684188,1721319,0.00011810,10.00000000,1
1531191739583,1531191739579,1721320,0.00011810,100.46000000,1
1531191764104,1531191764101,1721321,0.00011810,9.00000000,1
1531191944143,1531191944140,1721322,0.00011810,13.75000000,1
1531192008486,1531192008481,1721323,0.00011820,33.20000000,0
1531192008486,1531192008481,1721324,0.00011840,18.49000000,0
1531192028939,1531192028938,1721325,0.00011810,2.24000000,1
1531192041135,1531192041131,1721326,0.00011810,2.41000000,1
1531192134734,1531192134730,1721327,0.00011810,169.92000000,1
1531192156012,1531192156010,1721328,0.00011810,150.00000000,1
1531192233547,1531192233544,1721329,0.00011840,19.84000000,0
1531192279183,1531192279179,1721330,0.00011840,28.32000000,0
1531192438939,1531192438935,1721331,0.00011840,0.73000000,0
1531192438939,1531192438935,1721332,0.00011850,58.44000000,0
1531192438939,1531192438935,1721333,0.00011870,16.85000000,0
1531192438939,1531192438935,1721334,0.00011880,15.44000000,0
1531192520574,1531192520570,1721335,0.00011850,11.24000000,0
1531192649979,1531192649975,1721336,0.00011840,1.89000000,1
1531192724435,1531192724430,1721337,0.00011830,3.53000000,1
1531192820099,1531192820091,1721338,0.00011830,75.37000000,1
1531192820099,1531192820091,1721339,0.00011820,67.49000000,1
1531192820099,1531192820091,1721340,0.00011750,377.71000000,1
1531192820099,1531192820091,1721341,0.00011740,149.79000000,1
1531192820099,1531192820091,1721342,0.00011730,562.07000000,1
1531192820120,1531192820117,1721343,0.00011730,35.35000000,0
1531192820121,1531192820117,1721344,0.00011730,31.96000000,0
1531192820122,1531192820117,1721345,0.00011730,35.19000000,0
1531192820124,1531192820118,1721346,0.00011730,34.97000000,0
1531192820145,1531192820141,1721347,0.00011730,60.12000000,0
1531192820178,1531192820173,1721348,0.00011730,34.97000000,0
1531192820244,1531192820240,1721349,0.00011730,1269.37000000,0
1531192820549,1531192820545,1721350,0.00011750,15.00000000,0
1531192821377,1531192821372,1721351,0.00011750,7.30000000,0
1531192821377,1531192821372,1721352,0.00011780,427.01000000,0
1531192821801,1531192821795,1721353,0.00011760,37.18000000,0
1531192822282,1531192822279,1721354,0.00011760,30.66000000,0
1531192822614,1531192822609,1721355,0.00011760,19.34000000,1
1531192822614,1531192822609,1721356,0.00011730,308.02000000,1
1531192823010,1531192823006,1721357,0.00011780,70.38000000,0
1531192824817,1531192824814,1721358,0.00011750,35.03000000,1
1531192825342,1531192825336,1721359,0.00011770,16.50000000,0
1531192827739,1531192827735,1721360,0.00011760,33.33000000,0
1531192828322,1531192828317,1721361,0.00011740,50.00000000,1
1531192828322,1531192828317,1721362,0.00011730,1636.42000000,1
1531192828728,1531192828724,1721363,0.00011730,170.00000000,0
1531192828771,1531192828766,1721364,0.00011730,33.33000000,0
1531192830106,1531192830102,1721365,0.00011730,136.67000000,0
1531192836980,1531192836977,1721366,0.00011730,24.35000000,0
1531192837286,1531192837282,1721367,0.00011730,50.64000000,1
1531192837822,1531192837817,1721368,0.00011730,20.57000000,1
1531192841093,1531192841088,1721369,0.00011730,29.43000000,0
1531192841093,1531192841088,1721370,0.00011750,25.84000000,0
1531192849576,1531192849573,1721371,0.00011740,50.00000000,0
1531192849576,1531192849573,1721372,0.00011750,5.58000000,0
1531192857914,1531192857910,1721373,0.00011750,35.00000000,0
1531192872462,1531192872456,1721374,0.00011750,51.48000000,0
1531192872462,1531192872456,1721375,0.00011760,16.86000000,0
1531192872462,1531192872456,1721376,0.00011810,16.76000000,0
1531192884226,1531192884224,1721377,0.00011750,17.20000000,1
1531192884361,1531192884359,1721378,0.00011750,8.60000000,1
1531192976262,1531192976258,1721379,0.00011760,0.05000000,0
1531193033251,1531193033246,1721380,0.00011730,0.09000000,1
1531193237687,1531193237682,1721381,0.00011730,68.01000000,1
1531193330344,1531193330341,1721382,0.00011730,85.17000000,0
1531193354045,1531193354043,1721383,0.00011710,0.36000000,1
1531193370666,1531193370662,1721384,0.00011710,0.02000000,1
1531193412153,1531193412149,1721385,0.00011710,107.11000000,1
1531193413203,1531193413201,1721386,0.00011710,67.77000000,0
1531193435587,1531193435582,1721387,0.00011710,64.73000000,0
1531193438506,1531193438505,1721388,0.00011710,64.73000000,0
1531193472145,1531193472141,1721389,0.00011710,0.07000000,0
1531193516370,1531193516365,1721390,0.00011700,8.60000000,1
1531193516370,1531193516365,1721391,0.00011690,1.40000000,1
1531193519202,1531193519199,1721392,0.00011690,48.60000000,1
1531193530612,1531193530608,1721393,0.00011680,48.60000000,1
1531193555986,1531193555983,1721394,0.00011700,80.47000000,0
1531193566426,1531193566421,1721395,0.00011700,68.37000000,0
1531193569797,1531193569793,1721396,0.00011690,10.03000000,1
1531193571589,1531193571585,1721397,0.00011690,8.64000000,1
1531193582640,1531193582634,1721398,0.00011690,10.00000000,1
1531193591173,1531193591170,1721399,0.00011690,17.28000000,1
1531193592391,1531193592386,1721400,0.00011690,69.98000000,1
1531193592392,1531193592391,1721401,0.00011690,69.98000000,1
1531193600103,1531193600098,1721402,0.00011690,121.37000000,1
1531193600107,1531193600104,1721403,0.00011690,2.38000000,1
1531193600107,1531193600104,1721404,0.00011680,36.90000000,1
1531193600120,1531193600115,1721405,0.00011660,31.28000000,1
1531193600120,1531193600115,1721406,0.00011640,51.51000000,1
1531193600120,1531193600115,1721407,0.00011620,17.28000000,1
1531193600120,1531193600115,1721408,0.00011610,21.30000000,1
1531193601533,1531193601528,1721409,0.00011620,32.34000000,0
1531193601590,1531193601585,1721410,0.00011620,15.58000000,0
1531193602122,1531193602121,1721411,0.00011640,35.07000000,0
1531193602206,1531193602201,1721412,0.00011640,12.74000000,0
1531193602291,1531193602285,1721413,0.00011640,190.81000000,0
1531193602875,1531193602870,1721414,0.00011590,2.04000000,1
1531193603067,1531193603063,1721415,0.00011640,53.62000000,0
1531193608113,1531193608107,1721416,0.00011630,21.30000000,0
1531193608113,1531193608107,1721417,0.00011660,35.00000000,0
1531193608113,1531193608107,1721418,0.00011670,18.33000000,0
1531193611393,1531193611388,1721419,0.00011670,0.04000000,0
1531193616068,1531193616061,1721420,0.00011620,32.34000000,1
1531193619976,1531193619974,1721421,0.00011650,28.00000000,0
1531193637833,1531193637827,1721422,0.00011640,72.98000000,0
1531193638241,1531193638234,1721423,0.00011590,50.00000000,1
1531193638241,1531193638234,1721424,0.00011580,8.64000000,1
1531193638241,1531193638234,1721425,0.00011550,22.99000000,1
1531193638241,1531193638234,1721426,0.00011550,69.56000000,1
1531193639113,1531193639108,1721427,0.00011560,16.00000000,1
1531193639113,1531193639108,1721428,0.00011550,65.49000000,1
1531193641090,1531193641086,1721429,0.00011630,16.00000000,0
1531193641090,1531193641086,1721430,0.00011640,6.65000000,0
1531193641090,1531193641086,1721431,0.00011650,8.74000000,0
1531193641141,1531193641136,1721432,0.00011670,3.61000000,1
1531193643866,1531193643862,1721433,0.00011620,18.55000000,0
1531193647867,1531193647863,1721434,0.00011570,17.49000000,1
1531193651938,1531193651932,1721435,0.00011570,12.41000000,1
1531193652534,1531193652529,1721436,0.00011570,8.73000000,1
1531193652951,1531193652947,1721437,0.00011570,11.37000000,1
1531193653230,1531193653226,1721438,0.00011570,32.28000000,0
1531193663719,1531193663716,1721439,0.00011570,0.06000000,1
1531193671295,1531193671292,1721440,0.00011570,62.77000000,1
1531193671295,1531193671292,1721441,0.00011560,10.00000000,1
1531193671295,1531193671292,1721442,0.00011550,9.19000000,1
1531193682614,1531193682609,1721443,0.00011610,1.26000000,0
1531193685615,1531193685610,1721444,0.00011610,0.01000000,0
1531193688093,1531193688087,1721445,0.00011600,35.00000000,0
1531193701222,1531193701218,1721446,0.00011600,35.00000000,0
1531193713818,1531193713812,1721447,0.00011580,8.73000000,1
1531193714606,1531193714601,1721448,0.00011600,15.00000000,0
1531193719245,1531193719239,1721449,0.00011650,20.20000000,0
1531193732712,1531193732709,1721450,0.00011650,17.74000000,0
1531193732996,1531193732992,1721451,0.00011650,32.26000000,0
1531193735664,1531193735661,1721452,0.00011650,62.68000000,1
1531193741831,1531193741826,1721453,0.00011650,62.81000000,1
1531193775055,1531193775050,1721454,0.00011650,8.73000000,1
1531193821457,1531193821450,1721455,0.00011660,1.05000000,0
1531193824475,1531193824470,1721456,0.00011660,0.01000000,0
1531193927426,1531193927421,1721457,0.00011650,5.48000000,1
1531193972456,1531193972450,1721458,0.00011660,2.16000000,0
1531193975498,1531193975494,1721459,0.00011660,0.01000000,0
1531194040009,1531194040004,1721460,0.00011650,50.00000000,1
1531194040712,1531194040707,1721461,0.00011650,50.00000000,1
1531194069892,1531194069887,1721462,0.00011650,50.00000000,1
1531194084280,1531194084275,1721463,0.00011640,36.14000000,1
1531194107261,1531194107254,1721464,0.00011650,50.00000000,0
1531194107261,1531194107254,1721465,0.00011660,36.14000000,0
1531194107261,1531194107254,1721466,0.00011690,6.04000000,0
1531194111309,1531194111306,1721467,0.00011660,35.00000000,0
1531194112805,1531194112799,1721468,0.00011660,15.00000000,0
1531194112805,1531194112799,1721469,0.00011690,19.63000000,0
1531194113770,1531194113766,1721470,0.00011690,0.37000000,1
1531194166305,1531194166298,1721471,0.00011660,31.30000000,0
1531194251093,1531194251087,1721472,0.00011660,3.77000000,0
1531194254114,1531194254110,1721473,0.00011660,0.01000000,0
1531194262742,1531194262736,1721474,0.00011660,3.40000000,0
1531194265773,1531194265767,1721475,0.00011660,0.01000000,0
1531194420211,1531194420208,1721476,0.00011640,8.46000000,1
1531194420446,1531194420442,1721477,0.00011640,0.57000000,0
1531194426112,1531194426107,1721478,0.00011630,20.00000000,1
1531194434003,1531194433971,1721479,0.00011630,38.06000000,0
1531194434356,1531194434350,1721480,0.00011630,64.63000000,0
1531194435497,1531194435491,1721481,0.00011630,257.52000000,0
1531194435497,1531194435491,1721482,0.00011640,234.48000000,0
1531194443427,1531194443422,1721483,0.00011640,20.10000000,0
1531194463208,1531194463202,1721484,0.00011630,50.00000000,0
1531194463208,1531194463202,1721485,0.00011640,116.81000000,0
1531194549942,1531194549936,1721486,0.00011640,0.59000000,0
1531194591235,1531194591230,1721487,0.00011590,2.06000000,1
1531194667982,1531194667977,1721488,0.00011640,14.35000000,0
1531194673797,1531194673794,1721489,0.00011640,1.68000000,0
1531194717124,1531194717117,1721490,0.00011590,47.94000000,1
1531194717124,1531194717117,1721491,0.00011580,17.29000000,1
1531194717124,1531194717117,1721492,0.00011570,368.73000000,1
1531194717124,1531194717117,1721493,0.00011560,34.60000000,1
1531194717124,1531194717117,1721494,0.00011550,1318.67000000,1
1531194717147,1531194717142,1721495,0.00011550,42.10000000,0
1531194717160,1531194717154,1721496,0.00011550,8.66000000,0
1531194717532,1531194717525,1721497,0.00011550,38.00000000,0
1531194717850,1531194717844,1721498,0.00011550,50.00000000,0
1531194720122,1531194720117,1721499,0.00011540,63.73000000,1
1531194720177,1531194720172,1721500,0.00011540,8.65000000,0
1531194720537,1531194720532,1721501,0.00011540,96.55000000,0
1531194723203,1531194723199,1721502,0.00011520,29.10000000,1
1531194723920,1531194723914,1721503,0.00011540,50.00000000,0
1531194726170,1531194726166,1721504,0.00011540,97.04000000,0
1531194726492,1531194726487,1721505,0.00011540,18.52000000,0
1531194730868,1531194730863,1721506,0.00011540,12.88000000,0
1531194755939,1531194755935,1721507,0.00011540,2.44000000,0
1531194758967,1531194758962,1721508,0.00011540,0.01000000,0
1531194763822,1531194763817,1721509,0.00011520,26.31000000,0
1531194783771,1531194783768,1721510,0.00011520,15.79000000,1
1531194825485,1531194825482,1721511,0.00011540,10.99000000,0
1531194825727,1531194825721,1721512,0.00011510,829.61000000,1
1531194825727,1531194825721,1721513,0.00011500,1845.92000000,1
1531194825728,1531194825721,1721514,0.00011500,6967.23000000,1
1531194825729,1531194825721,1721515,0.00011490,52.33000000,1
1531194825729,1531194825721,1721516,0.00011470,110.22000000,1
1531194825729,1531194825721,1721517,0.00011450,14.76000000,1
1531194825749,1531194825745,1721518,0.00011500,931.95000000,0
1531194825750,1531194825746,1721519,0.00011500,63.00000000,0
1531194825762,1531194825759,1721520,0.00011500,63.70000000,0
1531194825772,1531194825767,1721521,0.00011500,63.72000000,0
1531194825782,1531194825778,1721522,0.00011500,36.43000000,0
1531194825786,1531194825781,1721523,0.00011500,36.43000000,0
1531194825997,1531194825993,1721524,0.00011500,26.09000000,0
1531194825997,1531194825993,1721525,0.00011510,23.91000000,0
1531194827199,1531194827193,1721526,0.00011500,33.39000000,1
1531194830698,1531194830692,1721527,0.00011500,16.61000000,1
1531194832073,1531194832067,1721528,0.00011490,41.74000000,1
1531194834955,1531194834950,1721529,0.00011500,15.78000000,0
1531194845464,1531194845459,1721530,0.00011490,0.01000000,1
1531194846843,1531194846838,1721531,0.00011510,11.09000000,0
1531194850485,1531194850479,1721532,0.00011540,49.84000000,0
1531194850539,1531194850534,1721533,0.00011540,0.16000000,0
1531194964261,1531194964257,1721534,0.00011480,16.69000000,1
1531194964851,1531194964846,1721535,0.00011490,36.43000000,0
1531194964851,1531194964846,1721536,0.00011500,46.24000000,0
1531194965746,1531194965741,1721537,0.00011500,36.43000000,0
1531194999807,1531194999803,1721538,0.00011510,8.69000000,0
1531195089182,1531195089176,1721539,0.00011510,14.62000000,0
1531195093335,1531195093331,1721540,0.00011490,22.49000000,1
1531195231932,1531195231927,1721541,0.00011500,170.48000000,0
1531195233624,1531195233617,1721542,0.00011500,697.75000000,0
1531195342546,1531195342541,1721543,0.00011490,13.12000000,1
1531195355608,1531195355600,1721544,0.00011500,50.00000000,0
1531195355608,1531195355600,1721545,0.00011530,11.91000000,0
1531195355608,1531195355600,1721546,0.00011550,4.67000000,0
1531195356438,1531195356433,1721547,0.00011530,35.00000000,1
1531195586617,1531195586613,1721548,0.00011510,3.27000000,0
1531195589621,1531195589617,1721549,0.00011510,0.01000000,0
1531195676719,1531195676713,1721550,0.00011510,5.59000000,0
1531195679765,1531195679760,1721551,0.00011510,0.02000000,0
1531196046056,1531196046051,1721552,0.00011490,0.82000000,1
1531196046502,1531196046499,1721553,0.00011490,12.17000000,0
1531196047808,1531196047803,1721554,0.00011490,35.38000000,0
1531196277219,1531196277213,1721555,0.00011490,2.90000000,0
1531196277219,1531196277213,1721556,0.00011500,9.49000000,0
1531196280232,1531196280227,1721557,0.00011500,0.03000000,0
1531196476568,1531196476565,1721558,0.00011510,2.70000000,0
1531196572334,1531196572329,1721559,0.00011500,0.42000000,0
1531196584433,1531196584431,1721560,0.00011500,69.84000000,0
1531196613536,1531196613532,1721561,0.00011500,8.42000000,1
1531196613536,1531196613532,1721562,0.00011480,43.47000000,1
1531196854171,1531196854166,1721563,0.00011500,7.10000000,0
1531196857189,1531196857184,1721564,0.00011500,0.02000000,0
1531196904952,1531196904949,1721565,0.00011500,0.40000000,0
1531196908114,1531196908109,1721566,0.00011500,42.48000000,0
1531196915547,1531196915541,1721567,0.00011500,20.09000000,1
1531196917694,1531196917689,1721568,0.00011510,52.33000000,0
1531196917694,1531196917689,1721569,0.00011520,2.67000000,0
1531196944372,1531196944367,1721570,0.00011520,32.18000000,0
1531196944372,1531196944367,1721571,0.00011540,15.79000000,0
1531196944398,1531196944395,1721572,0.00011540,34.00000000,0
1531196945210,1531196945205,1721573,0.00011540,0.21000000,0
1531196945210,1531196945205,1721574,0.00011550,25.84000000,0
1531196945228,1531196945224,1721575,0.00011550,25.00000000,0
1531196945253,1531196945249,1721576,0.00011550,20.89000000,0
1531196945255,1531196945251,1721577,0.00011550,25.97000000,0
1531196945532,1531196945529,1721578,0.00011550,26.50000000,0
1531196947860,1531196947855,1721579,0.00011500,1.26000000,1
1531196947860,1531196947855,1721580,0.00011490,10.71000000,1
1531196948371,1531196948369,1721581,0.00011540,15.78000000,0
1531197007009,1531197007005,1721582,0.00011550,2.27000000,0
1531197010025,1531197010018,1721583,0.00011550,0.01000000,0
1531197042275,1531197042270,1721584,0.00011550,10.00000000,0
1531197081760,1531197081755,1721585,0.00011550,0.13000000,0
1531197084749,1531197084748,1721586,0.00011550,0.01000000,0
1531197350877,1531197350873,1721587,0.00011550,1.31000000,0
1531197353899,1531197353897,1721588,0.00011550,0.01000000,0
1531197411619,1531197411614,1721589,0.00011540,43.68000000,1
1531197450603,1531197450599,1721590,0.00011550,40.13000000,0
1531197452076,1531197452073,1721591,0.00011550,0.68000000,0
1531197457174,1531197457170,1721592,0.00011550,17.79000000,0
1531197460189,1531197460184,1721593,0.00011550,0.05000000,0
1531197596277,1531197596273,1721594,0.00011550,409.89000000,0
1531197687603,1531197687580,1721595,0.00011550,0.86000000,0
1531197687603,1531197687580,1721596,0.00011570,2.66000000,0
1531197690593,1531197690590,1721597,0.00011570,0.01000000,0
1531197749308,1531197749302,1721598,0.00011600,75.77000000,0
1531197760541,1531197760497,1721599,0.00011600,0.29000000,1
1531197776402,1531197776398,1721600,0.00011600,24.27000000,1
1531197776402,1531197776398,1721601,0.00011580,1.70000000,1
1531197790337,1531197790333,1721602,0.00011620,4.24000000,0
1531197793356,1531197793350,1721603,0.00011620,0.01000000,0
1531197796414,1531197796409,1721604,0.00011620,78.34000000,0
1531197796414,1531197796409,1721605,0.00011640,7.71000000,0
1531197812470,1531197812466,1721606,0.00011620,50.00000000,0
1531197837735,1531197837730,1721607,0.00011640,0.10000000,0
1531197839631,1531197839630,1721608,0.00011610,11.86000000,1
1531197917245,1531197917243,1721609,0.00011640,9.38000000,0
1531197938099,1531197938095,1721610,0.00011660,35.85000000,0
1531197942489,1531197942484,1721611,0.00011690,1.29000000,0
1531198113713,1531198113708,1721612,0.00011690,50.00000000,1
1531198113714,1531198113709,1721613,0.00011680,9.98000000,1
1531198175340,1531198175336,1721614,0.00011720,0.02000000,0
1531198297056,1531198297054,1721615,0.00011680,0.34000000,1
1531198334273,1531198334271,1721616,0.00011720,0.03000000,0
1531198483273,1531198483270,1721617,0.00011720,0.19000000,0
1531198720438,1531198720433,1721618,0.00011680,49.66000000,1
1531198720438,1531198720433,1721619,0.00011660,46.70000000,1
1531198722270,1531198722266,1721620,0.00011670,35.00000000,1
1531198861159,1531198861156,1721621,0.00011680,50.00000000,0
1531198914163,1531198914159,1721622,0.00011690,17.10000000,1
1531198952657,1531198952655,1721623,0.00011660,10.90000000,1
1531199178637,1531199178635,1721624,0.00011660,2.19000000,1
1531199183783,1531199183779,1721625,0.00011660,47.81000000,1
1531199255531,1531199255530,1721626,0.00011630,1.40000000,1
1531199266841,1531199266838,1721627,0.00011630,50.00000000,0
1531199300886,1531199300882,1721628,0.00011640,146.22000000,1
1531199303190,1531199303187,1721629,0.00011670,50.00000000,0
1531199633309,1531199633305,1721630,0.00011710,10.06000000,0
1531199854228,1531199854227,1721631,0.00011710,0.33000000,0
1531199905481,1531199905478,1721632,0.00011660,5.49000000,1
1531199992874,1531199992868,1721633,0.00011660,50.00000000,1
1531200084717,1531200084713,1721634,0.00011630,0.32000000,1
1531200266733,1531200266734,1721635,0.00011640,0.19000000,1
1531200456452,1531200456446,1721636,0.00011650,89.94000000,1
1531200524395,1531200524389,1721637,0.00011640,5.97000000,1
1531200563623,1531200563617,1721638,0.00011640,38.27000000,1
1531200611018,1531200611013,1721639,0.00011640,0.91000000,1
1531200631372,1531200631367,1721640,0.00011640,49.09000000,1
1531200751076,1531200751072,1721641,0.00011600,50.00000000,1
1531200751076,1531200751072,1721642,0.00011590,1.96000000,1
1531200877029,1531200877018,1721643,0.00011590,170.04000000,1
1531200877029,1531200877018,1721644,0.00011580,481.77000000,1
1531200877029,1531200877018,1721645,0.00011530,38.97000000,1
1531200877029,1531200877018,1721646,0.00011520,33.81000000,1
1531200877029,1531200877018,1721647,0.00011510,85.47000000,1
1531200877029,1531200877018,1721648,0.00011500,545.85000000,1
1531200877029,1531200877018,1721649,0.00011490,138.25000000,1
1531200877029,1531200877018,1721650,0.00011480,388.06000000,1
1531200877029,1531200877018,1721651,0.00011460,52.27000000,1
1531200877029,1531200877018,1721652,0.00011450,320.61000000,1
1531200877029,1531200877018,1721653,0.00011440,41.02000000,1
1531200877029,1531200877018,1721654,0.00011430,443.27000000,1
1531200877030,1531200877018,1721655,0.00011420,548.91000000,1
1531200877030,1531200877018,1721656,0.00011400,713.65000000,1
1531200877030,1531200877018,1721657,0.00011380,208.79000000,1
1531200877030,1531200877018,1721658,0.00011360,24.53000000,1
1531200877030,1531200877018,1721659,0.00011350,967.46000000,1
1531200877030,1531200877018,1721660,0.00011340,8.90000000,1
1531200877030,1531200877018,1721661,0.00011300,71.19000000,1
1531200877044,1531200877039,1721662,0.00011410,16.39000000,0
1531200877044,1531200877039,1721663,0.00011410,0.01000000,0
1531200877340,1531200877337,1721664,0.00011550,35.00000000,0
1531200877372,1531200877371,1721665,0.00011550,8.91000000,0
1531200878078,1531200878074,1721666,0.00011510,34.09000000,1
1531200878177,1531200878175,1721667,0.00011540,33.34000000,0
1531200878402,1531200878398,1721668,0.00011540,33.33000000,0
1531200878595,1531200878593,1721669,0.00011510,15.91000000,1
1531200878595,1531200878593,1721670,0.00011480,19.09000000,1
1531200879175,1531200879170,1721671,0.00011540,33.33000000,0
1531200880300,1531200880297,1721672,0.00011530,50.00000000,1
1531200881076,1531200881075,1721673,0.00011530,0.04000000,0
1531200882549,1531200882548,1721674,0.00011520,26.12000000,1
1531200889322,1531200889320,1721675,0.00011480,0.64000000,1
1531200890231,1531200890226,1721676,0.00011500,35.00000000,0
1531200891632,1531200891628,1721677,0.00011500,142.83000000,0
1531200892458,1531200892455,1721678,0.00011500,142.83000000,0
1531200897978,1531200897974,1721679,0.00011480,0.06000000,1
1531200901252,1531200901251,1721680,0.00011430,35.00000000,1
1531200902172,1531200902167,1721681,0.00011480,4.64000000,0
1531200905649,1531200905644,1721682,0.00011440,100.00000000,0
1531200905829,1531200905823,1721683,0.00011440,106.12000000,0
1531200906375,1531200906378,1721684,0.00011440,106.12000000,0
1531200906560,1531200906555,1721685,0.00011440,80.37000000,0
1531200916074,1531200916071,1721686,0.00011460,29.12000000,0
1531200923804,1531200923802,1721687,0.00011430,44.19000000,1
1531200923975,1531200923971,1721688,0.00011430,17.68000000,1
1531200932645,1531200932640,1721689,0.00011460,24.00000000,0
1531200939310,1531200939303,1721690,0.00011460,50.00000000,0
1531200939477,1531200939473,1721691,0.00011490,4.82000000,0
1531200941045,1531200941048,1721692,0.00011440,205.25000000,0
1531200941052,1531200941048,1721693,0.00011440,205.25000000,0
1531200941549,1531200941547,1721694,0.00011440,62.97000000,0
1531200942399,1531200942395,1721695,0.00011430,125.12000000,0
1531200942958,1531200942954,1721696,0.00011430,8.84000000,1
1531200944201,1531200944196,1721697,0.00011430,116.28000000,1
1531200944201,1531200944196,1721698,0.00011420,50.00000000,1
1531200944201,1531200944196,1721699,0.00011410,38.97000000,1
1531200960903,1531200960902,1721700,0.00011440,50.39000000,0
1531200963576,1531200963554,1721701,0.00011440,136.13000000,0
1531200963889,1531200963884,1721702,0.00011440,33.81000000,0
1531200963889,1531200963884,1721703,0.00011460,32.60000000,0
1531200964549,1531200964547,1721704,0.00011460,17.40000000,0
1531200972240,1531200972235,1721705,0.00011420,11.36000000,1
1531200972240,1531200972235,1721706,0.00011410,2655.17000000,1
1531200997614,1531200997609,1721707,0.00011440,11.36000000,0
1531201012640,1531201012637,1721708,0.00011450,8.74000000,0
1531201020443,1531201020438,1721709,0.00011450,1.08000000,0
1531201023456,1531201023455,1721710,0.00011450,0.01000000,0
1531201059473,1531201059470,1721711,0.00011410,37.04000000,1
1531201069858,1531201069852,1721712,0.00011410,12.96000000,1
1531201069858,1531201069852,1721713,0.00011390,1018.91000000,1
1531201069919,1531201069914,1721714,0.00011390,17.66000000,0
1531201070013,1531201070008,1721715,0.00011390,17.70000000,0
1531201070139,1531201070138,1721716,0.00011390,1232.73000000,0
1531201070356,1531201070351,1721717,0.00011390,821.76000000,0
1531201070634,1531201070630,1721718,0.00011390,58.36000000,0
1531201071042,1531201071037,1721719,0.00011370,49.77000000,0
1531201071796,1531201071791,1721720,0.00011380,0.23000000,1
1531201071826,1531201071823,1721721,0.00011370,20.43000000,0
1531201072947,1531201072942,1721722,0.00011360,76.66000000,1
1531201073693,1531201073689,1721723,0.00011360,32.99000000,1
1531201073869,1531201073863,1721724,0.00011360,33.23000000,1
1531201074578,1531201074574,1721725,0.00011370,91.82000000,0
1531201074895,1531201074890,1721726,0.00011360,0.44000000,1
1531201074992,1531201074986,1721727,0.00011370,17.59000000,0
1531201075390,1531201075385,1721728,0.00011370,18.92000000,0
1531201075628,1531201075626,1721729,0.00011370,317.44000000,0
1531201077554,1531201077550,1721730,0.00011380,50.00000000,0
1531201079406,1531201079401,1721731,0.00011380,50.00000000,0
1531201081708,1531201081704,1721732,0.00011370,41.72000000,1
1531201085636,1531201085630,1721733,0.00011370,7.53000000,1
1531201085636,1531201085630,1721734,0.00011360,310.48000000,1
1531201085636,1531201085630,1721735,0.00011350,87.99000000,1
1531201085636,1531201085630,1721736,0.00011340,53.17000000,1
1531201085693,1531201085693,1721737,0.00011340,24.23000000,0
1531201086236,1531201086231,1721738,0.00011340,53.17000000,0
1531201087963,1531201087961,1721739,0.00011330,52.27000000,1
1531201089075,1531201089069,1721740,0.00011330,51.32000000,1
1531201089201,1531201089196,1721741,0.00011340,48.66000000,0
1531201089278,1531201089273,1721742,0.00011340,121.29000000,0
1531201092313,1531201092307,1721743,0.00011340,122.86000000,0
1531201098942,1531201098937,1721744,0.00011340,35.55000000,0
1531201101439,1531201101434,1721745,0.00011340,8.80000000,0
1531201101955,1531201101949,1721746,0.00011340,0.09000000,0
1531201105778,1531201105776,1721747,0.00011330,10.21000000,0
1531201107125,1531201107118,1721748,0.00011330,28.62000000,1
1531201107125,1531201107118,1721749,0.00011300,48.01000000,1
1531201107125,1531201107118,1721750,0.00011290,6.84000000,1
1531201107387,1531201107382,1721751,0.00011290,74.74000000,1
1531201107387,1531201107382,1721752,0.00011260,8.87000000,1
1531201107564,1531201107560,1721753,0.00011340,41.15000000,0
1531201110466,1531201110463,1721754,0.00011330,18.52000000,0
1531201110467,1531201110463,1721755,0.00011330,18.55000000,0
1531201113321,1531201113319,1721756,0.00011330,13.11000000,0
1531201126055,1531201126052,1721757,0.00011330,0.04000000,0
1531201128586,1531201128584,1721758,0.00011330,35.00000000,0
1531201129563,1531201129562,1721759,0.00011320,18.52000000,1
1531201132408,1531201132404,1721760,0.00011320,33.50000000,1
1531201144796,1531201144792,1721761,0.00011300,17.88000000,1
1531201154414,1531201154417,1721762,0.00011320,20.37000000,0
1531201162215,1531201162210,1721763,0.00011310,3.93000000,0
1531201165222,1531201165218,1721764,0.00011300,17.79000000,1
1531201165229,1531201165225,1721765,0.00011300,0.01000000,0
1531201171910,1531201171911,1721766,0.00011300,26.90000000,0
1531201179951,1531201179954,1721767,0.00011300,240.62000000,0
1531201193997,1531201193993,1721768,0.00011300,259.38000000,1
1531201208170,1531201208165,1721769,0.00011290,13.17000000,0
1531201218128,1531201218123,1721770,0.00011290,12.22000000,0
1531201243393,1531201243387,1721771,0.00011290,0.89000000,0
1531201246396,1531201246394,1721772,0.00011290,0.01000000,0
1531201248350,1531201248352,1721773,0.00011280,82.37000000,1
1531201259163,1531201259159,1721774,0.00011290,8.86000000,0
1531201318307,1531201318309,1721775,0.00011290,14.09000000,0
1531201320329,1531201320327,1721776,0.00011300,49.84000000,0
1531201332537,1531201332532,1721777,0.00011300,8.84000000,0
1531201476197,1531201476193,1721778,0.00011300,8.77000000,0
1531201483681,1531201483676,1721779,0.00011300,8.84000000,0
1531201517326,1531201517320,1721780,0.00011300,44.00000000,0
1531201518259,1531201518255,1721781,0.00011300,9.61000000,0
1531201521270,1531201521264,1721782,0.00011300,0.02000000,0
1531201528345,1531201528341,1721783,0.00011290,8.95000000,1
1531201548805,1531201548801,1721784,0.00011300,9.35000000,0
1531201551820,1531201551815,1721785,0.00011300,0.02000000,0
1531201577064,1531201577061,1721786,0.00011290,299.08000000,1
1531201603070,1531201603066,1721787,0.00011300,1.35000000,0
1531201648404,1531201648402,1721788,0.00011300,8.84000000,0
1531201680411,1531201680406,1721789,0.00011300,2.13000000,0
1531201683421,1531201683420,1721790,0.00011300,0.01000000,0
1531201691956,1531201691950,1721791,0.00011300,8.84000000,0
1531201692570,1531201692568,1721792,0.00011300,33.23000000,0
1531201715529,1531201715524,1721793,0.00011290,100.00000000,1
1531201767033,1531201767027,1721794,0.00011310,44.37000000,0
1531201777971,1531201777969,1721795,0.00011300,36.47000000,1
1531201783336,1531201783332,1721796,0.00011290,79.84000000,1
1531201813514,1531201813509,1721797,0.00011290,83.00000000,1
1531201825264,1531201825256,1721798,0.00011300,3.33000000,0
1531201837683,1531201837678,1721799,0.00011320,15.16000000,0
1531201850862,1531201850859,1721800,0.00011310,28.12000000,0
1531201862419,1531201862415,1721801,0.00011310,3.45000000,0
1531201865456,1531201865452,1721802,0.00011310,0.01000000,0
1531201955067,1531201955058,1721803,0.00011260,18.98000000,1
1531201961895,1531201961892,1721804,0.00011300,13.70000000,0
1531201962780,1531201962776,1721805,0.00011260,60.14000000,1
1531201963076,1531201963075,1721806,0.00011260,19.01000000,0
1531201963792,1531201963787,1721807,0.00011240,21.48000000,1
1531201963845,1531201963841,1721808,0.00011240,35.00000000,0
1531201964561,1531201964556,1721809,0.00011240,202.36000000,0
1531201965340,1531201965337,1721810,0.00011250,8.88000000,0
1531201965686,1531201965681,1721811,0.00011230,16.69000000,1
1531201965721,1531201965716,1721812,0.00011250,1.33000000,0
1531201975778,1531201975775,1721813,0.00011240,35.00000000,1
1531201976282,1531201976277,1721814,0.00011240,15.00000000,1
1531201983802,1531201983799,1721815,0.00011230,10.10000000,1
1531201983802,1531201983799,1721816,0.00011220,70.87000000,1
1531201983803,1531201983799,1721817,0.00011220,115.10000000,1
1531201983803,1531201983799,1721818,0.00011210,63.01000000,1
1531201983803,1531201983799,1721819,0.00011200,51.89000000,1
1531201983805,1531201983799,1721820,0.00011200,20.19000000,1
1531201983805,1531201983799,1721821,0.00011190,278.71000000,1
1531201983805,1531201983799,1721822,0.00011190,35.74000000,1
1531201983805,1531201983799,1721823,0.00011190,197.63000000,1
1531201983822,1531201983818,1721824,0.00011220,35.00000000,0
1531201983857,1531201983852,1721825,0.00011220,14.95000000,0
1531201984566,1531201984562,1721826,0.00011200,35.00000000,1
1531201984774,1531201984771,1721827,0.00011200,83.61000000,1
1531201998674,1531201998670,1721828,0.00011240,85.73000000,0
1531201999738,1531201999739,1721829,0.00011240,86.36000000,0
1531202000891,1531202000893,1721830,0.00011200,0.07000000,1
1531202002187,1531202002183,1721831,0.00011240,42.46000000,0
1531202006671,1531202006667,1721832,0.00011230,221.06000000,0
1531202009190,1531202009186,1721833,0.00011230,28.72000000,0
1531202009863,1531202009856,1721834,0.00011230,5.13000000,0
1531202014979,1531202014973,1721835,0.00011220,107.58000000,1
1531202015077,1531202015072,1721836,0.00011220,143.21000000,1
1531202035519,1531202035514,1721837,0.00011180,90.19000000,1
1531202035519,1531202035514,1721838,0.00011170,6.68000000,1
1531202037859,1531202037858,1721839,0.00011190,19.30000000,0
1531202049388,1531202049384,1721840,0.00011190,5.98000000,0
1531202049388,1531202049384,1721841,0.00011220,20.00000000,0
1531202052797,1531202052790,1721842,0.00011170,18.09000000,1
1531202053078,1531202053074,1721843,0.00011170,9.05000000,1
1531202055786,1531202055780,1721844,0.00011220,181.78000000,0
1531202055786,1531202055780,1721845,0.00011230,723.82000000,0
1531202060598,1531202060594,1721846,0.00011210,50.00000000,0
1531202060598,1531202060594,1721847,0.00011220,12.76000000,0
1531202067292,1531202067286,1721848,0.00011170,42.00000000,1
1531202067292,1531202067286,1721849,0.00011160,43.10000000,1
