event_time,trade_time,trade_id,price,quantity,maker
1531160332522,1531160332519,1396558,0.00003412,184.00000000,1
1531160359167,1531160359163,1396559,0.00003414,292.00000000,0
1531160385893,1531160385890,1396560,0.00003413,2973.00000000,0
1531160385905,1531160385905,1396561,0.00003412,1459.00000000,1
1531160385926,1531160385923,1396562,0.00003412,1293.00000000,1
1531160420317,1531160420314,1396563,0.00003413,3157.00000000,0
1531160420331,1531160420328,1396564,0.00003412,1224.00000000,1
1531160464437,1531160464434,1396565,0.00003413,535.00000000,0
1531160464451,1531160464446,1396566,0.00003412,229.00000000,1
1531160481846,1531160481842,1396567,0.00003413,1758.00000000,0
1531160481858,1531160481855,1396568,0.00003412,1001.00000000,1
1531160481879,1531160481875,1396569,0.00003412,916.00000000,1
1531160542072,1531160542069,1396570,0.00003414,292.00000000,0
1531160545474,1531160545471,1396571,0.00003413,1068.00000000,0
1531160545491,1531160545488,1396572,0.00003412,490.00000000,1
1531160564501,1531160564498,1396573,0.00003413,3497.00000000,0
1531160564515,1531160564512,1396574,0.00003412,41.00000000,1
1531160564533,1531160564530,1396575,0.00003412,1206.00000000,1
1531160584965,1531160584962,1396576,0.00003413,735.00000000,0
1531160584981,1531160584979,1396577,0.00003412,981.00000000,1
1531160585002,1531160584998,1396578,0.00003412,299.00000000,1
1531160608817,1531160608816,1396579,0.00003412,212.00000000,1
1531160627106,1531160627101,1396580,0.00003410,798.00000000,0
1531160627114,1531160627110,1396581,0.00003407,753.00000000,1
1531160650285,1531160650282,1396582,0.00003406,190.00000000,1
1531160667915,1531160667911,1396583,0.00003407,1363.00000000,1
1531160667931,1531160667928,1396584,0.00003407,731.00000000,1
1531160725379,1531160725374,1396585,0.00003410,1884.00000000,0
1531160725389,1531160725386,1396586,0.00003407,785.00000000,1
1531160744037,1531160744032,1396587,0.00003410,2790.00000000,0
1531160744056,1531160744052,1396588,0.00003407,1057.00000000,1
1531160764815,1531160764813,1396589,0.00003410,4392.00000000,0
1531160764827,1531160764822,1396590,0.00003407,467.00000000,1
1531160764842,1531160764839,1396591,0.00003407,1474.00000000,1
1531160798225,1531160798222,1396592,0.00003407,867.00000000,1
1531160798245,1531160798244,1396593,0.00003407,612.00000000,1
1531160844412,1531160844409,1396594,0.00003407,715.00000000,1
1531160885072,1531160885067,1396595,0.00003407,90.00000000,1
1531160906568,1531160906563,1396596,0.00003407,1037.00000000,1
1531160916179,1531160916175,1396597,0.00003410,2851.00000000,0
1531160916188,1531160916184,1396598,0.00003407,957.00000000,1
1531160916210,1531160916207,1396599,0.00003407,1188.00000000,1
1531160943652,1531160943649,1396600,0.00003407,620.00000000,1
1531160943673,1531160943669,1396601,0.00003407,561.00000000,1
1531160956083,1531160956079,1396602,0.00003410,149.00000000,0
1531160956102,1531160956099,1396603,0.00003407,89.00000000,1
1531160985690,1531160985684,1396604,0.00003410,346.00000000,0
1531160985699,1531160985696,1396605,0.00003407,141.00000000,1
1531161015145,1531161015125,1396606,0.00003410,2287.00000000,0
1531161015145,1531161015133,1396607,0.00003407,1230.00000000,1
1531161064859,1531161064856,1396608,0.00003407,92.00000000,1
1531161069967,1531161069962,1396609,0.00003406,502.00000000,1
1531161069967,1531161069962,1396610,0.00003402,244.00000000,1
1531161069967,1531161069962,1396611,0.00003398,30.00000000,1
1531161069967,1531161069962,1396612,0.00003392,30.00000000,1
1531161069967,1531161069962,1396613,0.00003388,498.00000000,1
1531161069967,1531161069962,1396614,0.00003385,2836.00000000,1
1531161069967,1531161069962,1396615,0.00003384,30.00000000,1
1531161069967,1531161069962,1396616,0.00003377,300.00000000,1
1531161069980,1531161069976,1396617,0.00003377,1055.00000000,0
1531161069993,1531161069991,1396618,0.00003380,50.00000000,0
1531161099478,1531161099475,1396619,0.00003397,957.00000000,0
1531161099492,1531161099489,1396620,0.00003392,618.00000000,1
1531161099512,1531161099509,1396621,0.00003392,825.00000000,1
1531161145255,1531161145252,1396622,0.00003392,576.00000000,1
1531161158256,1531161158251,1396623,0.00003397,3318.00000000,0
1531161158273,1531161158268,1396624,0.00003392,1338.00000000,1
1531161184195,1531161184192,1396625,0.00003392,1183.00000000,1
1531161194831,1531161194828,1396626,0.00003392,252.00000000,1
1531161194849,1531161194845,1396627,0.00003392,1199.00000000,1
1531161206706,1531161206702,1396628,0.00003392,1015.00000000,1
1531161244908,1531161244905,1396629,0.00003392,751.00000000,1
1531161268092,1531161268088,1396630,0.00003397,629.00000000,0
1531161268108,1531161268104,1396631,0.00003392,269.00000000,1
1531161286532,1531161286526,1396632,0.00003392,332.00000000,1
1531161298788,1531161298784,1396633,0.00003397,2437.00000000,0
1531161298806,1531161298803,1396634,0.00003392,1118.00000000,1
1531161346426,1531161346422,1396635,0.00003397,3156.00000000,0
1531161346442,1531161346438,1396636,0.00003392,1123.00000000,1
1531161346454,1531161346451,1396637,0.00003392,1448.00000000,1
1531161375063,1531161375058,1396638,0.00003397,1548.00000000,0
1531161375084,1531161375079,1396639,0.00003392,1408.00000000,1
1531161425884,1531161425879,1396640,0.00003397,3180.00000000,0
1531161425904,1531161425899,1396641,0.00003392,1000.00000000,1
1531161425919,1531161425916,1396642,0.00003392,1214.00000000,1
1531161459423,1531161459419,1396643,0.00003396,2076.00000000,0
1531161459438,1531161459434,1396644,0.00003391,1012.00000000,1
1531161459459,1531161459455,1396645,0.00003391,1028.00000000,1
1531161506202,1531161506198,1396646,0.00003392,349.00000000,1
1531161506215,1531161506210,1396647,0.00003392,324.00000000,1
1531161525576,1531161525572,1396648,0.00003392,847.00000000,1
1531161525589,1531161525585,1396649,0.00003392,1395.00000000,1
1531161587004,1531161587000,1396650,0.00003396,1378.00000000,0
1531161587009,1531161587005,1396651,0.00003391,915.00000000,1
1531161587024,1531161587020,1396652,0.00003391,1168.00000000,1
1531161593776,1531161593772,1396653,0.00003396,176.00000000,0
1531161593789,1531161593784,1396654,0.00003391,732.00000000,1
1531161593805,1531161593800,1396655,0.00003391,119.00000000,1
1531161623609,1531161623605,1396656,0.00003392,616.00000000,1
1531161625454,1531161625316,1396657,0.00003392,164.00000000,1
1531161625477,1531161625465,1396658,0.00003392,477.00000000,0
1531161664730,1531161664726,1396659,0.00003392,1310.00000000,1
1531161664750,1531161664744,1396660,0.00003392,598.00000000,1
1531161697227,1531161697223,1396661,0.00003397,491.00000000,0
1531161697239,1531161697235,1396662,0.00003392,268.00000000,1
1531161697257,1531161697251,1396663,0.00003392,296.00000000,1
1531161745778,1531161745773,1396664,0.00003397,237.00000000,0
1531161745788,1531161745783,1396665,0.00003392,195.00000000,1
1531161789986,1531161789982,1396666,0.00003397,922.00000000,0
1531161790000,1531161789996,1396667,0.00003392,862.00000000,1
1531161790011,1531161790007,1396668,0.00003392,615.00000000,1
1531161806312,1531161806308,1396669,0.00003397,654.00000000,0
1531161806329,1531161806325,1396670,0.00003392,221.00000000,1
1531161825672,1531161825669,1396671,0.00003397,700.00000000,0
1531161825682,1531161825678,1396672,0.00003392,515.00000000,1
1531161865541,1531161865539,1396673,0.00003398,2382.00000000,0
1531161865557,1531161865553,1396674,0.00003394,641.00000000,1
1531161865577,1531161865572,1396675,0.00003394,1418.00000000,1
1531161888151,1531161888147,1396676,0.00003397,1252.00000000,0
1531161888170,1531161888167,1396677,0.00003397,687.00000000,1
1531161926668,1531161926663,1396678,0.00003397,1371.00000000,0
1531161926688,1531161926683,1396679,0.00003393,591.00000000,1
1531161953505,1531161953499,1396680,0.00003402,293.00000000,0
1531161972615,1531161972612,1396681,0.00003393,358.00000000,1
1531161972639,1531161972636,1396682,0.00003393,327.00000000,1
1531162024519,1531162024515,1396683,0.00003398,1386.00000000,0
1531162024535,1531162024531,1396684,0.00003395,550.00000000,1
1531162063838,1531162063834,1396685,0.00003395,406.00000000,1
1531162129882,1531162129877,1396686,0.00003402,222.00000000,0
1531162129890,1531162129888,1396687,0.00003402,2321.00000000,0
1531162152637,1531162152633,1396688,0.00003401,2050.00000000,0
1531162152651,1531162152647,1396689,0.00003399,1235.00000000,1
1531162185409,1531162185404,1396690,0.00003405,1225.00000000,1
1531162216181,1531162216176,1396691,0.00003407,490.00000000,1
1531162216199,1531162216195,1396692,0.00003407,1241.00000000,1
1531162245398,1531162245394,1396693,0.00003407,1092.00000000,1
1531162252941,1531162252937,1396694,0.00003407,1250.00000000,1
1531162252956,1531162252955,1396695,0.00003407,1163.00000000,0
1531162252974,1531162252969,1396696,0.00003407,269.00000000,1
1531162252991,1531162252986,1396697,0.00003407,981.00000000,1
1531162305573,1531162305569,1396698,0.00003407,1751.00000000,1
1531162305586,1531162305580,1396699,0.00003407,83.00000000,0
1531162305603,1531162305598,1396700,0.00003407,1023.00000000,1
1531162305620,1531162305616,1396701,0.00003407,728.00000000,1
1531162353524,1531162353519,1396702,0.00003408,254.00000000,0
1531162383809,1531162383804,1396703,0.00003409,1444.00000000,1
1531162393462,1531162393458,1396704,0.00003411,1280.00000000,0
1531162393544,1531162393540,1396705,0.00003409,1231.00000000,1
1531162435273,1531162435270,1396706,0.00003413,254.00000000,0
1531162435273,1531162435270,1396707,0.00003414,38.00000000,0
1531162445111,1531162445107,1396708,0.00003410,217.00000000,0
1531162445118,1531162445113,1396709,0.00003406,449.00000000,1
1531162445136,1531162445132,1396710,0.00003406,83.00000000,1
1531162465763,1531162465758,1396711,0.00003406,1020.00000000,1
1531162465780,1531162465770,1396712,0.00003406,270.00000000,1
1531162486575,1531162486570,1396713,0.00003410,336.00000000,0
1531162486594,1531162486590,1396714,0.00003406,1153.00000000,1
1531162486612,1531162486608,1396715,0.00003406,179.00000000,1
1531162494131,1531162494126,1396716,0.00003410,1550.00000000,0
1531162494146,1531162494141,1396717,0.00003406,1192.00000000,1
1531162494158,1531162494153,1396718,0.00003406,923.00000000,1
1531162504604,1531162504599,1396719,0.00003406,1496.00000000,1
1531162504622,1531162504617,1396720,0.00003406,92.00000000,1
1531162525024,1531162525020,1396721,0.00003406,1398.00000000,1
1531162525035,1531162525029,1396722,0.00003406,91.00000000,1
1531162562326,1531162562321,1396723,0.00003411,1838.00000000,1
1531162562326,1531162562321,1396724,0.00003410,483.00000000,1
1531162575632,1531162575628,1396725,0.00003411,1498.00000000,1
1531162586988,1531162586983,1396726,0.00003410,242.00000000,1
1531162590047,1531162590043,1396727,0.00003411,156.00000000,0
1531162605469,1531162605464,1396728,0.00003411,780.00000000,1
1531162605484,1531162605479,1396729,0.00003411,689.00000000,1
1531162608699,1531162608692,1396730,0.00003410,123.00000000,1
1531162631303,1531162631299,1396731,0.00003412,1281.00000000,1
1531162645151,1531162645146,1396732,0.00003413,836.00000000,0
1531162645170,1531162645166,1396733,0.00003412,1382.00000000,1
1531162645186,1531162645181,1396734,0.00003412,573.00000000,1
1531162656483,1531162656478,1396735,0.00003412,1025.00000000,1
1531162656501,1531162656497,1396736,0.00003412,802.00000000,1
1531162673849,1531162673844,1396737,0.00003414,130.00000000,0
1531162681476,1531162681470,1396738,0.00003414,457.00000000,0
1531162681476,1531162681470,1396739,0.00003415,90.00000000,0
1531162681476,1531162681470,1396740,0.00003416,415.00000000,0
1531162681476,1531162681470,1396741,0.00003417,5713.00000000,0
1531162684472,1531162684467,1396742,0.00003417,836.00000000,0
1531162698103,1531162698099,1396743,0.00003417,3366.00000000,0
1531162704277,1531162704272,1396744,0.00003418,43.00000000,1
1531162706863,1531162706859,1396745,0.00003419,405.00000000,0
1531162706874,1531162706869,1396746,0.00003418,701.00000000,1
1531162706900,1531162706896,1396747,0.00003418,105.00000000,1
1531162708045,1531162708039,1396748,0.00003418,43.00000000,0
1531162708045,1531162708039,1396749,0.00003421,119.00000000,0
1531162708045,1531162708039,1396750,0.00003423,243.00000000,0
1531162708045,1531162708039,1396751,0.00003426,30.00000000,0
1531162708045,1531162708039,1396752,0.00003429,40.00000000,0
1531162708045,1531162708039,1396753,0.00003432,60.00000000,0
1531162708045,1531162708039,1396754,0.00003434,104.00000000,0
1531162708045,1531162708039,1396755,0.00003436,30.00000000,0
1531162708045,1531162708039,1396756,0.00003439,71.00000000,0
1531162714640,1531162714636,1396757,0.00003423,44.00000000,1
1531162715763,1531162715757,1396758,0.00003424,40.00000000,1
1531162719767,1531162719762,1396759,0.00003423,40.00000000,1
1531162721193,1531162721188,1396760,0.00003423,40.00000000,1
1531162722194,1531162722189,1396761,0.00003423,119.00000000,1
1531162722194,1531162722189,1396762,0.00003420,89.00000000,1
1531162739162,1531162739155,1396763,0.00003420,208.00000000,1
1531162747258,1531162747254,1396764,0.00003421,1099.00000000,1
1531162747280,1531162747274,1396765,0.00003421,841.00000000,1
1531162764086,1531162764079,1396766,0.00003430,266.00000000,0
1531162764107,1531162764101,1396767,0.00003430,38.00000000,0
1531162764153,1531162764148,1396768,0.00003424,38.00000000,1
1531162766339,1531162766335,1396769,0.00003424,108.00000000,1
1531162772584,1531162772579,1396770,0.00003423,348.00000000,1
1531162772595,1531162772591,1396771,0.00003423,69.00000000,0
1531162772605,1531162772601,1396772,0.00003423,348.00000000,1
1531162832303,1531162832299,1396773,0.00003423,82.00000000,1
1531162837895,1531162837891,1396774,0.00003423,43.00000000,1
1531162844947,1531162844941,1396775,0.00003423,43.00000000,1
1531162879037,1531162879032,1396776,0.00003423,520.00000000,1
1531163167054,1531163167048,1396777,0.00003424,108.00000000,0
1531163168214,1531163168208,1396778,0.00003425,1500.00000000,1
1531163170056,1531163170051,1396779,0.00003425,602.00000000,1
1531163170731,1531163170726,1396780,0.00003425,602.00000000,1
1531163172372,1531163172367,1396781,0.00003426,383.00000000,1
1531163174252,1531163174247,1396782,0.00003425,5335.00000000,1
1531163178139,1531163178134,1396783,0.00003425,602.00000000,1
1531163180338,1531163180333,1396784,0.00003425,82.00000000,1
1531163188173,1531163188169,1396785,0.00003434,30.00000000,0
1531163188335,1531163188328,1396786,0.00003426,43.00000000,1
1531163199165,1531163199161,1396787,0.00003434,10.00000000,0
1531163199165,1531163199161,1396788,0.00003435,20.00000000,0
1531163205979,1531163205974,1396789,0.00003434,354.00000000,0
1531163230285,1531163230280,1396790,0.00003427,1026.00000000,1
1531163261676,1531163261670,1396791,0.00003434,43.00000000,0
1531163261676,1531163261670,1396792,0.00003435,222.00000000,0
1531163261676,1531163261670,1396793,0.00003440,26.00000000,0
1531163273229,1531163273224,1396794,0.00003440,57.00000000,0
1531163277663,1531163277657,1396795,0.00003440,196.00000000,1
1531163277699,1531163277694,1396796,0.00003440,250.00000000,1
1531163346031,1531163346027,1396797,0.00003433,4062.00000000,0
1531163346048,1531163346042,1396798,0.00003430,268.00000000,1
1531163346071,1531163346066,1396799,0.00003430,1472.00000000,1
1531163351725,1531163351715,1396800,0.00003437,146.00000000,0
1531163351725,1531163351715,1396801,0.00003440,51.00000000,0
1531163351725,1531163351715,1396802,0.00003443,93.00000000,0
1531163386505,1531163386500,1396803,0.00003442,370.00000000,0
1531163386522,1531163386518,1396804,0.00003442,1076.00000000,0
1531163424770,1531163424765,1396805,0.00003438,2418.00000000,0
1531163424785,1531163424779,1396806,0.00003433,1406.00000000,1
1531163424814,1531163424808,1396807,0.00003433,1493.00000000,1
1531163471768,1531163471762,1396808,0.00003437,1692.00000000,0
1531163471776,1531163471771,1396809,0.00003442,596.00000000,0
1531163486414,1531163486411,1396810,0.00003433,145.00000000,0
1531163496412,1531163496406,1396811,0.00003433,1036.00000000,0
1531163542101,1531163542095,1396812,0.00003433,291.00000000,0
1531163551455,1531163551449,1396813,0.00003433,30.00000000,0
1531163593168,1531163593163,1396814,0.00003433,1268.00000000,0
1531163722998,1531163722992,1396815,0.00003433,204.00000000,0
1531163781723,1531163781716,1396816,0.00003433,152.00000000,0
1531163805661,1531163805654,1396817,0.00003434,437.00000000,1
1531163805678,1531163805673,1396818,0.00003434,170.00000000,1
1531163817619,1531163817614,1396819,0.00003443,148.00000000,0
1531163817619,1531163817614,1396820,0.00003445,30.00000000,0
1531163817619,1531163817614,1396821,0.00003450,112.00000000,0
1531163841522,1531163841517,1396822,0.00003449,1346.00000000,0
1531163841537,1531163841531,1396823,0.00003449,1075.00000000,0
1531163847248,1531163847243,1396824,0.00003436,180.00000000,1
1531163847768,1531163847762,1396825,0.00003436,144.00000000,0
1531163847768,1531163847762,1396826,0.00003450,1.00000000,0
1531163854757,1531163854753,1396827,0.00003449,30.00000000,0
1531163855199,1531163855193,1396828,0.00003449,59.00000000,0
1531163855769,1531163855763,1396829,0.00003449,30.00000000,0
1531163856321,1531163856315,1396830,0.00003449,59.00000000,0
1531163863577,1531163863572,1396831,0.00003434,2.00000000,1
1531163865410,1531163865405,1396832,0.00003441,674.00000000,0
1531163865428,1531163865422,1396833,0.00003448,1049.00000000,0
1531163865446,1531163865441,1396834,0.00003448,475.00000000,0
1531163904089,1531163904084,1396835,0.00003448,30.00000000,1
1531163907407,1531163907402,1396836,0.00003448,13.00000000,0
1531163907407,1531163907402,1396837,0.00003450,276.00000000,0
1531163908523,1531163908517,1396838,0.00003442,241.00000000,1
1531163913689,1531163913684,1396839,0.00003447,1215.00000000,0
1531163941012,1531163941005,1396840,0.00003436,175.00000000,1
1531163966711,1531163966705,1396841,0.00003435,1038.00000000,1
1531163966726,1531163966721,1396842,0.00003435,788.00000000,1
1531164011711,1531164011706,1396843,0.00003434,242.00000000,1
1531164011739,1531164011734,1396844,0.00003433,583.00000000,1
1531164011764,1531164011759,1396845,0.00003432,242.00000000,1
1531164011864,1531164011858,1396846,0.00003432,3039.00000000,1
1531164047284,1531164047277,1396847,0.00003433,1424.00000000,1
1531164047307,1531164047302,1396848,0.00003433,388.00000000,1
1531164071303,1531164071297,1396849,0.00003439,1716.00000000,0
1531164071318,1531164071311,1396850,0.00003433,1129.00000000,1
1531164104306,1531164104300,1396851,0.00003443,175.00000000,0
1531164104306,1531164104300,1396852,0.00003444,1580.00000000,0
1531164104306,1531164104300,1396853,0.00003448,233.00000000,0
1531164104361,1531164104356,1396854,0.00003432,653.00000000,1
1531164104959,1531164104955,1396855,0.00003433,145.00000000,1
1531164104980,1531164104977,1396856,0.00003433,145.00000000,1
1531164108553,1531164108547,1396857,0.00003433,306.00000000,1
1531164110491,1531164110486,1396858,0.00003433,257.00000000,1
1531164166190,1531164166183,1396859,0.00003437,1123.00000000,1
1531164194545,1531164194540,1396860,0.00003436,1.00000000,1
1531164196339,1531164196335,1396861,0.00003433,1.00000000,1
1531164197917,1531164197911,1396862,0.00003447,853.00000000,0
1531164197917,1531164197911,1396863,0.00003448,59.00000000,0
1531164254009,1531164254003,1396864,0.00003442,1319.00000000,0
1531164254017,1531164254011,1396865,0.00003437,868.00000000,1
1531164264574,1531164264568,1396866,0.00003441,3034.00000000,0
1531164264588,1531164264584,1396867,0.00003435,201.00000000,1
1531164264588,1531164264584,1396868,0.00003434,1085.00000000,1
1531164276083,1531164276077,1396869,0.00003440,216.00000000,0
1531164276097,1531164276092,1396870,0.00003434,103.00000000,1
1531164326814,1531164326811,1396871,0.00003441,564.00000000,0
1531164326830,1531164326824,1396872,0.00003435,452.00000000,1
1531164326854,1531164326849,1396873,0.00003435,264.00000000,1
1531164335170,1531164335164,1396874,0.00003447,201.00000000,0
1531164335170,1531164335164,1396875,0.00003448,533.00000000,0
1531164335170,1531164335164,1396876,0.00003449,583.00000000,0
1531164335170,1531164335164,1396877,0.00003450,477.00000000,0
1531164347569,1531164347563,1396878,0.00003450,151.00000000,0
1531164367475,1531164367469,1396879,0.00003439,43.00000000,1
1531164375145,1531164375140,1396880,0.00003442,1080.00000000,1
1531164385764,1531164385760,1396881,0.00003444,2306.00000000,0
1531164385776,1531164385771,1396882,0.00003440,655.00000000,1
1531164385795,1531164385788,1396883,0.00003440,994.00000000,1
1531164428921,1531164428914,1396884,0.00003441,953.00000000,1
1531164459880,1531164459873,1396885,0.00003449,43.00000000,0
1531164459880,1531164459873,1396886,0.00003450,182.00000000,0
1531164459880,1531164459873,1396887,0.00003451,64.00000000,0
1531164483359,1531164483353,1396888,0.00003441,626.00000000,1
1531164632107,1531164632101,1396889,0.00003435,303.00000000,1
1531164635444,1531164635439,1396890,0.00003435,476.00000000,1
1531164658375,1531164658369,1396891,0.00003432,151.00000000,1
1531164678049,1531164678044,1396892,0.00003435,303.00000000,0
1531164684984,1531164684978,1396893,0.00003438,3265.00000000,0
1531164684991,1531164684986,1396894,0.00003436,1256.00000000,1
1531164716977,1531164716972,1396895,0.00003436,497.00000000,1
1531164717003,1531164716999,1396896,0.00003436,1025.00000000,1
1531164744596,1531164744591,1396897,0.00003436,34.00000000,1
1531164767275,1531164767269,1396898,0.00003438,400.00000000,0
1531164767283,1531164767277,1396899,0.00003436,334.00000000,1
1531164826054,1531164826047,1396900,0.00003437,1085.00000000,1
1531164826075,1531164826070,1396901,0.00003437,176.00000000,1
1531164858464,1531164858461,1396902,0.00003439,1503.00000000,0
1531164858474,1531164858469,1396903,0.00003437,856.00000000,1
1531164858491,1531164858486,1396904,0.00003437,737.00000000,1
1531164886319,1531164886315,1396905,0.00003438,1388.00000000,0
1531164886337,1531164886331,1396906,0.00003440,871.00000000,0
1531164886348,1531164886343,1396907,0.00003440,1102.00000000,0
1531164891752,1531164891747,1396908,0.00003440,341.00000000,0
1531164929349,1531164929343,1396909,0.00003436,37.00000000,1
1531164947484,1531164947479,1396910,0.00003438,1625.00000000,0
1531164947492,1531164947487,1396911,0.00003440,1270.00000000,0
1531164995228,1531164995223,1396912,0.00003440,516.00000000,0
1531165024108,1531165024102,1396913,0.00003440,301.00000000,0
1531165024810,1531165024807,1396914,0.00003440,516.00000000,0
1531165039072,1531165039065,1396915,0.00003440,301.00000000,1
1531165039326,1531165039320,1396916,0.00003436,4.00000000,1
1531165053578,1531165053571,1396917,0.00003436,72.00000000,1
1531165067306,1531165067303,1396918,0.00003438,1800.00000000,0
1531165067319,1531165067316,1396919,0.00003437,1059.00000000,1
1531165067329,1531165067325,1396920,0.00003440,516.00000000,0
1531165085745,1531165085740,1396921,0.00003441,158.00000000,1
1531165089586,1531165089581,1396922,0.00003441,1113.00000000,1
1531165089603,1531165089598,1396923,0.00003440,301.00000000,1
1531165126653,1531165126648,1396924,0.00003439,508.00000000,1
1531165147253,1531165147248,1396925,0.00003439,471.00000000,1
1531165175479,1531165175473,1396926,0.00003439,50.00000000,0
1531165175479,1531165175473,1396927,0.00003440,1501.00000000,0
1531165175479,1531165175473,1396928,0.00003445,933.00000000,0
1531165175479,1531165175473,1396929,0.00003448,538.00000000,0
1531165178616,1531165178610,1396930,0.00003438,4.00000000,1
1531165179712,1531165179706,1396931,0.00003448,213.00000000,0
1531165187013,1531165187007,1396932,0.00003449,304.00000000,1
1531165187035,1531165187030,1396933,0.00003449,612.00000000,1
1531165190866,1531165190860,1396934,0.00003449,47.00000000,0
1531165190866,1531165190860,1396935,0.00003450,182.00000000,0
1531165228280,1531165228276,1396936,0.00003446,747.00000000,0
1531165228290,1531165228285,1396937,0.00003443,957.00000000,1
1531165228306,1531165228300,1396938,0.00003443,251.00000000,1
1531165230275,1531165230272,1396939,0.00003450,148.00000000,0
1531165253601,1531165253595,1396940,0.00003442,83.00000000,1
1531165264558,1531165264552,1396941,0.00003443,407.00000000,1
1531165295672,1531165295665,1396942,0.00003444,830.00000000,0
1531165295680,1531165295675,1396943,0.00003447,328.00000000,0
1531165295698,1531165295693,1396944,0.00003447,381.00000000,0
1531165326931,1531165326926,1396945,0.00003448,30.00000000,0
1531165334237,1531165334231,1396946,0.00003448,371.00000000,0
1531165357445,1531165357438,1396947,0.00003448,19.00000000,0
1531165357445,1531165357438,1396948,0.00003450,30.00000000,0
1531165357445,1531165357438,1396949,0.00003451,268.00000000,0
1531165359868,1531165359865,1396950,0.00003451,43.00000000,1
1531165359886,1531165359880,1396951,0.00003451,214.00000000,1
1531165368670,1531165368665,1396952,0.00003451,1040.00000000,1
1531165373589,1531165373584,1396953,0.00003454,30.00000000,0
1531165381681,1531165381677,1396954,0.00003452,340.00000000,1
1531165382083,1531165382076,1396955,0.00003452,1021.00000000,1
1531165382083,1531165382076,1396956,0.00003451,217.00000000,1
1531165383605,1531165383598,1396957,0.00003454,36.00000000,0
1531165383605,1531165383598,1396958,0.00003455,29.00000000,0
1531165383605,1531165383598,1396959,0.00003456,30.00000000,0
1531165383605,1531165383598,1396960,0.00003459,96.00000000,0
1531165383605,1531165383598,1396961,0.00003460,378.00000000,0
1531165383666,1531165383663,1396962,0.00003460,62.00000000,1
1531165396164,1531165396161,1396963,0.00003460,31.00000000,1
1531165396688,1531165396682,1396964,0.00003460,172.00000000,1
1531165400871,1531165400866,1396965,0.00003460,43.00000000,1
1531165407120,1531165407114,1396966,0.00003460,72.00000000,1
1531165407120,1531165407114,1396967,0.00003450,241.00000000,1
1531165407120,1531165407114,1396968,0.00003443,427.00000000,1
1531165408752,1531165408745,1396969,0.00003462,60.00000000,0
1531165408752,1531165408745,1396970,0.00003463,89.00000000,0
1531165408752,1531165408745,1396971,0.00003465,29.00000000,0
1531165408752,1531165408745,1396972,0.00003467,161.00000000,0
1531165411702,1531165411696,1396973,0.00003467,370.00000000,1
1531165411886,1531165411881,1396974,0.00003467,299.00000000,1
1531165415882,1531165415878,1396975,0.00003467,32.00000000,1
1531165415962,1531165415957,1396976,0.00003467,32.00000000,1
1531165422438,1531165422433,1396977,0.00003467,43.00000000,1
1531165425348,1531165425346,1396978,0.00003467,238.00000000,1
1531165425355,1531165425349,1396979,0.00003467,46.00000000,1
1531165425366,1531165425359,1396980,0.00003467,30.00000000,1
1531165425385,1531165425378,1396981,0.00003467,175.00000000,1
1531165426191,1531165426185,1396982,0.00003469,59.00000000,0
1531165426522,1531165426516,1396983,0.00003468,1079.00000000,0
1531165426534,1531165426527,1396984,0.00003469,30.00000000,0
1531165426538,1531165426532,1396985,0.00003469,729.00000000,0
1531165426562,1531165426556,1396986,0.00003470,30.00000000,0
1531165426872,1531165426867,1396987,0.00003469,43.00000000,1
1531165426987,1531165426980,1396988,0.00003469,46.00000000,1
1531165426987,1531165426980,1396989,0.00003467,95.00000000,1
1531165444319,1531165444313,1396990,0.00003470,100.00000000,0
1531165454576,1531165454572,1396991,0.00003463,46.00000000,1
1531165460865,1531165460858,1396992,0.00003470,379.00000000,0
1531165460917,1531165460914,1396993,0.00003470,54.00000000,1
1531165471923,1531165471917,1396994,0.00003470,335.00000000,1
1531165485712,1531165485707,1396995,0.00003470,30.00000000,0
1531165499210,1531165499204,1396996,0.00003470,1964.00000000,0
1531165514551,1531165514545,1396997,0.00003470,1266.00000000,1
1531165530321,1531165530315,1396998,0.00003470,108.00000000,1
1531165530960,1531165530954,1396999,0.00003471,30.00000000,0
1531165531772,1531165531764,1397000,0.00003471,33.00000000,1
1531165549752,1531165549747,1397001,0.00003473,43.00000000,1
1531165557658,1531165557650,1397002,0.00003474,43.00000000,1
1531165559715,1531165559708,1397003,0.00003473,222.00000000,1
1531165563694,1531165563689,1397004,0.00003474,1331.00000000,0
1531165563716,1531165563711,1397005,0.00003474,117.00000000,0
1531165577711,1531165577705,1397006,0.00003474,468.00000000,1
1531165583522,1531165583516,1397007,0.00003475,86.00000000,0
1531165588920,1531165588914,1397008,0.00003475,126.00000000,0
1531165616461,1531165616455,1397009,0.00003475,45.00000000,0
1531165620613,1531165620608,1397010,0.00003475,30.00000000,1
1531165620872,1531165620865,1397011,0.00003475,43.00000000,1
1531165635342,1531165635339,1397012,0.00003476,427.00000000,1
1531165641695,1531165641688,1397013,0.00003479,50.00000000,0
1531165646621,1531165646616,1397014,0.00003477,1369.00000000,0
1531165646636,1531165646630,1397015,0.00003479,977.00000000,0
1531165646651,1531165646647,1397016,0.00003479,602.00000000,0
1531165652660,1531165652653,1397017,0.00003479,43.00000000,1
1531165661792,1531165661787,1397018,0.00003480,57.00000000,0
1531165668115,1531165668110,1397019,0.00003479,7.00000000,1
1531165671734,1531165671728,1397020,0.00003479,645.00000000,0
1531165702633,1531165702626,1397021,0.00003479,207.00000000,1
1531165704645,1531165704639,1397022,0.00003480,17.00000000,0
1531165708374,1531165708369,1397023,0.00003481,44.00000000,0
1531165714652,1531165714648,1397024,0.00003480,43.00000000,1
1531165724309,1531165724305,1397025,0.00003480,43.00000000,1
1531165724355,1531165724349,1397026,0.00003481,424.00000000,0
1531165727069,1531165727063,1397027,0.00003482,30.00000000,0
1531165727069,1531165727063,1397028,0.00003483,119.00000000,0
1531165727069,1531165727063,1397029,0.00003485,29.00000000,0
1531165727069,1531165727063,1397030,0.00003490,12.00000000,0
1531165764985,1531165764979,1397031,0.00003489,389.00000000,0
1531165764985,1531165764979,1397032,0.00003490,17.00000000,0
1531165770064,1531165770061,1397033,0.00003490,32.00000000,1
1531165771305,1531165771302,1397034,0.00003491,87.00000000,1
1531165771305,1531165771302,1397035,0.00003490,64.00000000,1
1531165776739,1531165776733,1397036,0.00003490,345.00000000,1
1531165777040,1531165777038,1397037,0.00003490,28.00000000,1
1531165778113,1531165778107,1397038,0.00003490,42.00000000,1
1531165780081,1531165780074,1397039,0.00003490,30.00000000,1
1531165783015,1531165783010,1397040,0.00003490,86.00000000,1
1531165783239,1531165783232,1397041,0.00003491,29.00000000,0
1531165787451,1531165787445,1397042,0.00003490,42.00000000,1
1531165789278,1531165789271,1397043,0.00003491,5.00000000,0
1531165789278,1531165789271,1397044,0.00003492,407.00000000,0
1531165793760,1531165793754,1397045,0.00003492,299.00000000,1
1531165804788,1531165804782,1397046,0.00003492,42.00000000,1
1531165809431,1531165809425,1397047,0.00003492,119.00000000,1
1531165813037,1531165813031,1397048,0.00003492,295.00000000,1
1531165818066,1531165818061,1397049,0.00003493,50.00000000,0
1531165818548,1531165818543,1397050,0.00003493,30.00000000,1
1531165818719,1531165818715,1397051,0.00003493,42.00000000,1
1531165825189,1531165825183,1397052,0.00003494,185.00000000,1
1531165825213,1531165825208,1397053,0.00003494,64.00000000,1
1531165829326,1531165829321,1397054,0.00003494,42.00000000,1
1531165831265,1531165831258,1397055,0.00003495,29.00000000,0
1531165831265,1531165831258,1397056,0.00003496,357.00000000,0
1531165834950,1531165834943,1397057,0.00003496,37.00000000,1
1531165839462,1531165839456,1397058,0.00003498,286.00000000,0
1531165839462,1531165839456,1397059,0.00003499,214.00000000,0
1531165844991,1531165844984,1397060,0.00003499,29.00000000,0
1531165845731,1531165845724,1397061,0.00003499,282.00000000,0
1531165845731,1531165845724,1397062,0.00003500,3123.00000000,0
1531165849648,1531165849641,1397063,0.00003501,42.00000000,1
1531165852972,1531165852965,1397064,0.00003500,30.00000000,1
1531165856862,1531165856857,1397065,0.00003503,29.00000000,0
1531165856890,1531165856884,1397066,0.00003503,29.00000000,0
1531165858086,1531165858081,1397067,0.00003504,58.00000000,0
1531165858086,1531165858081,1397068,0.00003505,87.00000000,0
1531165858086,1531165858081,1397069,0.00003507,475.00000000,0
1531165858086,1531165858081,1397070,0.00003508,221.00000000,0
1531165858086,1531165858081,1397071,0.00003510,29.00000000,0
1531165858704,1531165858699,1397072,0.00003510,1029.00000000,1
1531165859355,1531165859348,1397073,0.00003515,2304.00000000,0
1531165860880,1531165860876,1397074,0.00003511,89.00000000,1
1531165862567,1531165862560,1397075,0.00003511,30.00000000,1
1531165862843,1531165862838,1397076,0.00003511,397.00000000,1
1531165863620,1531165863614,1397077,0.00003517,1407.00000000,0
1531165863620,1531165863614,1397078,0.00003520,58.00000000,0
1531165863620,1531165863614,1397079,0.00003522,190.00000000,0
1531165863625,1531165863620,1397080,0.00003522,42.00000000,1
1531165864312,1531165864308,1397081,0.00003522,600.00000000,1
1531165864624,1531165864618,1397082,0.00003522,667.00000000,1
1531165864630,1531165864624,1397083,0.00003522,44.00000000,1
1531165865749,1531165865744,1397084,0.00003522,149.00000000,1
1531165866238,1531165866232,1397085,0.00003522,149.00000000,1
1531165866464,1531165866457,1397086,0.00003523,187.00000000,1
1531165866569,1531165866562,1397087,0.00003523,149.00000000,1
1531165867719,1531165867714,1397088,0.00003523,1500.00000000,1
1531165867722,1531165867716,1397089,0.00003523,2819.00000000,1
1531165867912,1531165867905,1397090,0.00003524,50.00000000,0
1531165867912,1531165867905,1397091,0.00003525,29.00000000,0
1531165867912,1531165867905,1397092,0.00003530,58.00000000,0
1531165867912,1531165867905,1397093,0.00003532,780.00000000,0
1531165867912,1531165867905,1397094,0.00003534,103.00000000,0
1531165867912,1531165867905,1397095,0.00003535,959.00000000,0
1531165869053,1531165869047,1397096,0.00003523,42.00000000,1
1531165869097,1531165869091,1397097,0.00003523,1769.00000000,1
1531165869687,1531165869683,1397098,0.00003523,2304.00000000,1
1531165870542,1531165870537,1397099,0.00003535,514.00000000,0
1531165870542,1531165870537,1397100,0.00003540,35.00000000,0
1531165870542,1531165870537,1397101,0.00003544,52.00000000,0
1531165870542,1531165870537,1397102,0.00003547,100.00000000,0
1531165870542,1531165870537,1397103,0.00003548,215.00000000,0
1531165871434,1531165871428,1397104,0.00003522,30.00000000,1
1531165872243,1531165872239,1397105,0.00003535,47.00000000,1
1531165872243,1531165872239,1397106,0.00003523,453.00000000,1
1531165872791,1531165872786,1397107,0.00003548,413.00000000,0
1531165872791,1531165872786,1397108,0.00003549,110.00000000,0
1531165873340,1531165873338,1397109,0.00003536,145.00000000,1
1531165873475,1531165873469,1397110,0.00003523,182.00000000,1
1531165874007,1531165874005,1397111,0.00003548,56.00000000,0
1531165876332,1531165876327,1397112,0.00003520,30.00000000,1
1531165877010,1531165877005,1397113,0.00003523,602.00000000,0
1531165878190,1531165878185,1397114,0.00003522,514.00000000,0
1531165878222,1531165878216,1397115,0.00003522,66.00000000,0
1531165878222,1531165878216,1397116,0.00003523,565.00000000,0
1531165878222,1531165878216,1397117,0.00003535,47.00000000,0
1531165878222,1531165878216,1397118,0.00003550,843.00000000,0
1531165878286,1531165878283,1397119,0.00003550,38.00000000,1
1531165878707,1531165878701,1397120,0.00003555,169.00000000,0
1531165878708,1531165878705,1397121,0.00003550,581.00000000,1
1531165878713,1531165878708,1397122,0.00003550,135.00000000,1
1531165878994,1531165878989,1397123,0.00003550,42.00000000,1
1531165882401,1531165882395,1397124,0.00003553,318.00000000,0
1531165882442,1531165882436,1397125,0.00003550,30.00000000,1
1531165883485,1531165883483,1397126,0.00003550,56.00000000,1
1531165883856,1531165883850,1397127,0.00003553,105.00000000,0
1531165884476,1531165884471,1397128,0.00003550,182.00000000,1
1531165885067,1531165885060,1397129,0.00003550,754.00000000,1
1531165887588,1531165887582,1397130,0.00003550,29.00000000,1
1531165888712,1531165888707,1397131,0.00003550,34.00000000,1
1531165889005,1531165889000,1397132,0.00003550,42.00000000,1
1531165890257,1531165890251,1397133,0.00003550,177.00000000,1
1531165890257,1531165890251,1397134,0.00003531,2391.00000000,1
1531165890257,1531165890251,1397135,0.00003530,2904.00000000,1
1531165890257,1531165890251,1397136,0.00003525,1002.00000000,1
1531165892783,1531165892777,1397137,0.00003527,182.00000000,1
1531165892783,1531165892777,1397138,0.00003526,82.00000000,1
1531165892894,1531165892888,1397139,0.00003555,29.00000000,0
1531165893787,1531165893781,1397140,0.00003526,40.00000000,1
1531165894641,1531165894635,1397141,0.00003550,1657.00000000,0
1531165895462,1531165895455,1397142,0.00003530,220.00000000,1
1531165896393,1531165896388,1397143,0.00003549,114.00000000,0
1531165898277,1531165898271,1397144,0.00003531,286.00000000,1
1531165900864,1531165900859,1397145,0.00003539,964.00000000,0
1531165900873,1531165900867,1397146,0.00003531,1269.00000000,1
1531165900895,1531165900890,1397147,0.00003531,137.00000000,1
1531165901287,1531165901279,1397148,0.00003531,286.00000000,0
1531165901287,1531165901279,1397149,0.00003547,402.00000000,0
1531165901287,1531165901279,1397150,0.00003548,1002.00000000,0
1531165901287,1531165901279,1397151,0.00003550,1362.00000000,0
1531165901287,1531165901279,1397152,0.00003555,1919.00000000,0
1531165903969,1531165903963,1397153,0.00003537,30.00000000,1
1531165905963,1531165905958,1397154,0.00003539,30.00000000,1
1531165906303,1531165906299,1397155,0.00003555,3.00000000,0
1531165906877,1531165906870,1397156,0.00003541,131.00000000,0
1531165908772,1531165908766,1397157,0.00003550,42.00000000,1
1531165909061,1531165909055,1397158,0.00003550,29.00000000,1
1531165909406,1531165909400,1397159,0.00003550,117.00000000,1
1531165910330,1531165910325,1397160,0.00003555,55.00000000,0
1531165910330,1531165910325,1397161,0.00003558,58.00000000,0
1531165910330,1531165910325,1397162,0.00003560,62.00000000,0
1531165913124,1531165913117,1397163,0.00003560,26.00000000,0
1531165914193,1531165914192,1397164,0.00003560,37.00000000,1
1531165915213,1531165915208,1397165,0.00003550,1.00000000,1
1531165915635,1531165915630,1397166,0.00003550,144.00000000,1
1531165916737,1531165916730,1397167,0.00003537,30.00000000,1
1531165917067,1531165917062,1397168,0.00003537,108.00000000,1
1531165917067,1531165917062,1397169,0.00003530,117.00000000,1
1531165924479,1531165924471,1397170,0.00003549,82.00000000,1
1531165924536,1531165924530,1397171,0.00003537,212.00000000,0
1531165924699,1531165924694,1397172,0.00003537,1.00000000,0
1531165924699,1531165924694,1397173,0.00003551,21.00000000,0
1531165924699,1531165924694,1397174,0.00003555,168.00000000,0
1531165924699,1531165924694,1397175,0.00003563,172.00000000,0
1531165924910,1531165924907,1397176,0.00003532,630.00000000,1
1531165926263,1531165926257,1397177,0.00003548,630.00000000,0
1531165926263,1531165926257,1397178,0.00003549,349.00000000,0
1531165926857,1531165926852,1397179,0.00003549,117.00000000,0
1531165930562,1531165930555,1397180,0.00003549,2216.00000000,0
1531165933606,1531165933600,1397181,0.00003549,57.00000000,0
1531165933649,1531165933642,1397182,0.00003549,29.00000000,0
1531165934507,1531165934500,1397183,0.00003537,109.00000000,1
1531165936660,1531165936655,1397184,0.00003548,109.00000000,0
1531165936660,1531165936655,1397185,0.00003549,201.00000000,0
1531165938606,1531165938603,1397186,0.00003537,168.00000000,1
1531165938606,1531165938603,1397187,0.00003535,183.00000000,1
1531165938606,1531165938603,1397188,0.00003534,1309.00000000,1
1531165940635,1531165940627,1397189,0.00003548,183.00000000,0
1531165940635,1531165940627,1397190,0.00003549,1324.00000000,0
1531165940635,1531165940627,1397191,0.00003555,168.00000000,0
1531165940635,1531165940627,1397192,0.00003560,1034.00000000,0
1531165940635,1531165940627,1397193,0.00003562,29.00000000,0
1531165940635,1531165940627,1397194,0.00003563,80.00000000,0
1531165940635,1531165940627,1397195,0.00003564,45.00000000,0
1531165944321,1531165944316,1397196,0.00003562,698.00000000,0
1531165945504,1531165945497,1397197,0.00003562,175.00000000,0
1531165946960,1531165946954,1397198,0.00003559,44.00000000,0
1531165947821,1531165947815,1397199,0.00003559,14.00000000,0
1531165949840,1531165949833,1397200,0.00003539,184.00000000,1
1531165949840,1531165949833,1397201,0.00003538,997.00000000,1
1531165950767,1531165950763,1397202,0.00003557,184.00000000,0
1531165950767,1531165950763,1397203,0.00003558,816.00000000,0
1531165952790,1531165952786,1397204,0.00003558,181.00000000,0
1531165952790,1531165952786,1397205,0.00003559,1251.00000000,0
1531165952790,1531165952786,1397206,0.00003561,47.00000000,0
1531165952790,1531165952786,1397207,0.00003562,1621.00000000,0
1531165954784,1531165954779,1397208,0.00003562,29.00000000,0
1531165956270,1531165956263,1397209,0.00003541,408.00000000,1
1531165959117,1531165959111,1397210,0.00003561,187.00000000,0
1531165959450,1531165959444,1397211,0.00003562,2817.00000000,1
1531165960418,1531165960412,1397212,0.00003562,2817.00000000,1
1531165961589,1531165961584,1397213,0.00003562,42.00000000,1
1531165961661,1531165961654,1397214,0.00003563,82.00000000,0
1531165961727,1531165961721,1397215,0.00003563,139.00000000,0
1531165961727,1531165961721,1397216,0.00003564,12.00000000,0
1531165962087,1531165962081,1397217,0.00003565,29.00000000,0
1531165962087,1531165962081,1397218,0.00003566,53.00000000,0
1531165963165,1531165963159,1397219,0.00003567,297.00000000,1
1531165965435,1531165965428,1397220,0.00003568,29.00000000,0
1531165965435,1531165965428,1397221,0.00003570,1450.00000000,0
1531165966156,1531165966150,1397222,0.00003570,1410.00000000,1
1531165968585,1531165968578,1397223,0.00003564,29.00000000,1
1531165968610,1531165968605,1397224,0.00003564,29.00000000,1
1531165970627,1531165970620,1397225,0.00003573,455.00000000,0
1531165970627,1531165970620,1397226,0.00003574,28.00000000,0
1531165970627,1531165970620,1397227,0.00003575,29.00000000,0
1531165970627,1531165970620,1397228,0.00003577,1163.00000000,0
1531165970627,1531165970620,1397229,0.00003580,29.00000000,0
1531165970627,1531165970620,1397230,0.00003582,378.00000000,0
1531165970627,1531165970620,1397231,0.00003583,56.00000000,0
1531165970627,1531165970620,1397232,0.00003586,29.00000000,0
1531165970627,1531165970620,1397233,0.00003589,50.00000000,0
1531165970627,1531165970620,1397234,0.00003590,621.00000000,0
1531165972322,1531165972316,1397235,0.00003577,60.00000000,1
1531165973200,1531165973196,1397236,0.00003577,42.00000000,1
1531165977381,1531165977376,1397237,0.00003577,310.00000000,1
1531165977699,1531165977692,1397238,0.00003577,41.00000000,1
1531165981837,1531165981832,1397239,0.00003578,29.00000000,1
1531165982106,1531165982100,1397240,0.00003578,147.00000000,1
1531165982106,1531165982100,1397241,0.00003577,163.00000000,1
1531165982343,1531165982335,1397242,0.00003589,578.00000000,0
1531165982343,1531165982335,1397243,0.00003590,464.00000000,0
1531165982343,1531165982335,1397244,0.00003594,30.00000000,0
1531165982343,1531165982335,1397245,0.00003595,58.00000000,0
1531165982343,1531165982335,1397246,0.00003596,543.00000000,0
1531165982343,1531165982335,1397247,0.00003599,9618.00000000,0
1531165982343,1531165982335,1397248,0.00003600,5405.00000000,0
1531165982927,1531165982921,1397249,0.00003600,145.00000000,1
1531165982958,1531165982952,1397250,0.00003600,176.00000000,1
1531165982997,1531165982990,1397251,0.00003600,144.00000000,1
1531165983233,1531165983226,1397252,0.00003600,1000.00000000,1
1531165983461,1531165983460,1397253,0.00003600,379.00000000,1
1531165984095,1531165984090,1397254,0.00003601,28.00000000,0
1531165984095,1531165984090,1397255,0.00003604,704.00000000,0
1531165984095,1531165984090,1397256,0.00003605,2025.00000000,0
1531165984095,1531165984090,1397257,0.00003609,60.00000000,0
1531165984239,1531165984235,1397258,0.00003620,500.00000000,0
1531165984826,1531165984824,1397259,0.00003616,129.00000000,1
1531165984923,1531165984917,1397260,0.00003616,800.00000000,1
1531165985544,1531165985538,1397261,0.00003620,1642.00000000,0
1531165985790,1531165985787,1397262,0.00003620,74.00000000,0
1531165985790,1531165985787,1397263,0.00003621,90.00000000,0
1531165986115,1531165986108,1397264,0.00003621,775.00000000,0
1531165986115,1531165986108,1397265,0.00003622,479.00000000,0
1531165986754,1531165986747,1397266,0.00003623,311.00000000,1
1531165986795,1531165986790,1397267,0.00003623,2000.00000000,1
1531165987353,1531165987350,1397268,0.00003624,379.00000000,0
1531165987474,1531165987471,1397269,0.00003625,495.00000000,0
1531165987507,1531165987501,1397270,0.00003629,1960.00000000,1
1531165987513,1531165987511,1397271,0.00003624,704.00000000,1
1531165988004,1531165987999,1397272,0.00003624,536.00000000,1
1531165988004,1531165987999,1397273,0.00003623,718.00000000,1
1531165988293,1531165988287,1397274,0.00003623,1254.00000000,1
1531165988788,1531165988784,1397275,0.00003630,162.00000000,1
1531165988788,1531165988784,1397276,0.00003623,1038.00000000,1
1531165988889,1531165988882,1397277,0.00003632,1420.00000000,0
1531165988889,1531165988882,1397278,0.00003633,139.00000000,0
1531165988889,1531165988882,1397279,0.00003637,428.00000000,0
1531165988889,1531165988882,1397280,0.00003640,220.00000000,0
1531165988889,1531165988882,1397281,0.00003644,63.00000000,0
1531165988889,1531165988882,1397282,0.00003647,1079.00000000,0
1531165989584,1531165989579,1397283,0.00003647,30.00000000,0
1531165990706,1531165990702,1397284,0.00003628,174.00000000,1
1531165990706,1531165990702,1397285,0.00003627,134.00000000,1
1531165990734,1531165990730,1397286,0.00003647,491.00000000,0
1531165990734,1531165990730,1397287,0.00003648,162.00000000,0
1531165990734,1531165990730,1397288,0.00003650,702.00000000,0
1531165991235,1531165991229,1397289,0.00003627,41.00000000,1
1531165992158,1531165992153,1397290,0.00003646,174.00000000,0
1531165992217,1531165992211,1397291,0.00003650,537.00000000,0
1531165992217,1531165992211,1397292,0.00003653,496.00000000,0
1531165992217,1531165992211,1397293,0.00003655,95.00000000,0
1531165992378,1531165992376,1397294,0.00003647,183.00000000,1
1531165992441,1531165992436,1397295,0.00003647,686.00000000,1
1531165993378,1531165993372,1397296,0.00003647,168.00000000,1
1531165993434,1531165993427,1397297,0.00003647,138.00000000,1
1531165993439,1531165993433,1397298,0.00003647,500.00000000,1
1531165994379,1531165994375,1397299,0.00003647,275.00000000,1
1531165994722,1531165994717,1397300,0.00003647,29.00000000,1
1531165995075,1531165995068,1397301,0.00003649,183.00000000,0
1531165995075,1531165995068,1397302,0.00003650,1893.00000000,0
1531165995554,1531165995551,1397303,0.00003650,1110.00000000,0
1531165995554,1531165995551,1397304,0.00003655,211.00000000,0
1531165995555,1531165995551,1397305,0.00003658,69.00000000,0
1531165995555,1531165995551,1397306,0.00003664,882.00000000,0
1531165995555,1531165995551,1397307,0.00003666,566.00000000,0
1531165995954,1531165995947,1397308,0.00003647,116.00000000,1
1531165996018,1531165996011,1397309,0.00003647,41.00000000,1
1531165996176,1531165996169,1397310,0.00003647,40.00000000,1
1531165996188,1531165996184,1397311,0.00003647,616.00000000,1
1531165997821,1531165997816,1397312,0.00003651,305.00000000,1
1531165997907,1531165997901,1397313,0.00003651,926.00000000,1
1531165997907,1531165997901,1397314,0.00003650,1110.00000000,1
1531165997907,1531165997901,1397315,0.00003648,419.00000000,1
1531165999388,1531165999382,1397316,0.00003649,4.00000000,1
1531165999646,1531165999639,1397317,0.00003665,179.00000000,0
1531165999646,1531165999639,1397318,0.00003666,179.00000000,0
1531166001162,1531166001154,1397319,0.00003666,7.00000000,1
1531166001426,1531166001420,1397320,0.00003666,314.00000000,1
1531166002533,1531166002528,1397321,0.00003667,355.00000000,0
1531166003432,1531166003427,1397322,0.00003666,50.00000000,1
1531166004677,1531166004670,1397323,0.00003667,64.00000000,0
1531166004677,1531166004670,1397324,0.00003668,54.00000000,0
1531166005797,1531166005791,1397325,0.00003666,30.00000000,1
1531166007232,1531166007226,1397326,0.00003666,29.00000000,1
1531166008508,1531166008502,1397327,0.00003666,82.00000000,1
1531166009563,1531166009556,1397328,0.00003666,164.00000000,1
1531166010854,1531166010845,1397329,0.00003668,28.00000000,0
1531166011173,1531166011166,1397330,0.00003668,56.00000000,0
1531166011684,1531166011679,1397331,0.00003666,145.00000000,1
1531166011834,1531166011831,1397332,0.00003650,28.00000000,1
1531166015295,1531166015292,1397333,0.00003655,56.00000000,0
1531166015326,1531166015319,1397334,0.00003655,16.00000000,0
1531166015504,1531166015498,1397335,0.00003655,78.00000000,0
1531166015564,1531166015558,1397336,0.00003650,1587.00000000,1
1531166015933,1531166015929,1397337,0.00003650,3530.00000000,1
1531166016149,1531166016142,1397338,0.00003647,154.00000000,1
1531166016149,1531166016142,1397339,0.00003641,109.00000000,1
1531166016149,1531166016142,1397340,0.00003629,1356.00000000,1
1531166016150,1531166016142,1397341,0.00003629,152.00000000,1
1531166017123,1531166017116,1397342,0.00003630,35.00000000,1
1531166018920,1531166018914,1397343,0.00003633,125.00000000,1
1531166019259,1531166019255,1397344,0.00003633,201.00000000,1
1531166019259,1531166019255,1397345,0.00003630,778.00000000,1
1531166020269,1531166020262,1397346,0.00003630,1114.00000000,1
1531166022770,1531166022764,1397347,0.00003626,50.00000000,1
1531166024776,1531166024773,1397348,0.00003627,5.00000000,0
1531166025859,1531166025852,1397349,0.00003626,37.00000000,1
1531166026050,1531166026045,1397350,0.00003626,1219.00000000,1
1531166027060,1531166027055,1397351,0.00003626,310.00000000,1
1531166027073,1531166027067,1397352,0.00003626,1567.00000000,0
1531166027084,1531166027079,1397353,0.00003626,310.00000000,1
1531166027248,1531166027242,1397354,0.00003625,28.00000000,1
1531166027248,1531166027242,1397355,0.00003623,139.00000000,1
1531166028474,1531166028470,1397356,0.00003622,28.00000000,0
1531166028487,1531166028483,1397357,0.00003616,48.00000000,1
1531166028795,1531166028787,1397358,0.00003621,28.00000000,0
1531166030628,1531166030622,1397359,0.00003621,816.00000000,0
1531166031424,1531166031417,1397360,0.00003621,1.00000000,0
1531166031473,1531166031467,1397361,0.00003616,7.00000000,1
1531166031473,1531166031467,1397362,0.00003600,6401.00000000,1
1531166033524,1531166033519,1397363,0.00003607,28.00000000,1
1531166033524,1531166033519,1397364,0.00003600,50.00000000,1
1531166034863,1531166034857,1397365,0.00003607,28.00000000,1
1531166036047,1531166036041,1397366,0.00003600,125.00000000,1
1531166036095,1531166036092,1397367,0.00003604,78.00000000,0
1531166042570,1531166042565,1397368,0.00003600,113.00000000,1
1531166043821,1531166043816,1397369,0.00003600,88.00000000,1
1531166044025,1531166044018,1397370,0.00003601,155.00000000,0
1531166044875,1531166044868,1397371,0.00003600,1536.00000000,1
1531166045716,1531166045710,1397372,0.00003600,1103.00000000,1
1531166047389,1531166047383,1397373,0.00003600,1500.00000000,0
1531166047620,1531166047617,1397374,0.00003599,35.00000000,1
1531166047973,1531166047972,1397375,0.00003598,55.00000000,1
1531166048438,1531166048433,1397376,0.00003598,281.00000000,0
1531166048510,1531166048507,1397377,0.00003598,626.00000000,0
1531166048699,1531166048693,1397378,0.00003598,62.00000000,0
1531166048699,1531166048693,1397379,0.00003599,647.00000000,0
1531166050707,1531166050703,1397380,0.00003596,83.00000000,1
1531166050707,1531166050703,1397381,0.00003595,28.00000000,1
1531166050707,1531166050703,1397382,0.00003594,28.00000000,1
1531166050707,1531166050703,1397383,0.00003589,24.00000000,1
1531166051432,1531166051425,1397384,0.00003589,124.00000000,1
1531166051432,1531166051425,1397385,0.00003574,39.00000000,1
1531166052870,1531166052865,1397386,0.00003575,1.00000000,1
1531166052972,1531166052964,1397387,0.00003575,569.00000000,1
1531166052972,1531166052964,1397388,0.00003574,72.00000000,1
1531166052972,1531166052964,1397389,0.00003572,290.00000000,1
1531166052972,1531166052964,1397390,0.00003570,69.00000000,1
1531166053177,1531166053171,1397391,0.00003570,160.00000000,1
1531166055176,1531166055171,1397392,0.00003573,127.00000000,0
1531166055177,1531166055171,1397393,0.00003574,474.00000000,0
1531166057099,1531166057094,1397394,0.00003572,298.00000000,1
1531166057370,1531166057364,1397395,0.00003572,292.00000000,1
1531166057470,1531166057464,1397396,0.00003572,36.00000000,1
1531166057470,1531166057464,1397397,0.00003571,256.00000000,1
1531166057845,1531166057837,1397398,0.00003570,298.00000000,1
1531166057886,1531166057879,1397399,0.00003570,291.00000000,1
1531166058155,1531166058148,1397400,0.00003572,256.00000000,0
1531166058155,1531166058148,1397401,0.00003573,144.00000000,0
1531166058265,1531166058259,1397402,0.00003570,293.00000000,1
1531166058526,1531166058519,1397403,0.00003573,426.00000000,0
1531166058526,1531166058519,1397404,0.00003574,11.00000000,0
1531166058526,1531166058519,1397405,0.00003598,133.00000000,0
1531166058526,1531166058520,1397406,0.00003572,256.00000000,1
1531166058526,1531166058520,1397407,0.00003570,35.00000000,1
1531166058658,1531166058653,1397408,0.00003571,292.00000000,1
1531166058833,1531166058828,1397409,0.00003571,162.00000000,1
1531166058833,1531166058828,1397410,0.00003570,137.00000000,1
1531166059290,1531166059286,1397411,0.00003584,166.00000000,1
1531166059290,1531166059286,1397412,0.00003581,123.00000000,1
1531166059290,1531166059286,1397413,0.00003571,6.00000000,1
1531166059375,1531166059370,1397414,0.00003578,290.00000000,1
1531166060084,1531166060076,1397415,0.00003579,289.00000000,1
1531166060311,1531166060305,1397416,0.00003579,185.00000000,1
1531166060311,1531166060305,1397417,0.00003578,109.00000000,1
1531166061031,1531166061025,1397418,0.00003578,294.00000000,1
1531166061745,1531166061740,1397419,0.00003578,294.00000000,1
1531166062493,1531166062488,1397420,0.00003572,294.00000000,1
1531166062893,1531166062887,1397421,0.00003583,292.00000000,1
1531166063589,1531166063582,1397422,0.00003583,45.00000000,1
1531166063589,1531166063582,1397423,0.00003575,248.00000000,1
1531166063610,1531166063607,1397424,0.00003575,298.00000000,1
1531166064019,1531166064013,1397425,0.00003575,166.00000000,1
1531166064019,1531166064013,1397426,0.00003572,129.00000000,1
1531166064295,1531166064289,1397427,0.00003572,292.00000000,1
1531166064426,1531166064423,1397428,0.00003585,294.00000000,1
1531166065145,1531166065143,1397429,0.00003585,291.00000000,1
1531166065154,1531166065148,1397430,0.00003585,592.00000000,1
1531166065471,1531166065464,1397431,0.00003595,454.00000000,0
1531166065471,1531166065464,1397432,0.00003600,46.00000000,0
1531166065836,1531166065833,1397433,0.00003585,291.00000000,1
1531166066644,1531166066640,1397434,0.00003599,474.00000000,0
1531166066644,1531166066640,1397435,0.00003600,946.00000000,0
1531166066997,1531166066990,1397436,0.00003573,285.00000000,1
1531166067582,1531166067575,1397437,0.00003583,200.00000000,0
1531166067954,1531166067953,1397438,0.00003582,286.00000000,0
1531166068302,1531166068295,1397439,0.00003582,286.00000000,0
1531166068635,1531166068629,1397440,0.00003574,286.00000000,1
1531166068635,1531166068629,1397441,0.00003573,416.00000000,1
1531166068635,1531166068629,1397442,0.00003572,509.00000000,1
1531166068795,1531166068788,1397443,0.00003582,287.00000000,0
1531166068895,1531166068888,1397444,0.00003582,286.00000000,0
1531166069958,1531166069951,1397445,0.00003581,72.00000000,0
1531166069967,1531166069960,1397446,0.00003581,286.00000000,0
1531166070030,1531166070029,1397447,0.00003581,177.00000000,0
1531166070031,1531166070029,1397448,0.00003582,182.00000000,0
1531166070990,1531166070984,1397449,0.00003582,211.00000000,0
1531166071722,1531166071718,1397450,0.00003574,296.00000000,1
1531166071846,1531166071840,1397451,0.00003574,295.00000000,1
1531166071856,1531166071851,1397452,0.00003574,289.00000000,1
1531166072135,1531166072129,1397453,0.00003574,295.00000000,1
1531166072530,1531166072524,1397454,0.00003574,291.00000000,1
1531166072847,1531166072841,1397455,0.00003574,292.00000000,1
1531166073723,1531166073717,1397456,0.00003574,285.00000000,1
1531166074234,1531166074228,1397457,0.00003574,500.00000000,1
1531166075023,1531166075016,1397458,0.00003583,3353.00000000,0
1531166075173,1531166075166,1397459,0.00003583,1134.00000000,0
1531166076975,1531166076970,1397460,0.00003585,165.00000000,0
1531166079317,1531166079312,1397461,0.00003596,547.00000000,0
1531166079317,1531166079312,1397462,0.00003599,111.00000000,0
1531166079317,1531166079312,1397463,0.00003600,162.00000000,0
1531166080754,1531166080748,1397464,0.00003600,500.00000000,0
1531166084594,1531166084593,1397465,0.00003591,278.00000000,1
1531166085515,1531166085511,1397466,0.00003595,3517.00000000,0
1531166085525,1531166085521,1397467,0.00003591,1090.00000000,1
1531166085551,1531166085547,1397468,0.00003591,1107.00000000,1
1531166088887,1531166088881,1397469,0.00003591,153.00000000,0
1531166089900,1531166089895,1397470,0.00003591,125.00000000,0
1531166092100,1531166092093,1397471,0.00003587,164.00000000,1
1531166092100,1531166092093,1397472,0.00003585,309.00000000,1
1531166100475,1531166100469,1397473,0.00003600,226.00000000,0
1531166100524,1531166100516,1397474,0.00003600,98.00000000,1
1531166100799,1531166100794,1397475,0.00003586,219.00000000,1
1531166104553,1531166104546,1397476,0.00003586,422.00000000,1
1531166105105,1531166105098,1397477,0.00003586,599.00000000,1
1531166115549,1531166115543,1397478,0.00003586,181.00000000,1
1531166115549,1531166115543,1397479,0.00003585,247.00000000,1
1531166115549,1531166115543,1397480,0.00003578,72.00000000,1
1531166118307,1531166118300,1397481,0.00003591,108.00000000,1
1531166121633,1531166121627,1397482,0.00003579,820.00000000,1
1531166122650,1531166122643,1397483,0.00003579,282.00000000,1
1531166122650,1531166122643,1397484,0.00003575,30.00000000,1
1531166122650,1531166122643,1397485,0.00003574,1156.00000000,1
1531166123910,1531166123904,1397486,0.00003574,1420.00000000,1
1531166126125,1531166126120,1397487,0.00003572,1021.00000000,1
1531166126341,1531166126335,1397488,0.00003572,1324.00000000,1
1531166126392,1531166126389,1397489,0.00003572,1224.00000000,1
1531166127000,1531166126995,1397490,0.00003572,166.00000000,1
1531166127012,1531166127006,1397491,0.00003572,2074.00000000,1
1531166127290,1531166127287,1397492,0.00003572,1134.00000000,1
1531166127853,1531166127846,1397493,0.00003572,145.00000000,1
1531166127853,1531166127846,1397494,0.00003564,58.00000000,1
1531166127853,1531166127846,1397495,0.00003562,356.00000000,1
1531166127853,1531166127846,1397496,0.00003561,29.00000000,1
1531166127853,1531166127846,1397497,0.00003560,29.00000000,1
1531166127853,1531166127846,1397498,0.00003556,43.00000000,1
1531166127853,1531166127846,1397499,0.00003554,156.00000000,1
1531166130342,1531166130337,1397500,0.00003555,36.00000000,1
1531166130342,1531166130337,1397501,0.00003554,258.00000000,1
1531166130746,1531166130738,1397502,0.00003554,7.00000000,1
1531166130746,1531166130738,1397503,0.00003553,159.00000000,1
1531166130746,1531166130738,1397504,0.00003551,111.00000000,1
1531166130746,1531166130738,1397505,0.00003550,20.00000000,1
1531166130746,1531166130738,1397506,0.00003550,10.00000000,1
1531166130768,1531166130764,1397507,0.00003550,44.00000000,0
1531166130786,1531166130783,1397508,0.00003550,44.00000000,0
1531166130802,1531166130799,1397509,0.00003550,358.00000000,0
1531166130860,1531166130853,1397510,0.00003550,35.00000000,0
1531166130907,1531166130900,1397511,0.00003544,519.00000000,1
1531166130907,1531166130900,1397512,0.00003542,121.00000000,1
1531166130907,1531166130900,1397513,0.00003539,150.00000000,1
1531166130907,1531166130900,1397514,0.00003538,240.00000000,1
1531166130919,1531166130912,1397515,0.00003537,1154.00000000,0
1531166130934,1531166130928,1397516,0.00003537,44.00000000,0
1531166130943,1531166130940,1397517,0.00003537,167.00000000,0
1531166130963,1531166130955,1397518,0.00003537,280.00000000,0
1531166130963,1531166130958,1397519,0.00003537,674.00000000,0
1531166131144,1531166131141,1397520,0.00003535,232.00000000,1
1531166131144,1531166131141,1397521,0.00003533,57.00000000,1
1531166131317,1531166131311,1397522,0.00003533,58.00000000,1
1531166131317,1531166131311,1397523,0.00003530,236.00000000,1
1531166131370,1531166131368,1397524,0.00003530,290.00000000,1
1531166131699,1531166131693,1397525,0.00003530,143.00000000,1
1531166131699,1531166131693,1397526,0.00003529,150.00000000,1
1531166131757,1531166131751,1397527,0.00003529,290.00000000,1
1531166131810,1531166131803,1397528,0.00003529,89.00000000,1
1531166131810,1531166131803,1397529,0.00003528,126.00000000,1
1531166131810,1531166131803,1397530,0.00003527,79.00000000,1
1531166132111,1531166132104,1397531,0.00003527,290.00000000,1
1531166133330,1531166133323,1397532,0.00003544,4.00000000,0
1531166133708,1531166133703,1397533,0.00003534,78.00000000,1
1531166136249,1531166136245,1397534,0.00003535,423.00000000,1
1531166136249,1531166136245,1397535,0.00003534,1622.00000000,1
1531166136249,1531166136245,1397536,0.00003532,250.00000000,1
1531166137820,1531166137816,1397537,0.00003536,32.00000000,0
1531166138845,1531166138841,1397538,0.00003531,48.00000000,1
1531166139394,1531166139387,1397539,0.00003527,11.00000000,0
1531166139394,1531166139387,1397540,0.00003534,78.00000000,0
1531166139394,1531166139387,1397541,0.00003535,78.00000000,0
1531166140179,1531166140175,1397542,0.00003534,453.00000000,0
1531166140185,1531166140180,1397543,0.00003534,15.00000000,0
1531166140185,1531166140180,1397544,0.00003535,386.00000000,0
1531166143234,1531166143230,1397545,0.00003536,33.00000000,0
1531166143787,1531166143781,1397546,0.00003536,102.00000000,0
1531166143787,1531166143781,1397547,0.00003539,181.00000000,0
1531166145132,1531166145124,1397548,0.00003544,64.00000000,0
1531166145132,1531166145124,1397549,0.00003545,213.00000000,0
1531166146766,1531166146760,1397550,0.00003525,16.00000000,1
1531166147357,1531166147351,1397551,0.00003550,6296.00000000,0
1531166147404,1531166147398,1397552,0.00003550,77.00000000,1
1531166151844,1531166151835,1397553,0.00003552,369.00000000,0
1531166151844,1531166151835,1397554,0.00003554,148.00000000,0
1531166151844,1531166151835,1397555,0.00003555,126.00000000,0
1531166151844,1531166151835,1397556,0.00003557,385.00000000,0
1531166151844,1531166151835,1397557,0.00003558,167.00000000,0
1531166151844,1531166151835,1397558,0.00003563,31.00000000,0
1531166151844,1531166151835,1397559,0.00003565,55.00000000,0
1531166151844,1531166151835,1397560,0.00003568,168.00000000,0
1531166151844,1531166151835,1397561,0.00003570,121.00000000,0
1531166151844,1531166151835,1397562,0.00003573,141.00000000,0
1531166151913,1531166151905,1397563,0.00003578,222.00000000,1
1531166151974,1531166151971,1397564,0.00003578,35.00000000,1
1531166151992,1531166151986,1397565,0.00003578,35.00000000,1
1531166152317,1531166152316,1397566,0.00003578,529.00000000,1
1531166153216,1531166153208,1397567,0.00003578,42.00000000,1
1531166153950,1531166153945,1397568,0.00003579,84.00000000,0
1531166154515,1531166154509,1397569,0.00003578,48.00000000,1
1531166157022,1531166157016,1397570,0.00003579,435.00000000,0
1531166158700,1531166158694,1397571,0.00003579,421.00000000,1
1531166158751,1531166158749,1397572,0.00003582,62.00000000,0
1531166159379,1531166159372,1397573,0.00003582,88.00000000,0
1531166159379,1531166159372,1397574,0.00003587,111.00000000,0
1531166159379,1531166159372,1397575,0.00003590,36.00000000,0
1531166159379,1531166159372,1397576,0.00003593,265.00000000,0
1531166168866,1531166168859,1397577,0.00003581,175.00000000,1
1531166168866,1531166168859,1397578,0.00003579,1290.00000000,1
1531166168866,1531166168859,1397579,0.00003578,235.00000000,1
1531166169030,1531166169025,1397580,0.00003593,158.00000000,0
1531166169030,1531166169025,1397581,0.00003595,66.00000000,0
1531166169203,1531166169198,1397582,0.00003595,175.00000000,1
1531166170610,1531166170603,1397583,0.00003599,125.00000000,0
1531166170610,1531166170603,1397584,0.00003602,247.00000000,0
1531166170610,1531166170603,1397585,0.00003604,297.00000000,0
1531166170915,1531166170910,1397586,0.00003595,82.00000000,1
1531166170950,1531166170947,1397587,0.00003595,44.00000000,1
1531166172143,1531166172136,1397588,0.00003595,44.00000000,1
1531166172198,1531166172195,1397589,0.00003595,500.00000000,1
1531166174421,1531166174413,1397590,0.00003604,420.00000000,0
1531166174421,1531166174413,1397591,0.00003605,502.00000000,0
1531166174421,1531166174413,1397592,0.00003607,97.00000000,0
1531166174421,1531166174413,1397593,0.00003609,250.00000000,0
1531166174421,1531166174413,1397594,0.00003610,85.00000000,0
1531166174421,1531166174413,1397595,0.00003618,214.00000000,0
1531166174421,1531166174413,1397596,0.00003619,55.00000000,0
1531166174421,1531166174413,1397597,0.00003622,371.00000000,0
1531166174421,1531166174413,1397598,0.00003623,249.00000000,0
1531166174421,1531166174413,1397599,0.00003625,2710.00000000,0
1531166174421,1531166174413,1397600,0.00003626,118.00000000,0
1531166174721,1531166174718,1397601,0.00003630,358.00000000,1
1531166174934,1531166174929,1397602,0.00003630,357.00000000,1
1531166174961,1531166174955,1397603,0.00003630,183.00000000,1
1531166174982,1531166174975,1397604,0.00003630,358.00000000,1
1531166175093,1531166175091,1397605,0.00003633,160.00000000,0
1531166175093,1531166175091,1397606,0.00003644,4.00000000,0
1531166175121,1531166175116,1397607,0.00003630,135.00000000,1
1531166176469,1531166176467,1397608,0.00003605,36.00000000,1
1531166179252,1531166179251,1397609,0.00003630,801.00000000,0
1531166179843,1531166179838,1397610,0.00003630,39.00000000,0
1531166181052,1531166181046,1397611,0.00003629,13.00000000,0
1531166196987,1531166196981,1397612,0.00003629,23.00000000,0
1531166196987,1531166196981,1397613,0.00003630,5.00000000,0
1531166197088,1531166197081,1397614,0.00003630,28.00000000,0
1531166201678,1531166201672,1397615,0.00003630,192.00000000,0
1531166201678,1531166201672,1397616,0.00003642,28.00000000,0
1531166201678,1531166201672,1397617,0.00003643,28.00000000,0
1531166201678,1531166201672,1397618,0.00003644,137.00000000,0
1531166201678,1531166201672,1397619,0.00003647,71.00000000,0
1531166201678,1531166201672,1397620,0.00003652,55.00000000,0
1531166201678,1531166201672,1397621,0.00003655,8.00000000,0
1531166203571,1531166203567,1397622,0.00003655,8.00000000,1
1531166204152,1531166204145,1397623,0.00003655,302.00000000,1
1531166204309,1531166204303,1397624,0.00003655,84.00000000,1
1531166204740,1531166204734,1397625,0.00003655,283.00000000,1
1531166205903,1531166205897,1397626,0.00003664,213.00000000,0
1531166206083,1531166206078,1397627,0.00003659,1395.00000000,0
1531166206091,1531166206084,1397628,0.00003664,427.00000000,0
1531166206798,1531166206793,1397629,0.00003664,70.00000000,1
1531166206905,1531166206897,1397630,0.00003664,143.00000000,1
1531166206905,1531166206897,1397631,0.00003655,1351.00000000,1
1531166206905,1531166206897,1397632,0.00003629,80.00000000,1
1531166206905,1531166206897,1397633,0.00003627,162.00000000,1
1531166206905,1531166206897,1397634,0.00003620,83.00000000,1
1531166206905,1531166206897,1397635,0.00003619,324.00000000,1
1531166206905,1531166206897,1397636,0.00003618,46.00000000,1
1531166206905,1531166206897,1397637,0.00003614,163.00000000,1
1531166206926,1531166206919,1397638,0.00003613,1988.00000000,0
1531166206926,1531166206921,1397639,0.00003613,836.00000000,0
1531166206948,1531166206945,1397640,0.00003613,1146.00000000,0
1531166207002,1531166206970,1397641,0.00003609,163.00000000,1
1531166207002,1531166206970,1397642,0.00003606,236.00000000,1
1531166207002,1531166206970,1397643,0.00003603,28.00000000,1
1531166207002,1531166206970,1397644,0.00003602,28.00000000,1
1531166207002,1531166206970,1397645,0.00003600,144.00000000,1
1531166207002,1531166206970,1397646,0.00003597,332.00000000,1
1531166207002,1531166206970,1397647,0.00003584,41.00000000,1
1531166207002,1531166206970,1397648,0.00003583,124.00000000,1
1531166207002,1531166206970,1397649,0.00003582,785.00000000,1
1531166207002,1531166206980,1397650,0.00003582,143.00000000,1
1531166207002,1531166206982,1397651,0.00003665,1775.00000000,0
1531166207029,1531166207023,1397652,0.00003665,372.00000000,1
1531166207060,1531166207054,1397653,0.00003665,29.00000000,1
1531166207166,1531166207165,1397654,0.00003665,372.00000000,1
1531166207425,1531166207418,1397655,0.00003665,41.00000000,1
1531166207501,1531166207494,1397656,0.00003665,46.00000000,1
1531166207662,1531166207659,1397657,0.00003665,90.00000000,1
1531166210218,1531166210211,1397658,0.00003631,232.00000000,0
1531166210218,1531166210211,1397659,0.00003643,62.00000000,0
1531166210218,1531166210211,1397660,0.00003645,163.00000000,0
1531166210218,1531166210211,1397661,0.00003647,124.00000000,0
1531166212643,1531166212637,1397662,0.00003647,188.00000000,1
1531166221360,1531166221354,1397663,0.00003644,16.00000000,0
1531166224469,1531166224463,1397664,0.00003642,217.00000000,0
1531166228400,1531166228391,1397665,0.00003641,1349.00000000,0
1531166228400,1531166228391,1397666,0.00003642,1400.00000000,0
1531166228400,1531166228391,1397667,0.00003649,586.00000000,0
1531166228400,1531166228391,1397668,0.00003650,287.00000000,0
1531166228400,1531166228391,1397669,0.00003651,82.00000000,0
1531166228400,1531166228391,1397670,0.00003654,162.00000000,0
1531166228400,1531166228391,1397671,0.00003666,40.00000000,0
1531166228400,1531166228391,1397672,0.00003673,28.00000000,0
1531166228400,1531166228391,1397673,0.00003674,29.00000000,0
1531166228400,1531166228391,1397674,0.00003675,420.00000000,0
1531166228400,1531166228391,1397675,0.00003676,407.00000000,0
1531166228440,1531166228434,1397676,0.00003630,165.00000000,1
1531166228440,1531166228434,1397677,0.00003623,1028.00000000,1
1531166228440,1531166228434,1397678,0.00003622,297.00000000,1
1531166229267,1531166229261,1397679,0.00003618,46.00000000,1
1531166231136,1531166231130,1397680,0.00003618,1.00000000,0
1531166232158,1531166232157,1397681,0.00003617,752.00000000,0
1531166235382,1531166235380,1397682,0.00003613,126.00000000,1
1531166237416,1531166237411,1397683,0.00003613,126.00000000,1
1531166237775,1531166237768,1397684,0.00003613,56.00000000,0
1531166238129,1531166238123,1397685,0.00003613,56.00000000,0
1531166238831,1531166238823,1397686,0.00003612,292.00000000,0
1531166238831,1531166238823,1397687,0.00003613,512.00000000,0
1531166238831,1531166238823,1397688,0.00003615,28.00000000,0
1531166238831,1531166238823,1397689,0.00003616,28.00000000,0
1531166238831,1531166238823,1397690,0.00003620,902.00000000,0
1531166238831,1531166238823,1397691,0.00003634,46.00000000,0
1531166238831,1531166238823,1397692,0.00003638,143.00000000,0
1531166238831,1531166238823,1397693,0.00003644,85.00000000,0
1531166238831,1531166238823,1397694,0.00003657,852.00000000,0
1531166240695,1531166240689,1397695,0.00003613,54.00000000,0
1531166242960,1531166242956,1397696,0.00003613,163.00000000,0
1531166243824,1531166243818,1397697,0.00003612,4136.00000000,0
1531166243964,1531166243957,1397698,0.00003598,182.00000000,1
1531166243964,1531166243957,1397699,0.00003596,83.00000000,1
1531166243964,1531166243957,1397700,0.00003587,563.00000000,1
1531166248078,1531166248072,1397701,0.00003609,41.00000000,0
1531166249126,1531166249120,1397702,0.00003608,522.00000000,0
1531166249126,1531166249120,1397703,0.00003609,141.00000000,0
1531166249126,1531166249120,1397704,0.00003612,57.00000000,0
1531166251780,1531166251774,1397705,0.00003613,234.00000000,0
1531166257583,1531166257577,1397706,0.00003613,28.00000000,0
1531166257659,1531166257653,1397707,0.00003613,28.00000000,0
1531166267584,1531166267579,1397708,0.00003601,985.00000000,1
1531166270335,1531166270328,1397709,0.00003601,16.00000000,1
1531166271936,1531166271930,1397710,0.00003613,55.00000000,0
1531166272186,1531166272185,1397711,0.00003613,276.00000000,0
1531166272445,1531166272440,1397712,0.00003600,16.00000000,1
1531166279630,1531166279624,1397713,0.00003600,128.00000000,1
1531166285330,1531166285325,1397714,0.00003592,623.00000000,0
1531166285350,1531166285343,1397715,0.00003592,265.00000000,1
1531166285350,1531166285343,1397716,0.00003589,282.00000000,1
1531166292743,1531166292738,1397717,0.00003592,41.00000000,0
1531166299113,1531166299106,1397718,0.00003612,28.00000000,0
1531166304836,1531166304835,1397719,0.00003612,276.00000000,0
1531166305941,1531166305939,1397720,0.00003596,198.00000000,1
1531166305941,1531166305939,1397721,0.00003593,1054.00000000,1
1531166305941,1531166305939,1397722,0.00003592,247.00000000,1
1531166313119,1531166313111,1397723,0.00003594,67.00000000,1
1531166313119,1531166313111,1397724,0.00003592,62.00000000,1
1531166313119,1531166313111,1397725,0.00003590,145.00000000,1
1531166313173,1531166313167,1397726,0.00003590,178.00000000,0
1531166313180,1531166313173,1397727,0.00003590,264.00000000,0
1531166323290,1531166323284,1397728,0.00003589,1121.00000000,0
1531166323290,1531166323284,1397729,0.00003600,405.00000000,0
1531166324367,1531166324359,1397730,0.00003586,167.00000000,1
1531166324367,1531166324359,1397731,0.00003585,28.00000000,1
1531166324367,1531166324359,1397732,0.00003582,140.00000000,1
1531166324367,1531166324359,1397733,0.00003578,338.00000000,1
1531166324367,1531166324359,1397734,0.00003576,18.00000000,1
1531166324821,1531166324815,1397735,0.00003600,506.00000000,0
1531166340819,1531166340811,1397736,0.00003583,1671.00000000,1
1531166340819,1531166340811,1397737,0.00003582,279.00000000,1
1531166340819,1531166340811,1397738,0.00003580,135.00000000,1
1531166340819,1531166340811,1397739,0.00003577,107.00000000,1
1531166340835,1531166340830,1397740,0.00003577,801.00000000,0
1531166340841,1531166340835,1397741,0.00003577,274.00000000,0
1531166340845,1531166340842,1397742,0.00003577,274.00000000,0
1531166340872,1531166340868,1397743,0.00003577,274.00000000,0
1531166342278,1531166342272,1397744,0.00003565,29.00000000,1
1531166342278,1531166342272,1397745,0.00003563,54.00000000,1
1531166343027,1531166343021,1397746,0.00003561,1.00000000,1
1531166343860,1531166343853,1397747,0.00003574,77.00000000,0
1531166344007,1531166344001,1397748,0.00003574,121.00000000,0
1531166344007,1531166344001,1397749,0.00003575,77.00000000,0
1531166345160,1531166345153,1397750,0.00003563,1062.00000000,1
1531166345160,1531166345153,1397751,0.00003562,199.00000000,1
1531166345160,1531166345153,1397752,0.00003561,2533.00000000,1
1531166346015,1531166346008,1397753,0.00003574,195.00000000,0
1531166348031,1531166348024,1397754,0.00003573,29.00000000,0
1531166348631,1531166348625,1397755,0.00003574,111.00000000,0
1531166348631,1531166348625,1397756,0.00003577,26.00000000,0
1531166362740,1531166362734,1397757,0.00003596,337.00000000,0
1531166377308,1531166377307,1397758,0.00003580,274.00000000,1
1531166380266,1531166380260,1397759,0.00003580,3188.00000000,1
1531166387891,1531166387884,1397760,0.00003578,1001.00000000,1
1531166390038,1531166390037,1397761,0.00003578,158.00000000,0
1531166392689,1531166392683,1397762,0.00003578,29.00000000,0
1531166394239,1531166394233,1397763,0.00003578,435.00000000,0
1531166394257,1531166394254,1397764,0.00003578,1060.00000000,0
1531166397980,1531166397974,1397765,0.00003577,569.00000000,1
1531166415391,1531166415385,1397766,0.00003577,574.00000000,1
1531166415391,1531166415385,1397767,0.00003570,915.00000000,1
1531166422854,1531166422848,1397768,0.00003556,37.00000000,1
1531166422854,1531166422848,1397769,0.00003554,179.00000000,1
1531166429806,1531166429801,1397770,0.00003554,873.00000000,1
1531166435892,1531166435887,1397771,0.00003563,59.00000000,0
1531166436075,1531166436068,1397772,0.00003563,92.00000000,0
1531166437166,1531166437164,1397773,0.00003563,12.00000000,0
1531166437166,1531166437164,1397774,0.00003569,16.00000000,0
1531166455701,1531166455696,1397775,0.00003554,1655.00000000,1
1531166455701,1531166455696,1397776,0.00003553,33.00000000,1
1531166460684,1531166460678,1397777,0.00003553,54.00000000,1
1531166460684,1531166460678,1397778,0.00003552,29.00000000,1
1531166460684,1531166460678,1397779,0.00003548,150.00000000,1
1531166460699,1531166460692,1397780,0.00003548,313.00000000,0
1531166460700,1531166460694,1397781,0.00003548,313.00000000,0
1531166460739,1531166460736,1397782,0.00003548,313.00000000,0
1531166460931,1531166460925,1397783,0.00003548,251.00000000,0
1531166460994,1531166460988,1397784,0.00003548,314.00000000,0
1531166466903,1531166466896,1397785,0.00003540,36.00000000,0
1531166467168,1531166467162,1397786,0.00003536,64.00000000,1
1531166467168,1531166467162,1397787,0.00003534,851.00000000,1
1531166470198,1531166470187,1397788,0.00003532,174.00000000,1
1531166470198,1531166470187,1397789,0.00003530,29.00000000,1
1531166470198,1531166470187,1397790,0.00003523,169.00000000,1
1531166470198,1531166470187,1397791,0.00003522,425.00000000,1
1531166470198,1531166470187,1397792,0.00003514,142.00000000,1
1531166470198,1531166470187,1397793,0.00003512,662.00000000,1
1531166470198,1531166470187,1397794,0.00003511,90.00000000,1
1531166470198,1531166470187,1397795,0.00003510,220.00000000,1
1531166470198,1531166470187,1397796,0.00003507,156.00000000,1
1531166470198,1531166470187,1397797,0.00003506,284.00000000,1
1531166470198,1531166470187,1397798,0.00003504,1780.00000000,1
1531166470254,1531166470251,1397799,0.00003534,108.00000000,0
1531166470697,1531166470690,1397800,0.00003524,87.00000000,0
1531166470967,1531166470962,1397801,0.00003525,32.00000000,0
1531166470987,1531166470982,1397802,0.00003525,32.00000000,0
1531166471024,1531166471018,1397803,0.00003525,26.00000000,0
1531166472797,1531166472789,1397804,0.00003520,227.00000000,0
1531166472882,1531166472876,1397805,0.00003520,9.00000000,0
1531166474459,1531166474454,1397806,0.00003520,42.00000000,0
1531166474735,1531166474730,1397807,0.00003520,227.00000000,0
1531166475283,1531166475281,1397808,0.00003519,335.00000000,0
1531166475295,1531166475288,1397809,0.00003519,227.00000000,0
1531166477350,1531166477342,1397810,0.00003507,86.00000000,1
1531166477350,1531166477342,1397811,0.00003506,42.00000000,1
1531166477350,1531166477342,1397812,0.00003505,42.00000000,1
1531166477350,1531166477342,1397813,0.00003504,2493.00000000,1
1531166477396,1531166477390,1397814,0.00003504,29.00000000,0
1531166478091,1531166478086,1397815,0.00003504,29.00000000,0
1531166478211,1531166478209,1397816,0.00003504,21.00000000,0
1531166478679,1531166478676,1397817,0.00003504,1173.00000000,0
1531166478679,1531166478676,1397818,0.00003520,59.00000000,0
1531166479544,1531166479539,1397819,0.00003519,91.00000000,0
1531166479547,1531166479546,1397820,0.00003519,22.00000000,0
1531166479575,1531166479572,1397821,0.00003520,91.00000000,0
1531166479966,1531166479959,1397822,0.00003501,54.00000000,1
1531166480528,1531166480525,1397823,0.00003518,180.00000000,0
1531166480548,1531166480543,1397824,0.00003518,29.00000000,0
1531166482600,1531166482593,1397825,0.00003518,54.00000000,1
1531166484879,1531166484874,1397826,0.00003519,75.00000000,0
1531166486895,1531166486889,1397827,0.00003519,1390.00000000,0
1531166486914,1531166486909,1397828,0.00003519,687.00000000,0
1531166491407,1531166491405,1397829,0.00003518,97.00000000,1
1531166496090,1531166496088,1397830,0.00003512,34.00000000,0
1531166498208,1531166498183,1397831,0.00003512,8.00000000,1
1531166498208,1531166498183,1397832,0.00003510,29.00000000,1
1531166500546,1531166500539,1397833,0.00003504,178.00000000,1
1531166500546,1531166500539,1397834,0.00003500,223.00000000,1
1531166501181,1531166501173,1397835,0.00003500,42.00000000,0
1531166501332,1531166501330,1397836,0.00003500,2097.00000000,0
1531166503149,1531166503144,1397837,0.00003496,86.00000000,1
1531166512006,1531166512000,1397838,0.00003517,42.00000000,0
1531166517224,1531166517218,1397839,0.00003501,1075.00000000,1
1531166517224,1531166517218,1397840,0.00003497,120.00000000,1
1531166517224,1531166517218,1397841,0.00003495,29.00000000,1
1531166517224,1531166517218,1397842,0.00003490,42.00000000,1
1531166522585,1531166522577,1397843,0.00003512,395.00000000,0
1531166525188,1531166525185,1397844,0.00003508,33.00000000,0
1531166525188,1531166525185,1397845,0.00003512,386.00000000,0
1531166525724,1531166525717,1397846,0.00003512,42.00000000,0
1531166533320,1531166533314,1397847,0.00003512,66.00000000,0
1531166535457,1531166535451,1397848,0.00003509,230.00000000,0
1531166535457,1531166535451,1397849,0.00003510,1441.00000000,0
1531166539776,1531166539771,1397850,0.00003518,29.00000000,0
1531166546431,1531166546426,1397851,0.00003514,789.00000000,0
1531166546451,1531166546444,1397852,0.00003517,1108.00000000,0
1531166546466,1531166546459,1397853,0.00003517,470.00000000,0
1531166552695,1531166552689,1397854,0.00003512,1836.00000000,1
1531166555597,1531166555592,1397855,0.00003495,276.00000000,1
1531166581499,1531166581493,1397856,0.00003507,29.00000000,0
1531166583739,1531166583734,1397857,0.00003506,122.00000000,0
1531166585762,1531166585756,1397858,0.00003506,613.00000000,0
1531166585762,1531166585756,1397859,0.00003507,91.00000000,0
1531166593635,1531166593629,1397860,0.00003517,525.00000000,0
1531166598442,1531166598436,1397861,0.00003517,263.00000000,0
1531166609236,1531166609229,1397862,0.00003507,798.00000000,1
1531166609650,1531166609644,1397863,0.00003515,167.00000000,0
1531166609650,1531166609644,1397864,0.00003517,4363.00000000,0
1531166621549,1531166621543,1397865,0.00003510,309.00000000,1
1531166626754,1531166626748,1397866,0.00003510,58.00000000,1
1531166630408,1531166630402,1397867,0.00003517,57.00000000,0
1531166631026,1531166631020,1397868,0.00003517,1923.00000000,0
1531166631026,1531166631020,1397869,0.00003518,4.00000000,0
1531166634817,1531166634811,1397870,0.00003510,50.00000000,1
1531166636057,1531166636054,1397871,0.00003519,168.00000000,0
1531166641301,1531166641296,1397872,0.00003523,45.00000000,0
1531166641301,1531166641296,1397873,0.00003529,168.00000000,0
1531166646410,1531166646405,1397874,0.00003529,157.00000000,0
1531166654042,1531166654036,1397875,0.00003524,29.00000000,1
1531166654042,1531166654036,1397876,0.00003512,1243.00000000,1
1531166654042,1531166654036,1397877,0.00003507,683.00000000,1
1531166654593,1531166654588,1397878,0.00003528,111.00000000,0
1531166671559,1531166671553,1397879,0.00003528,333.00000000,0
1531166717124,1531166717118,1397880,0.00003528,250.00000000,0
1531166732843,1531166732837,1397881,0.00003512,375.00000000,1
1531166732862,1531166732856,1397882,0.00003512,1085.00000000,1
1531166739878,1531166739872,1397883,0.00003523,30.00000000,0
1531166749693,1531166749685,1397884,0.00003519,350.00000000,0
1531166749693,1531166749685,1397885,0.00003520,417.00000000,0
1531166749693,1531166749685,1397886,0.00003523,157.00000000,0
1531166749693,1531166749685,1397887,0.00003524,381.00000000,0
1531166750648,1531166750645,1397888,0.00003525,509.00000000,1
1531166760168,1531166760161,1397889,0.00003525,283.00000000,0
1531166770267,1531166770261,1397890,0.00003520,1232.00000000,1
1531166786876,1531166786871,1397891,0.00003517,1430.00000000,0
1531166786892,1531166786886,1397892,0.00003514,591.00000000,1
1531166818534,1531166818528,1397893,0.00003514,111.00000000,1
1531166823909,1531166823902,1397894,0.00003515,57.00000000,1
1531166825982,1531166825977,1397895,0.00003519,264.00000000,0
1531166825994,1531166825989,1397896,0.00003515,171.00000000,1
1531166831569,1531166831563,1397897,0.00003514,74.00000000,1
1531166842179,1531166842172,1397898,0.00003515,57.00000000,0
1531166842179,1531166842172,1397899,0.00003525,215.00000000,0
1531166842179,1531166842172,1397900,0.00003526,550.00000000,0
1531166842179,1531166842172,1397901,0.00003527,678.00000000,0
1531166859118,1531166859110,1397902,0.00003528,167.00000000,1
1531166859792,1531166859786,1397903,0.00003527,369.00000000,1
1531166876062,1531166876056,1397904,0.00003527,331.00000000,1
1531166876176,1531166876171,1397905,0.00003527,371.00000000,1
1531166876352,1531166876350,1397906,0.00003527,1500.00000000,1
1531166885226,1531166885218,1397907,0.00003527,1500.00000000,1
1531166886114,1531166886107,1397908,0.00003527,50.00000000,1
1531166887048,1531166887041,1397909,0.00003527,1806.00000000,1
1531166894994,1531166894992,1397910,0.00003520,2997.00000000,0
1531166895004,1531166894998,1397911,0.00003515,1455.00000000,1
1531166907014,1531166907011,1397912,0.00003524,300.00000000,0
1531166919252,1531166919249,1397913,0.00003515,1117.00000000,1
1531166919274,1531166919268,1397914,0.00003515,1266.00000000,1
1531166942612,1531166942606,1397915,0.00003513,55.00000000,1
1531166944462,1531166944459,1397916,0.00003524,29.00000000,0
1531166958099,1531166958093,1397917,0.00003513,109.00000000,1
1531166965711,1531166965709,1397918,0.00003511,1112.00000000,1
1531166965726,1531166965720,1397919,0.00003511,964.00000000,1
1531166970399,1531166970394,1397920,0.00003511,1492.00000000,1
1531166987814,1531166987808,1397921,0.00003512,69.00000000,0
1531166987837,1531166987831,1397922,0.00003512,426.00000000,0
1531166993416,1531166993410,1397923,0.00003513,47.00000000,0
1531167004781,1531167004774,1397924,0.00003513,1247.00000000,0
1531167013448,1531167013442,1397925,0.00003510,170.00000000,1
1531167013448,1531167013442,1397926,0.00003507,51.00000000,1
1531167013448,1531167013442,1397927,0.00003502,1273.00000000,1
1531167025965,1531167025963,1397928,0.00003512,1234.00000000,1
1531167025980,1531167025974,1397929,0.00003512,78.00000000,1
1531167026301,1531167026296,1397930,0.00003513,29.00000000,0
1531167054377,1531167054371,1397931,0.00003510,169.00000000,1
1531167067668,1531167067663,1397932,0.00003512,2705.00000000,0
1531167067680,1531167067678,1397933,0.00003511,933.00000000,1
1531167070967,1531167070961,1397934,0.00003510,1054.00000000,1
1531167070967,1531167070961,1397935,0.00003506,43.00000000,1
1531167070967,1531167070961,1397936,0.00003505,1903.00000000,1
1531167087627,1531167087620,1397937,0.00003507,143.00000000,1
1531167101854,1531167101847,1397938,0.00003502,1252.00000000,1
1531167101886,1531167101880,1397939,0.00003502,313.00000000,1
1531167113822,1531167113815,1397940,0.00003502,1489.00000000,0
1531167144634,1531167144629,1397941,0.00003508,1123.00000000,0
1531167144644,1531167144640,1397942,0.00003507,362.00000000,1
1531167144662,1531167144655,1397943,0.00003507,1080.00000000,1
1531167159234,1531167159229,1397944,0.00003506,262.00000000,1
1531167175708,1531167175702,1397945,0.00003508,850.00000000,0
1531167175715,1531167175709,1397946,0.00003506,1165.00000000,1
1531167175737,1531167175732,1397947,0.00003506,409.00000000,1
1531167202032,1531167202028,1397948,0.00003510,348.00000000,0
1531167205761,1531167205756,1397949,0.00003509,860.00000000,1
1531167205783,1531167205779,1397950,0.00003509,282.00000000,1
1531167218710,1531167218704,1397951,0.00003508,1462.00000000,0
1531167218731,1531167218725,1397952,0.00003506,907.00000000,1
1531167218752,1531167218746,1397953,0.00003506,795.00000000,1
1531167219906,1531167219901,1397954,0.00003510,3048.00000000,0
1531167219906,1531167219901,1397955,0.00003512,851.00000000,0
1531167219906,1531167219901,1397956,0.00003513,657.00000000,0
1531167246263,1531167246258,1397957,0.00003514,672.00000000,0
1531167246272,1531167246272,1397958,0.00003510,1038.00000000,1
1531167246295,1531167246289,1397959,0.00003510,240.00000000,1
1531167257888,1531167257882,1397960,0.00003510,29.00000000,1
1531167260216,1531167260212,1397961,0.00003510,116.00000000,1
1531167320759,1531167320752,1397962,0.00003510,29.00000000,0
1531167324719,1531167324714,1397963,0.00003513,1664.00000000,0
1531167324731,1531167324729,1397964,0.00003511,1140.00000000,1
1531167334336,1531167334331,1397965,0.00003512,2863.00000000,0
1531167334350,1531167334345,1397966,0.00003515,751.00000000,0
1531167334368,1531167334363,1397967,0.00003515,1476.00000000,0
1531167386427,1531167386422,1397968,0.00003512,134.00000000,0
1531167386446,1531167386442,1397969,0.00003511,1325.00000000,1
1531167386472,1531167386466,1397970,0.00003511,80.00000000,1
1531167421042,1531167421036,1397971,0.00003512,2625.00000000,0
1531167421049,1531167421044,1397972,0.00003510,1149.00000000,1
1531167421066,1531167421060,1397973,0.00003510,1172.00000000,1
1531167438794,1531167438788,1397974,0.00003509,42.00000000,0
1531167445526,1531167445520,1397975,0.00003510,720.00000000,0
1531167445541,1531167445536,1397976,0.00003510,1146.00000000,0
1531167462958,1531167462952,1397977,0.00003509,2148.00000000,1
1531167467168,1531167467161,1397978,0.00003508,42.00000000,1
1531167481172,1531167481167,1397979,0.00003508,126.00000000,1
1531167492415,1531167492412,1397980,0.00003507,1162.00000000,1
1531167492440,1531167492434,1397981,0.00003507,1332.00000000,1
1531167497340,1531167497334,1397982,0.00003508,992.00000000,1
1531167497340,1531167497334,1397983,0.00003506,5958.00000000,1
1531167520826,1531167520821,1397984,0.00003506,3398.00000000,1
1531167520826,1531167520821,1397985,0.00003505,4730.00000000,1
1531167526428,1531167526422,1397986,0.00003504,651.00000000,1
1531167526438,1531167526433,1397987,0.00003504,1067.00000000,0
1531167526455,1531167526451,1397988,0.00003504,651.00000000,1
1531167529868,1531167529842,1397989,0.00003503,1168.00000000,1
1531167529868,1531167529842,1397990,0.00003501,79.00000000,1
1531167535323,1531167535318,1397991,0.00003501,1412.00000000,1
1531167535323,1531167535318,1397992,0.00003500,1310.00000000,1
1531167544108,1531167544102,1397993,0.00003500,94.00000000,1
1531167550670,1531167550663,1397994,0.00003498,29.00000000,1
1531167550701,1531167550698,1397995,0.00003498,534.00000000,0
1531167551457,1531167551451,1397996,0.00003498,1001.00000000,0
1531167551562,1531167551555,1397997,0.00003498,120.00000000,0
1531167552452,1531167552446,1397998,0.00003498,185.00000000,0
1531167552503,1531167552498,1397999,0.00003497,897.00000000,0
1531167562167,1531167562161,1398000,0.00003497,1001.00000000,0
1531167562169,1531167562164,1398001,0.00003497,1612.00000000,0
1531167562177,1531167562171,1398002,0.00003497,336.00000000,1
1531167562801,1531167562798,1398003,0.00003497,356.00000000,1
1531167562856,1531167562855,1398004,0.00003499,192.00000000,0
1531167565401,1531167565399,1398005,0.00003499,220.00000000,0
1531167568960,1531167568956,1398006,0.00003499,492.00000000,0
1531167576165,1531167576160,1398007,0.00003499,965.00000000,0
1531167578495,1531167578492,1398008,0.00003500,165.00000000,0
1531167584995,1531167584989,1398009,0.00003499,873.00000000,0
1531167586270,1531167586265,1398010,0.00003499,3595.00000000,0
1531167586279,1531167586274,1398011,0.00003498,1322.00000000,1
1531167586297,1531167586290,1398012,0.00003499,1301.00000000,1
1531167586297,1531167586290,1398013,0.00003497,309.00000000,1
1531167586330,1531167586325,1398014,0.00003497,142.00000000,0
1531167586337,1531167586332,1398015,0.00003497,142.00000000,0
1531167586339,1531167586333,1398016,0.00003497,142.00000000,0
1531167586341,1531167586335,1398017,0.00003497,142.00000000,0
1531167586345,1531167586344,1398018,0.00003497,142.00000000,0
1531167586346,1531167586344,1398019,0.00003497,142.00000000,0
1531167586347,1531167586344,1398020,0.00003497,142.00000000,0
1531167597018,1531167597013,1398021,0.00003497,9.00000000,0
1531167613586,1531167613580,1398022,0.00003499,187.00000000,0
1531167647417,1531167647411,1398023,0.00003498,1489.00000000,1
1531167647447,1531167647441,1398024,0.00003498,1214.00000000,1
1531167647459,1531167647453,1398025,0.00003498,560.00000000,1
1531167647477,1531167647470,1398026,0.00003497,2604.00000000,1
1531167649624,1531167649617,1398027,0.00003492,238.00000000,1
1531167649624,1531167649617,1398028,0.00003491,24.00000000,1
1531167660211,1531167660206,1398029,0.00003495,2415.00000000,0
1531167660313,1531167660307,1398030,0.00003495,1001.00000000,1
1531167660313,1531167660307,1398031,0.00003492,497.00000000,1
1531167660328,1531167660323,1398032,0.00003492,1473.00000000,1
1531167669298,1531167669291,1398033,0.00003499,29.00000000,0
1531167674146,1531167674139,1398034,0.00003491,5.00000000,1
1531167674146,1531167674139,1398035,0.00003489,29.00000000,1
1531167674146,1531167674139,1398036,0.00003485,32.00000000,1
1531167676578,1531167676572,1398037,0.00003487,115.00000000,1
1531167681454,1531167681448,1398038,0.00003488,418.00000000,1
1531167681468,1531167681461,1398039,0.00003487,492.00000000,0
1531167685174,1531167685172,1398040,0.00003500,238.00000000,0
1531167685174,1531167685172,1398041,0.00003505,691.00000000,0
1531167685222,1531167685216,1398042,0.00003505,285.00000000,0
1531167697219,1531167697214,1398043,0.00003505,304.00000000,0
1531167718991,1531167718986,1398044,0.00003504,445.00000000,0
1531167718991,1531167718986,1398045,0.00003505,269.00000000,0
1531167730058,1531167730052,1398046,0.00003505,85.00000000,0
1531167743271,1531167743266,1398047,0.00003491,238.00000000,1
1531167743271,1531167743266,1398048,0.00003487,512.00000000,1
1531167803854,1531167803848,1398049,0.00003490,251.00000000,1
1531167806449,1531167806445,1398050,0.00003496,309.00000000,0
1531167806464,1531167806457,1398051,0.00003489,161.00000000,1
1531167828843,1531167828837,1398052,0.00003487,1213.00000000,1
1531167832987,1531167832981,1398053,0.00003485,1262.00000000,1
1531167833275,1531167833269,1398054,0.00003498,423.00000000,0
1531167833275,1531167833269,1398055,0.00003499,169.00000000,0
1531167845998,1531167845992,1398056,0.00003486,984.00000000,1
1531167867437,1531167867433,1398057,0.00003492,1299.00000000,0
1531167867456,1531167867450,1398058,0.00003489,822.00000000,1
1531167867477,1531167867472,1398059,0.00003489,1181.00000000,1
1531167870906,1531167870901,1398060,0.00003488,735.00000000,1
1531167887929,1531167887922,1398061,0.00003491,560.00000000,1
1531167894206,1531167894201,1398062,0.00003495,29.00000000,0
1531167901580,1531167901574,1398063,0.00003492,692.00000000,1
1531167925645,1531167925640,1398064,0.00003492,105.00000000,1
1531167925656,1531167925651,1398065,0.00003492,1311.00000000,1
1531167947349,1531167947343,1398066,0.00003492,795.00000000,1
1531167947398,1531167947362,1398067,0.00003492,1029.00000000,1
1531167958717,1531167958712,1398068,0.00003491,836.00000000,1
1531167965953,1531167965947,1398069,0.00003493,3450.00000000,0
1531167965963,1531167965958,1398070,0.00003492,1279.00000000,1
1531167965980,1531167965975,1398071,0.00003492,1462.00000000,1
1531168001127,1531168001120,1398072,0.00003491,563.00000000,1
1531168002233,1531168002232,1398073,0.00003491,122.00000000,0
1531168003882,1531168003877,1398074,0.00003488,3390.00000000,1
1531168011162,1531168011156,1398075,0.00003489,697.00000000,1
1531168011191,1531168011185,1398076,0.00003489,200.00000000,1
1531168062367,1531168062362,1398077,0.00003489,1506.00000000,1
1531168066465,1531168066460,1398078,0.00003494,1826.00000000,0
1531168066475,1531168066470,1398079,0.00003489,524.00000000,1
1531168075581,1531168075575,1398080,0.00003489,380.00000000,0
1531168078038,1531168078032,1398081,0.00003499,201.00000000,0
1531168088529,1531168088524,1398082,0.00003489,627.00000000,1
1531168144019,1531168144016,1398083,0.00003494,4142.00000000,0
1531168144036,1531168144034,1398084,0.00003490,118.00000000,1
1531168144058,1531168144054,1398085,0.00003490,1390.00000000,1
1531168168568,1531168168563,1398086,0.00003497,687.00000000,0
1531168168577,1531168168572,1398087,0.00003491,294.00000000,1
1531168173777,1531168173776,1398088,0.00003490,145.00000000,1
1531168205226,1531168205221,1398089,0.00003491,1207.00000000,1
1531168205249,1531168205243,1398090,0.00003491,84.00000000,1
1531168232305,1531168232300,1398091,0.00003501,199.00000000,0
1531168232305,1531168232300,1398092,0.00003502,84.00000000,0
1531168248998,1531168248993,1398093,0.00003505,1878.00000000,0
1531168265288,1531168265287,1398094,0.00003503,679.00000000,1
1531168265821,1531168265815,1398095,0.00003505,311.00000000,0
1531168291834,1531168291828,1398096,0.00003515,495.00000000,1
1531168309327,1531168309323,1398097,0.00003522,29.00000000,0
1531168309327,1531168309323,1398098,0.00003523,226.00000000,0
1531168309364,1531168309341,1398099,0.00003523,42.00000000,1
1531168318241,1531168318235,1398100,0.00003524,58.00000000,0
1531168318241,1531168318235,1398101,0.00003528,112.00000000,0
1531168318241,1531168318235,1398102,0.00003529,100.00000000,0
1531168318241,1531168318235,1398103,0.00003531,168.00000000,0
1531168318241,1531168318235,1398104,0.00003532,142.00000000,0
1531168318241,1531168318235,1398105,0.00003539,47.00000000,0
1531168319670,1531168319663,1398106,0.00003518,222.00000000,1
1531168319711,1531168319708,1398107,0.00003518,5.00000000,1
1531168321777,1531168321770,1398108,0.00003516,177.00000000,1
1531168327431,1531168327426,1398109,0.00003525,55.00000000,1
1531168328231,1531168328226,1398110,0.00003517,21.00000000,1
1531168336891,1531168336891,1398111,0.00003533,29.00000000,0
1531168349832,1531168349827,1398112,0.00003533,148.00000000,0
1531168355645,1531168355641,1398113,0.00003534,171.00000000,0
1531168355645,1531168355641,1398114,0.00003536,162.00000000,0
1531168370311,1531168370305,1398115,0.00003536,60.00000000,0
1531168370359,1531168370357,1398116,0.00003536,180.00000000,1
1531168376421,1531168376421,1398117,0.00003539,9.00000000,0
1531168376422,1531168376421,1398118,0.00003540,5.00000000,0
1531168378062,1531168378055,1398119,0.00003542,156.00000000,0
1531168378062,1531168378055,1398120,0.00003544,43.00000000,0
1531168378062,1531168378055,1398121,0.00003545,23.00000000,0
1531168378091,1531168378086,1398122,0.00003545,41.00000000,0
1531168383095,1531168383090,1398123,0.00003540,15.00000000,1
1531168383095,1531168383090,1398124,0.00003537,74.00000000,1
1531168389048,1531168389043,1398125,0.00003548,29.00000000,0
1531168395502,1531168395496,1398126,0.00003548,126.00000000,0
1531168409097,1531168409091,1398127,0.00003553,29.00000000,0
1531168409097,1531168409091,1398128,0.00003559,365.00000000,0
1531168409097,1531168409091,1398129,0.00003564,190.00000000,0
1531168409293,1531168409291,1398130,0.00003552,1912.00000000,1
1531168409293,1531168409291,1398131,0.00003548,1395.00000000,1
1531168414288,1531168414284,1398132,0.00003548,30.00000000,1
1531168417046,1531168417042,1398133,0.00003564,145.00000000,0
1531168423287,1531168423283,1398134,0.00003564,47.00000000,0
1531168432697,1531168432691,1398135,0.00003555,168.00000000,0
1531168432697,1531168432691,1398136,0.00003564,195.00000000,0
1531168432697,1531168432691,1398137,0.00003565,29.00000000,0
1531168437038,1531168437031,1398138,0.00003566,37.00000000,1
1531168439117,1531168439111,1398139,0.00003568,29.00000000,0
1531168439117,1531168439111,1398140,0.00003570,112.00000000,0
1531168452816,1531168452810,1398141,0.00003572,29.00000000,0
1531168453296,1531168453291,1398142,0.00003572,1416.00000000,1
1531168453296,1531168453291,1398143,0.00003571,681.00000000,1
1531168455046,1531168455045,1398144,0.00003571,167.00000000,1
1531168455998,1531168455993,1398145,0.00003573,1650.00000000,0
1531168456013,1531168456006,1398146,0.00003571,1223.00000000,1
1531168456035,1531168456029,1398147,0.00003571,146.00000000,1
1531168456431,1531168456426,1398148,0.00003571,71.00000000,0
1531168456752,1531168456746,1398149,0.00003571,57.00000000,0
1531168456808,1531168456803,1398150,0.00003571,29.00000000,0
1531168457218,1531168457216,1398151,0.00003571,29.00000000,0
1531168457283,1531168457277,1398152,0.00003571,210.00000000,0
1531168461702,1531168461697,1398153,0.00003571,175.00000000,0
1531168465349,1531168465344,1398154,0.00003568,819.00000000,0
1531168465359,1531168465353,1398155,0.00003566,427.00000000,1
1531168468397,1531168468393,1398156,0.00003565,1910.00000000,1
1531168475359,1531168475353,1398157,0.00003570,582.00000000,0
1531168482183,1531168482177,1398158,0.00003570,157.00000000,0
1531168482183,1531168482177,1398159,0.00003576,36.00000000,0
1531168486955,1531168486950,1398160,0.00003571,2896.00000000,0
1531168486976,1531168486970,1398161,0.00003566,1187.00000000,1
1531168490363,1531168490357,1398162,0.00003565,1103.00000000,1
1531168526090,1531168526085,1398163,0.00003566,791.00000000,1
1531168526102,1531168526097,1398164,0.00003566,56.00000000,1
1531168540422,1531168540402,1398165,0.00003571,53.00000000,1
1531168541293,1531168541289,1398166,0.00003573,565.00000000,0
1531168541301,1531168541296,1398167,0.00003571,1276.00000000,1
1531168541314,1531168541308,1398168,0.00003571,471.00000000,1
1531168556001,1531168555994,1398169,0.00003570,146.00000000,1
1531168568040,1531168568036,1398170,0.00003571,53.00000000,0
1531168568040,1531168568036,1398171,0.00003576,47.00000000,0
1531168574676,1531168574669,1398172,0.00003576,50.00000000,0
