event_time,trade_time,trade_id,price,quantity,maker
1531160481712,1531160481708,2810904,0.00020735,169.00000000,1
1531160481712,1531160481708,2810905,0.00020720,331.00000000,1
1531160493656,1531160493652,2810906,0.00020726,63.00000000,1
1531160493656,1531160493652,2810907,0.00020725,87.00000000,1
1531160544132,1531160544129,2810908,0.00020722,356.00000000,1
1531160544132,1531160544129,2810909,0.00020721,144.00000000,1
1531160546951,1531160546948,2810910,0.00020754,193.00000000,0
1531160546972,1531160546969,2810911,0.00020721,144.00000000,1
1531160547765,1531160547761,2810912,0.00020721,63.00000000,0
1531160570003,1531160570000,2810913,0.00020721,53.00000000,1
1531160570065,1531160570061,2810914,0.00020721,105.00000000,1
1531160606919,1531160606914,2810915,0.00020752,156.00000000,0
1531160606928,1531160606924,2810916,0.00020721,79.00000000,1
1531160625425,1531160625422,2810917,0.00020721,191.00000000,1
1531160625443,1531160625441,2810918,0.00020721,80.00000000,1
1531160654418,1531160654411,2810919,0.00020720,1.00000000,1
1531160654418,1531160654411,2810920,0.00020714,40.00000000,1
1531160654418,1531160654411,2810921,0.00020700,90.00000000,1
1531160654418,1531160654411,2810922,0.00020694,6.00000000,1
1531160654418,1531160654411,2810923,0.00020692,12.00000000,1
1531160654418,1531160654411,2810924,0.00020670,10.00000000,1
1531160654418,1531160654411,2810925,0.00020669,14.00000000,1
1531160654418,1531160654411,2810926,0.00020666,31.00000000,1
1531160654418,1531160654411,2810927,0.00020659,20.00000000,1
1531160654418,1531160654411,2810928,0.00020654,338.00000000,1
1531160654418,1531160654411,2810929,0.00020650,220.00000000,1
1531160654418,1531160654411,2810930,0.00020649,28.00000000,1
1531160654418,1531160654411,2810931,0.00020630,10.00000000,1
1531160654418,1531160654411,2810932,0.00020623,47.00000000,1
1531160654418,1531160654411,2810933,0.00020622,658.00000000,1
1531160665404,1531160665401,2810934,0.00020639,184.00000000,1
1531160673750,1531160673745,2810935,0.00020639,119.00000000,1
1531160673772,1531160673769,2810936,0.00020639,62.00000000,1
1531160691624,1531160691622,2810937,0.00020715,4.00000000,0
1531160698825,1531160698822,2810938,0.00020639,238.00000000,1
1531160721017,1531160721012,2810939,0.00020708,28.00000000,0
1531160725099,1531160725095,2810940,0.00020708,12.00000000,1
1531160735846,1531160735844,2810941,0.00020668,7.00000000,1
1531160784272,1531160784267,2810942,0.00020669,220.00000000,1
1531160784287,1531160784283,2810943,0.00020669,174.00000000,1
1531160813355,1531160813352,2810944,0.00020668,18.00000000,1
1531160813375,1531160813370,2810945,0.00020668,152.00000000,1
1531160815098,1531160815094,2810946,0.00020667,5.00000000,1
1531160829027,1531160829022,2810947,0.00020668,161.00000000,1
1531160841020,1531160841016,2810948,0.00020668,133.00000000,1
1531160880680,1531160880677,2810949,0.00020689,275.00000000,0
1531160880694,1531160880690,2810950,0.00020668,96.00000000,1
1531160911659,1531160911655,2810951,0.00020689,443.00000000,0
1531160911668,1531160911664,2810952,0.00020668,187.00000000,1
1531160927499,1531160927495,2810953,0.00020667,5.00000000,1
1531160938373,1531160938368,2810954,0.00020668,165.00000000,1
1531160938398,1531160938394,2810955,0.00020668,83.00000000,1
1531160972813,1531160972811,2810956,0.00020710,8.00000000,0
1531160973804,1531160973800,2810957,0.00020711,28.00000000,0
1531160987136,1531160987133,2810958,0.00020669,33.00000000,1
1531160999293,1531160999288,2810959,0.00020668,17.00000000,1
1531161001300,1531161001295,2810960,0.00020707,212.00000000,0
1531161001315,1531161001311,2810961,0.00020668,26.00000000,1
1531161001334,1531161001330,2810962,0.00020668,65.00000000,1
1531161001492,1531161001489,2810963,0.00020668,5.00000000,0
1531161001807,1531161001802,2810964,0.00020668,12.00000000,0
1531161028114,1531161028109,2810965,0.00020668,75.00000000,1
1531161058186,1531161058183,2810966,0.00020703,85.00000000,0
1531161058201,1531161058196,2810967,0.00020668,49.00000000,1
1531161083642,1531161083638,2810968,0.00020668,31.00000000,1
1531161083657,1531161083652,2810969,0.00020668,5.00000000,1
1531161120435,1531161120431,2810970,0.00020668,9.00000000,1
1531161120449,1531161120445,2810971,0.00020668,23.00000000,1
1531161151658,1531161151654,2810972,0.00020668,23.00000000,1
1531161172232,1531161172228,2810973,0.00020667,5.00000000,1
1531161182949,1531161182945,2810974,0.00020668,42.00000000,1
1531161182965,1531161182962,2810975,0.00020668,64.00000000,1
1531161213782,1531161213779,2810976,0.00020707,92.00000000,0
1531161213794,1531161213792,2810977,0.00020668,44.00000000,1
1531161228698,1531161228693,2810978,0.00020667,25.00000000,1
1531161228698,1531161228693,2810979,0.00020639,12.00000000,1
1531161228698,1531161228693,2810980,0.00020625,554.00000000,1
1531161228698,1531161228693,2810981,0.00020622,21.00000000,1
1531161228698,1531161228693,2810982,0.00020620,5.00000000,1
1531161228698,1531161228693,2810983,0.00020612,9.00000000,1
1531161228698,1531161228693,2810984,0.00020606,25.00000000,1
1531161228698,1531161228693,2810985,0.00020602,445.00000000,1
1531161241342,1531161241339,2810986,0.00020715,16.00000000,0
1531161248954,1531161248950,2810987,0.00020633,51.00000000,1
1531161248981,1531161248976,2810988,0.00020633,8.00000000,1
1531161262290,1531161262286,2810989,0.00020633,6.00000000,1
1531161265079,1531161265075,2810990,0.00020633,16.00000000,1
1531161270157,1531161270154,2810991,0.00020674,59.00000000,0
1531161270174,1531161270170,2810992,0.00020633,14.00000000,1
1531161270880,1531161270879,2810993,0.00020633,17.00000000,0
1531161278586,1531161278581,2810994,0.00020632,40.00000000,1
1531161278586,1531161278581,2810995,0.00020602,6.00000000,1
1531161299745,1531161299741,2810996,0.00020604,48.00000000,1
1531161312944,1531161312939,2810997,0.00020602,24.00000000,1
1531161337431,1531161337427,2810998,0.00020603,40.00000000,1
1531161337455,1531161337449,2810999,0.00020603,23.00000000,1
1531161341404,1531161341400,2811000,0.00020602,5.00000000,1
1531161343624,1531161343619,2811001,0.00020659,10.00000000,0
1531161343787,1531161343783,2811002,0.00020659,5.00000000,0
1531161365947,1531161365942,2811003,0.00020603,20.00000000,1
1531161365971,1531161365967,2811004,0.00020603,90.00000000,1
1531161396269,1531161396264,2811005,0.00020628,164.00000000,0
1531161396278,1531161396274,2811006,0.00020603,51.00000000,1
1531161396296,1531161396291,2811007,0.00020603,82.00000000,1
1531161399656,1531161399652,2811008,0.00020653,20.00000000,0
1531161424439,1531161424435,2811009,0.00020644,133.00000000,0
1531161424456,1531161424451,2811010,0.00020629,81.00000000,1
1531161456473,1531161456468,2811011,0.00020644,139.00000000,0
1531161456486,1531161456481,2811012,0.00020629,64.00000000,1
1531161475834,1531161475829,2811013,0.00020659,25.00000000,0
1531161479719,1531161479715,2811014,0.00020662,180.00000000,0
1531161479739,1531161479733,2811015,0.00020629,74.00000000,1
1531161515805,1531161515799,2811016,0.00020659,210.00000000,0
1531161515825,1531161515820,2811017,0.00020629,44.00000000,1
1531161515844,1531161515841,2811018,0.00020629,100.00000000,1
1531161524666,1531161524663,2811019,0.00020689,17.00000000,0
1531161541558,1531161541553,2811020,0.00020622,20.00000000,1
1531161541580,1531161541576,2811021,0.00020622,81.00000000,1
1531161570693,1531161570690,2811022,0.00020622,100.00000000,1
1531161605689,1531161605684,2811023,0.00020645,142.00000000,0
1531161605704,1531161605698,2811024,0.00020622,66.00000000,1
1531161605731,1531161605727,2811025,0.00020622,49.00000000,1
1531161644375,1531161644371,2811026,0.00020622,49.00000000,1
1531161684544,1531161684540,2811027,0.00020642,130.00000000,0
1531161684556,1531161684552,2811028,0.00020622,5.00000000,1
1531161684571,1531161684567,2811029,0.00020622,65.00000000,1
1531161693968,1531161693962,2811030,0.00020642,46.00000000,0
1531161693975,1531161693971,2811031,0.00020622,8.00000000,1
1531161693992,1531161693987,2811032,0.00020622,28.00000000,1
1531161697214,1531161697211,2811033,0.00020622,17.00000000,0
1531161703710,1531161703706,2811034,0.00020622,2.00000000,0
1531161721096,1531161721091,2811035,0.00020623,65.00000000,1
1531161731310,1531161731306,2811036,0.00020637,22.00000000,0
1531161731320,1531161731317,2811037,0.00020623,21.00000000,1
1531161731346,1531161731341,2811038,0.00020623,21.00000000,1
1531161763721,1531161763717,2811039,0.00020623,55.00000000,1
1531161763739,1531161763734,2811040,0.00020623,86.00000000,1
1531161775847,1531161775846,2811041,0.00020636,16.00000000,0
1531161793231,1531161793226,2811042,0.00020623,95.00000000,1
1531161793250,1531161793246,2811043,0.00020623,49.00000000,1
1531161823729,1531161823724,2811044,0.00020623,58.00000000,1
1531161823751,1531161823747,2811045,0.00020623,30.00000000,1
1531161840297,1531161840294,2811046,0.00020638,127.00000000,0
1531161840307,1531161840302,2811047,0.00020623,34.00000000,1
1531161840319,1531161840317,2811048,0.00020623,94.00000000,1
1531161853245,1531161853240,2811049,0.00020622,100.00000000,1
1531161866702,1531161866699,2811050,0.00020638,7.00000000,0
1531161866717,1531161866711,2811051,0.00020623,5.00000000,1
1531161876536,1531161876532,2811052,0.00020622,100.00000000,1
1531162014919,1531162014914,2811053,0.00020650,60.00000000,0
1531162014919,1531162014914,2811054,0.00020654,5.00000000,0
1531162015087,1531162015083,2811055,0.00020654,10.00000000,0
1531162015105,1531162015101,2811056,0.00020654,10.00000000,0
1531162015119,1531162015114,2811057,0.00020654,10.00000000,0
1531162015141,1531162015136,2811058,0.00020654,5.00000000,0
1531162015141,1531162015136,2811059,0.00020679,5.00000000,0
1531162015160,1531162015156,2811060,0.00020679,20.00000000,0
1531162084510,1531162084505,2811061,0.00020604,42.00000000,1
1531162084510,1531162084505,2811062,0.00020603,20.00000000,1
1531162084510,1531162084505,2811063,0.00020602,38.00000000,1
1531162103993,1531162103987,2811064,0.00020610,18.00000000,1
1531162123774,1531162123768,2811065,0.00020647,54.00000000,0
1531162123774,1531162123768,2811066,0.00020648,108.00000000,0
1531162124129,1531162124124,2811067,0.00020648,12.00000000,0
1531162129391,1531162129386,2811068,0.00020603,60.00000000,1
1531162129391,1531162129386,2811069,0.00020602,15.00000000,1
1531162129391,1531162129386,2811070,0.00020600,25.00000000,1
1531162136455,1531162136449,2811071,0.00020603,32.00000000,1
1531162136455,1531162136449,2811072,0.00020600,68.00000000,1
1531162144637,1531162144633,2811073,0.00020600,100.00000000,1
1531162152182,1531162152177,2811074,0.00020600,100.00000000,1
1531162166682,1531162166679,2811075,0.00020629,247.00000000,0
1531162166693,1531162166689,2811076,0.00020601,86.00000000,1
1531162183772,1531162183768,2811077,0.00020647,90.00000000,1
1531162183970,1531162183966,2811078,0.00020647,17.00000000,1
1531162184255,1531162184251,2811079,0.00020647,10.00000000,1
1531162184274,1531162184272,2811080,0.00020647,10.00000000,1
1531162184298,1531162184292,2811081,0.00020647,18.00000000,1
1531162199090,1531162199086,2811082,0.00020601,38.00000000,1
1531162199090,1531162199086,2811083,0.00020600,30.00000000,1
1531162199630,1531162199625,2811084,0.00020600,32.00000000,0
1531162208918,1531162208913,2811085,0.00020640,102.00000000,0
1531162208918,1531162208913,2811086,0.00020641,43.00000000,0
1531162209171,1531162209167,2811087,0.00020641,162.00000000,0
1531162209376,1531162209373,2811088,0.00020641,10.00000000,0
1531162209390,1531162209385,2811089,0.00020641,10.00000000,0
1531162209406,1531162209402,2811090,0.00020641,10.00000000,0
1531162209432,1531162209428,2811091,0.00020641,11.00000000,0
1531162209432,1531162209428,2811092,0.00020643,1.00000000,0
1531162213911,1531162213905,2811093,0.00020642,60.00000000,0
1531162213911,1531162213905,2811094,0.00020643,19.00000000,0
1531162213911,1531162213905,2811095,0.00020652,12.00000000,0
1531162214377,1531162214371,2811096,0.00020652,10.00000000,0
1531162214386,1531162214382,2811097,0.00020652,10.00000000,0
1531162214421,1531162214416,2811098,0.00020652,8.00000000,0
1531162214421,1531162214416,2811099,0.00020670,2.00000000,0
1531162214425,1531162214420,2811100,0.00020670,10.00000000,0
1531162214469,1531162214466,2811101,0.00020670,20.00000000,0
1531162226517,1531162226511,2811102,0.00020601,92.00000000,1
1531162226517,1531162226511,2811103,0.00020600,8.00000000,1
1531162242932,1531162242929,2811104,0.00020601,16.00000000,1
1531162242932,1531162242929,2811105,0.00020600,32.00000000,1
1531162243795,1531162243791,2811106,0.00020600,52.00000000,0
1531162245034,1531162245030,2811107,0.00020585,12.00000000,1
1531162272898,1531162272895,2811108,0.00020600,100.00000000,0
1531162304644,1531162304639,2811109,0.00020600,100.00000000,1
1531162317088,1531162317082,2811110,0.00020638,15.00000000,0
1531162317088,1531162317082,2811111,0.00020639,32.00000000,0
1531162317088,1531162317082,2811112,0.00020658,3.00000000,0
1531162317849,1531162317846,2811113,0.00020600,100.00000000,0
1531162323371,1531162323367,2811114,0.00020614,1950.00000000,0
1531162323388,1531162323383,2811115,0.00020592,780.00000000,1
1531162328200,1531162328197,2811116,0.00020637,49.00000000,0
1531162331975,1531162331972,2811117,0.00020600,100.00000000,0
1531162331980,1531162331977,2811118,0.00020638,10.00000000,0
1531162331980,1531162331977,2811119,0.00020656,40.00000000,0
1531162332844,1531162332841,2811120,0.00020656,11.00000000,1
1531162332902,1531162332898,2811121,0.00020656,39.00000000,1
1531162344898,1531162344893,2811122,0.00020600,100.00000000,0
1531162353910,1531162353906,2811123,0.00020600,100.00000000,0
1531162370928,1531162370926,2811124,0.00020654,20.00000000,0
1531162371906,1531162371902,2811125,0.00020654,40.00000000,0
1531162371939,1531162371935,2811126,0.00020655,10.00000000,0
1531162371969,1531162371966,2811127,0.00020655,10.00000000,0
1531162371981,1531162371976,2811128,0.00020658,10.00000000,0
1531162371998,1531162371993,2811129,0.00020658,10.00000000,0
1531162372025,1531162372020,2811130,0.00020658,20.00000000,0
1531162373897,1531162373892,2811131,0.00020657,60.00000000,0
1531162373941,1531162373937,2811132,0.00020659,10.00000000,0
1531162373959,1531162373955,2811133,0.00020659,10.00000000,0
1531162373984,1531162373982,2811134,0.00020659,10.00000000,0
1531162374004,1531162373999,2811135,0.00020659,10.00000000,0
1531162374026,1531162374020,2811136,0.00020659,20.00000000,0
1531162374903,1531162374897,2811137,0.00020659,1770.00000000,0
1531162383901,1531162383896,2811138,0.00020706,60.00000000,0
1531162383954,1531162383950,2811139,0.00020707,10.00000000,0
1531162383961,1531162383956,2811140,0.00020707,10.00000000,0
1531162383988,1531162383984,2811141,0.00020707,10.00000000,0
1531162384005,1531162384001,2811142,0.00020707,10.00000000,0
1531162384032,1531162384030,2811143,0.00020722,20.00000000,0
1531162385897,1531162385893,2811144,0.00020724,18.00000000,0
1531162385952,1531162385946,2811145,0.00020725,18.00000000,0
1531162543766,1531162543764,2811146,0.00020676,166.00000000,0
1531162543782,1531162543778,2811147,0.00020654,69.00000000,1
1531162673176,1531162673171,2811148,0.00020658,5.00000000,1
1531162746366,1531162746360,2811149,0.00020712,50.00000000,0
1531162746695,1531162746688,2811150,0.00020712,10.00000000,0
1531162746719,1531162746715,2811151,0.00020712,5.00000000,0
1531162746719,1531162746715,2811152,0.00020716,5.00000000,0
1531162746725,1531162746720,2811153,0.00020716,10.00000000,0
1531162746764,1531162746759,2811154,0.00020716,5.00000000,0
1531162746764,1531162746759,2811155,0.00020725,10.00000000,0
1531162747688,1531162747681,2811156,0.00020725,15.00000000,0
1531162879242,1531162879238,2811157,0.00020676,60.00000000,1
1531162882328,1531162882322,2811158,0.00020698,1264.00000000,0
1531162882343,1531162882338,2811159,0.00020673,222.00000000,1
1531162882358,1531162882352,2811160,0.00020673,762.00000000,1
1531162893913,1531162893908,2811161,0.00020667,179.00000000,1
1531162946727,1531162946723,2811162,0.00020667,483.00000000,1
1531162978636,1531162978630,2811163,0.00020667,979.00000000,1
1531163005303,1531163005298,2811164,0.00020693,1761.00000000,0
1531163005315,1531163005309,2811165,0.00020667,870.00000000,1
1531163005339,1531163005334,2811166,0.00020667,608.00000000,1
1531163006223,1531163006217,2811167,0.00020665,5.00000000,1
1531163034227,1531163034221,2811168,0.00020690,5.00000000,0
1531163039899,1531163039893,2811169,0.00020678,783.00000000,0
1531163039915,1531163039909,2811170,0.00020667,523.00000000,1
1531163050672,1531163050668,2811171,0.00020666,57.00000000,1
1531163070116,1531163070112,2811172,0.00020665,5.00000000,1
1531163077980,1531163077974,2811173,0.00020677,90.00000000,0
1531163079978,1531163079972,2811174,0.00020678,209.00000000,0
1531163088614,1531163088610,2811175,0.00020667,31.00000000,1
1531163091080,1531163091075,2811176,0.00020666,5.00000000,0
1531163118978,1531163118971,2811177,0.00020689,31.00000000,0
1531163122418,1531163122413,2811178,0.00020667,27.00000000,1
1531163122436,1531163122431,2811179,0.00020667,581.00000000,1
1531163158392,1531163158388,2811180,0.00020686,1162.00000000,0
1531163158404,1531163158398,2811181,0.00020667,56.00000000,1
1531163158419,1531163158414,2811182,0.00020667,441.00000000,1
1531163167623,1531163167617,2811183,0.00020667,131.00000000,1
1531163173123,1531163173118,2811184,0.00020686,1648.00000000,0
1531163173133,1531163173127,2811185,0.00020667,913.00000000,1
1531163173996,1531163173990,2811186,0.00020667,136.00000000,0
1531163174056,1531163174052,2811187,0.00020666,5.00000000,1
1531163184982,1531163184977,2811188,0.00020673,148.00000000,0
1531163186222,1531163186215,2811189,0.00020686,145.00000000,0
1531163186236,1531163186230,2811190,0.00020666,854.00000000,1
1531163186247,1531163186242,2811191,0.00020666,55.00000000,1
1531163191053,1531163191050,2811192,0.00020706,120.00000000,0
1531163191198,1531163191193,2811193,0.00020707,10.00000000,0
1531163191214,1531163191210,2811194,0.00020707,10.00000000,0
1531163191229,1531163191223,2811195,0.00020707,4.00000000,0
1531163191229,1531163191223,2811196,0.00020714,6.00000000,0
1531163191266,1531163191262,2811197,0.00020714,10.00000000,0
1531163191273,1531163191269,2811198,0.00020714,20.00000000,0
1531163198238,1531163198233,2811199,0.00020669,60.00000000,1
1531163203688,1531163203682,2811200,0.00020695,207.00000000,0
1531163203701,1531163203695,2811201,0.00020668,147.00000000,1
1531163214112,1531163214105,2811202,0.00020721,120.00000000,0
1531163214113,1531163214105,2811203,0.00020722,20.00000000,0
1531163214113,1531163214105,2811204,0.00020724,90.00000000,0
1531163214113,1531163214105,2811205,0.00020725,510.00000000,0
1531163214113,1531163214105,2811206,0.00020726,20.00000000,0
1531163214113,1531163214105,2811207,0.00020807,325.00000000,0
1531163214113,1531163214105,2811208,0.00020809,5.00000000,0
1531163214113,1531163214105,2811209,0.00020811,61.00000000,0
1531163214113,1531163214105,2811210,0.00020835,5.00000000,0
1531163214113,1531163214105,2811211,0.00020840,6.00000000,0
1531163214113,1531163214105,2811212,0.00020843,10.00000000,0
1531163214113,1531163214105,2811213,0.00020854,16.00000000,0
1531163214113,1531163214105,2811214,0.00020894,912.00000000,0
1531163214295,1531163214291,2811215,0.00020894,10.00000000,0
1531163214311,1531163214306,2811216,0.00020894,10.00000000,0
1531163214312,1531163214307,2811217,0.00020684,28.00000000,1
1531163214335,1531163214331,2811218,0.00020894,10.00000000,0
1531163214348,1531163214345,2811219,0.00020883,10.00000000,0
1531163214372,1531163214366,2811220,0.00020883,20.00000000,0
1531163214432,1531163214428,2811221,0.00020684,20.00000000,1
1531163214540,1531163214535,2811222,0.00020706,7.00000000,1
1531163214573,1531163214570,2811223,0.00020677,295.00000000,1
1531163214889,1531163214884,2811224,0.00020721,7.00000000,1
1531163214934,1531163214929,2811225,0.00020677,123.00000000,1
1531163215089,1531163215083,2811226,0.00020684,7.00000000,0
1531163215983,1531163215978,2811227,0.00020721,7.00000000,0
1531163216986,1531163216980,2811228,0.00020725,7.00000000,0
1531163219914,1531163219906,2811229,0.00020702,8.00000000,1
1531163226325,1531163226319,2811230,0.00020708,446.00000000,1
1531163267071,1531163267065,2811231,0.00020705,20.00000000,1
1531163321019,1531163321014,2811232,0.00020737,124.00000000,0
1531163328724,1531163328721,2811233,0.00020709,31.00000000,1
1531163357020,1531163357014,2811234,0.00020731,31.00000000,0
1531163361021,1531163361017,2811235,0.00020762,24.00000000,0
1531163361450,1531163361444,2811236,0.00020766,8.00000000,0
1531163361450,1531163361444,2811237,0.00020806,2.00000000,0
1531163361463,1531163361458,2811238,0.00020806,14.00000000,0
1531163363031,1531163363025,2811239,0.00020760,36.00000000,0
1531163363460,1531163363454,2811240,0.00020761,10.00000000,0
1531163363478,1531163363471,2811241,0.00020761,10.00000000,0
1531163363497,1531163363492,2811242,0.00020765,16.00000000,0
1531163373753,1531163373747,2811243,0.00020765,279.00000000,0
1531163373753,1531163373747,2811244,0.00020806,32.00000000,0
1531163373753,1531163373747,2811245,0.00020893,7.00000000,0
1531163373753,1531163373747,2811246,0.00020907,90.00000000,0
1531163373753,1531163373747,2811247,0.00020908,23.00000000,0
1531163376948,1531163376943,2811248,0.00020728,5.00000000,1
1531163381405,1531163381400,2811249,0.00020791,40.00000000,1
1531163381431,1531163381425,2811250,0.00020760,28.00000000,1
1531163385831,1531163385828,2811251,0.00020761,10.00000000,1
1531163385863,1531163385856,2811252,0.00020761,10.00000000,1
1531163385878,1531163385873,2811253,0.00020761,13.00000000,1
1531163419470,1531163419463,2811254,0.00020782,202.00000000,1
1531163424570,1531163424563,2811255,0.00020784,5.00000000,1
1531163449963,1531163449957,2811256,0.00020799,131.00000000,1
1531163450827,1531163450824,2811257,0.00020843,40.00000000,0
1531163450827,1531163450824,2811258,0.00020887,7.00000000,0
1531163459957,1531163459953,2811259,0.00020873,47.00000000,0
1531163480025,1531163480021,2811260,0.00020822,12.00000000,1
1531163480025,1531163480021,2811261,0.00020821,20.00000000,1
1531163481025,1531163481020,2811262,0.00020821,12.00000000,1
1531163482024,1531163482018,2811263,0.00020811,12.00000000,1
1531163483034,1531163483030,2811264,0.00020801,40.00000000,1
1531163488506,1531163488501,2811265,0.00020811,10.00000000,0
1531163489062,1531163489056,2811266,0.00020811,10.00000000,0
1531163490064,1531163490060,2811267,0.00020811,10.00000000,0
1531163491060,1531163491055,2811268,0.00020810,10.00000000,0
1531163601065,1531163601062,2811269,0.00020809,18.00000000,0
1531163601216,1531163601210,2811270,0.00020816,18.00000000,0
1531163603059,1531163603056,2811271,0.00020815,36.00000000,0
1531163603225,1531163603218,2811272,0.00020816,10.00000000,0
1531163603236,1531163603231,2811273,0.00020816,10.00000000,0
1531163603256,1531163603254,2811274,0.00020816,2.00000000,0
1531163603256,1531163603254,2811275,0.00020821,14.00000000,0
1531163605059,1531163605052,2811276,0.00020821,26.00000000,0
1531163628465,1531163628460,2811277,0.00020792,496.00000000,1
1531163628483,1531163628477,2811278,0.00020792,923.00000000,1
1531163642439,1531163642432,2811279,0.00020821,924.00000000,0
1531163642449,1531163642444,2811280,0.00020791,712.00000000,1
1531163648410,1531163648405,2811281,0.00020821,1474.00000000,0
1531163648425,1531163648419,2811282,0.00020792,671.00000000,1
1531163790654,1531163790650,2811283,0.00020802,4.00000000,1
1531163897770,1531163897767,2811284,0.00020792,10.00000000,1
1531163941212,1531163941207,2811285,0.00020790,6.00000000,1
1531163999489,1531163999484,2811286,0.00020791,486.00000000,1
1531163999512,1531163999507,2811287,0.00020791,857.00000000,1
1531164003322,1531164003316,2811288,0.00020790,47.00000000,1
1531164029968,1531164029961,2811289,0.00020765,169.00000000,0
1531164029987,1531164029982,2811290,0.00020724,220.00000000,1
1531164030005,1531164029999,2811291,0.00020724,89.00000000,1
1531164044612,1531164044606,2811292,0.00020806,4.00000000,0
1531164102525,1531164102519,2811293,0.00020764,275.00000000,0
1531164102545,1531164102540,2811294,0.00020723,69.00000000,1
1531164102560,1531164102555,2811295,0.00020723,145.00000000,1
1531164135689,1531164135685,2811296,0.00020724,14.00000000,0
1531164137107,1531164137102,2811297,0.00020724,465.00000000,0
1531164179250,1531164179247,2811298,0.00020714,180.00000000,1
1531164209410,1531164209405,2811299,0.00020714,7.00000000,1
1531164265824,1531164265819,2811300,0.00020714,5.00000000,1
1531164285002,1531164284999,2811301,0.00020716,72.00000000,1
1531164322967,1531164322964,2811302,0.00020716,63.00000000,1
1531164322987,1531164322982,2811303,0.00020716,131.00000000,1
1531164614821,1531164614815,2811304,0.00020716,10.00000000,1
1531164667398,1531164667392,2811305,0.00020724,90.00000000,1
1531164667398,1531164667392,2811306,0.00020713,460.00000000,1
1531164686808,1531164686797,2811307,0.00020714,125.00000000,1
1531164686808,1531164686797,2811308,0.00020713,70.00000000,1
1531164686808,1531164686797,2811309,0.00020712,40.00000000,1
1531164686808,1531164686797,2811310,0.00020704,90.00000000,1
1531164686808,1531164686797,2811311,0.00020703,237.00000000,1
1531164686808,1531164686797,2811312,0.00020673,74.00000000,1
1531164686808,1531164686797,2811313,0.00020669,20.00000000,1
1531164686808,1531164686797,2811314,0.00020665,15.00000000,1
1531164686808,1531164686797,2811315,0.00020650,338.00000000,1
1531164686808,1531164686797,2811316,0.00020646,28.00000000,1
1531164686808,1531164686797,2811317,0.00020635,15.00000000,1
1531164686808,1531164686797,2811318,0.00020622,10.00000000,1
1531164686808,1531164686797,2811319,0.00020611,19.00000000,1
1531164686808,1531164686797,2811320,0.00020607,42.00000000,1
1531164686808,1531164686797,2811321,0.00020605,20.00000000,1
1531164686808,1531164686797,2811322,0.00020600,100.00000000,1
1531164686808,1531164686797,2811323,0.00020577,49.00000000,1
1531164686808,1531164686797,2811324,0.00020576,10.00000000,1
1531164686808,1531164686797,2811325,0.00020573,6.00000000,1
1531164686808,1531164686797,2811326,0.00020568,20.00000000,1
1531164686808,1531164686797,2811327,0.00020560,10.00000000,1
1531164686808,1531164686797,2811328,0.00020559,209.00000000,1
1531164686853,1531164686848,2811329,0.00020665,41.00000000,0
1531164688840,1531164688834,2811330,0.00020565,34.00000000,1
1531164692427,1531164692426,2811331,0.00020623,5.00000000,0
1531164692844,1531164692839,2811332,0.00020642,144.00000000,0
1531164694773,1531164694767,2811333,0.00020640,144.00000000,0
1531164698357,1531164698351,2811334,0.00020639,144.00000000,0
1531164699361,1531164699357,2811335,0.00020638,64.00000000,0
1531164700288,1531164700282,2811336,0.00020627,20.00000000,0
1531164707348,1531164707346,2811337,0.00020638,67.00000000,0
1531164723192,1531164723188,2811338,0.00020618,11.00000000,0
1531164725253,1531164725249,2811339,0.00020644,10.00000000,0
1531164742210,1531164742207,2811340,0.00020593,5.00000000,1
1531164762948,1531164762943,2811341,0.00020581,25.00000000,1
1531164764071,1531164764067,2811342,0.00020651,5.00000000,0
1531164764203,1531164764202,2811343,0.00020654,40.00000000,0
1531164764473,1531164764471,2811344,0.00020652,5.00000000,1
1531164769275,1531164769270,2811345,0.00020652,5.00000000,1
1531164780645,1531164780639,2811346,0.00020618,28.00000000,1
1531164780662,1531164780658,2811347,0.00020618,12.00000000,1
1531164818213,1531164818208,2811348,0.00020660,20.00000000,0
1531164820214,1531164820208,2811349,0.00020663,12.00000000,0
1531164823216,1531164823212,2811350,0.00020664,25.00000000,0
1531164876659,1531164876653,2811351,0.00020618,20.00000000,1
1531164876659,1531164876653,2811352,0.00020617,40.00000000,1
1531164876660,1531164876653,2811353,0.00020557,18.00000000,1
1531164876660,1531164876653,2811354,0.00020555,5.00000000,1
1531164876660,1531164876653,2811355,0.00020551,67.00000000,1
1531164891176,1531164891170,2811356,0.00020648,4.00000000,0
1531164910218,1531164910214,2811357,0.00020648,20.00000000,0
1531164911210,1531164911205,2811358,0.00020650,40.00000000,0
1531165017226,1531165017221,2811359,0.00020650,12.00000000,0
1531165104858,1531165104851,2811360,0.00020665,1.00000000,0
1531165107873,1531165107868,2811361,0.00020679,15.00000000,0
1531165158844,1531165158839,2811362,0.00020677,9.00000000,0
1531165268920,1531165268916,2811363,0.00020621,32.00000000,1
1531165271923,1531165271917,2811364,0.00020614,9.00000000,1
1531165274960,1531165274956,2811365,0.00020597,26.00000000,1
1531165283790,1531165283785,2811366,0.00020636,914.00000000,0
1531165283804,1531165283799,2811367,0.00020598,849.00000000,1
1531165283822,1531165283817,2811368,0.00020598,412.00000000,1
1531165309127,1531165309122,2811369,0.00020671,5.00000000,0
1531165319058,1531165319053,2811370,0.00020598,55.00000000,1
1531165340569,1531165340563,2811371,0.00020631,368.00000000,0
1531165340579,1531165340574,2811372,0.00020598,138.00000000,1
1531165356137,1531165356132,2811373,0.00020662,4.00000000,0
1531165366867,1531165366863,2811374,0.00020662,20.00000000,0
1531165382850,1531165382845,2811375,0.00020630,201.00000000,0
1531165382861,1531165382855,2811376,0.00020598,126.00000000,1
1531165419146,1531165419140,2811377,0.00020598,28.00000000,1
1531165419166,1531165419161,2811378,0.00020598,80.00000000,1
1531165441823,1531165441818,2811379,0.00020598,5.00000000,1
1531165477512,1531165477506,2811380,0.00020622,144.00000000,0
1531165479890,1531165479883,2811381,0.00020622,144.00000000,0
1531165479920,1531165479914,2811382,0.00020622,212.00000000,0
1531165481527,1531165481522,2811383,0.00020596,3.00000000,1
1531165483237,1531165483233,2811384,0.00020623,77.00000000,0
1531165483257,1531165483252,2811385,0.00020596,32.00000000,1
1531165483281,1531165483276,2811386,0.00020596,36.00000000,1
1531165483464,1531165483463,2811387,0.00020596,3.00000000,0
1531165483464,1531165483463,2811388,0.00020650,7.00000000,0
1531165485028,1531165485024,2811389,0.00020650,12.00000000,0
1531165498881,1531165498876,2811390,0.00020596,37.00000000,1
1531165498908,1531165498901,2811391,0.00020596,5.00000000,1
1531165516754,1531165516748,2811392,0.00020621,94.00000000,0
1531165516766,1531165516761,2811393,0.00020597,78.00000000,1
1531165541376,1531165541372,2811394,0.00020597,55.00000000,1
1531165541392,1531165541388,2811395,0.00020597,17.00000000,1
1531165568105,1531165568100,2811396,0.00020648,5.00000000,0
1531165576293,1531165576288,2811397,0.00020650,21.00000000,0
1531165579297,1531165579292,2811398,0.00020646,10.00000000,0
1531165620105,1531165620100,2811399,0.00020677,4.00000000,0
1531165656291,1531165656286,2811400,0.00020677,55.00000000,0
1531165658299,1531165658294,2811401,0.00020680,7.00000000,0
1531165662289,1531165662287,2811402,0.00020689,49.00000000,0
1531165718189,1531165718182,2811403,0.00020617,174.00000000,1
1531165722102,1531165722097,2811404,0.00020617,191.00000000,1
1531165746711,1531165746709,2811405,0.00020646,3834.00000000,0
1531165746721,1531165746715,2811406,0.00020598,1659.00000000,1
1531165746733,1531165746729,2811407,0.00020598,2996.00000000,1
1531165763517,1531165763510,2811408,0.00020690,23.00000000,0
1531165823096,1531165823093,2811409,0.00020598,1229.00000000,1
1531165842205,1531165842202,2811410,0.00020597,5.00000000,1
1531165868869,1531165868864,2811411,0.00020598,1873.00000000,1
1531165868887,1531165868884,2811412,0.00020598,3461.00000000,1
1531165873075,1531165873069,2811413,0.00020597,5.00000000,1
1531165882530,1531165882525,2811414,0.00020598,2625.00000000,1
1531165882553,1531165882548,2811415,0.00020598,1491.00000000,1
1531165902053,1531165902048,2811416,0.00020598,224.00000000,1
1531165906830,1531165906826,2811417,0.00020638,4619.00000000,0
1531165906843,1531165906840,2811418,0.00020598,84.00000000,1
1531165906861,1531165906856,2811419,0.00020598,2009.00000000,1
1531165944304,1531165944303,2811420,0.00020644,12.00000000,0
1531165952400,1531165952395,2811421,0.00020622,4424.00000000,0
1531165952413,1531165952407,2811422,0.00020600,2950.00000000,1
1531165981652,1531165981645,2811423,0.00020620,1109.00000000,0
1531165981668,1531165981665,2811424,0.00020598,2097.00000000,1
1531165981689,1531165981685,2811425,0.00020598,973.00000000,1
1531165996163,1531165996158,2811426,0.00020642,4.00000000,0
1531166014373,1531166014370,2811427,0.00020619,3595.00000000,0
1531166014389,1531166014384,2811428,0.00020598,3328.00000000,1
1531166014404,1531166014399,2811429,0.00020598,3024.00000000,1
1531166041580,1531166041575,2811430,0.00020619,528.00000000,0
1531166041592,1531166041587,2811431,0.00020598,413.00000000,1
1531166054916,1531166054911,2811432,0.00020640,13.00000000,0
1531166054943,1531166054938,2811433,0.00020640,31.00000000,1
1531166054958,1531166054955,2811434,0.00020640,31.00000000,1
1531166055003,1531166055002,2811435,0.00020640,25.00000000,1
1531166081237,1531166081232,2811436,0.00020598,1838.00000000,1
1531166101870,1531166101864,2811437,0.00020598,3045.00000000,1
1531166115461,1531166115460,2811438,0.00020598,574.00000000,1
1531166115473,1531166115466,2811439,0.00020598,3003.00000000,1
1531166141187,1531166141183,2811440,0.00020617,6177.00000000,0
1531166141204,1531166141198,2811441,0.00020598,1232.00000000,1
1531166141222,1531166141217,2811442,0.00020598,2538.00000000,1
1531166163792,1531166163785,2811443,0.00020598,959.00000000,1
1531166163809,1531166163804,2811444,0.00020598,861.00000000,1
1531166201988,1531166201982,2811445,0.00020598,2709.00000000,1
1531166202012,1531166202007,2811446,0.00020598,1918.00000000,1
1531166217910,1531166217905,2811447,0.00020598,1932.00000000,1
1531166225139,1531166225135,2811448,0.00020599,1134.00000000,1
1531166260163,1531166260158,2811449,0.00020616,4168.00000000,0
1531166260173,1531166260168,2811450,0.00020600,553.00000000,1
1531166260198,1531166260193,2811451,0.00020600,2195.00000000,1
1531166306668,1531166306661,2811452,0.00020616,176.00000000,0
1531166306680,1531166306675,2811453,0.00020600,2800.00000000,1
1531166306702,1531166306696,2811454,0.00020600,105.00000000,1
1531166307887,1531166307879,2811455,0.00020631,4.00000000,0
1531166341647,1531166341640,2811456,0.00020600,2842.00000000,1
1531166341730,1531166341723,2811457,0.00020599,14.00000000,1
1531166341730,1531166341723,2811458,0.00020598,72.00000000,1
1531166363066,1531166363060,2811459,0.00020614,2125.00000000,0
1531166363080,1531166363075,2811460,0.00020599,1222.00000000,1
1531166372199,1531166372193,2811461,0.00020599,1166.00000000,1
1531166372217,1531166372210,2811462,0.00020599,189.00000000,1
1531166401987,1531166401981,2811463,0.00020599,355.00000000,1
1531166430380,1531166430374,2811464,0.00020614,956.00000000,0
1531166430393,1531166430387,2811465,0.00020599,34.00000000,1
1531166430410,1531166430404,2811466,0.00020599,509.00000000,1
1531166459059,1531166459054,2811467,0.00020614,920.00000000,0
1531166459068,1531166459063,2811468,0.00020599,485.00000000,1
1531166478570,1531166478564,2811469,0.00020614,484.00000000,0
1531166478578,1531166478573,2811470,0.00020599,259.00000000,1
1531166478592,1531166478588,2811471,0.00020599,253.00000000,1
1531166520373,1531166520367,2811472,0.00020612,1213.00000000,0
1531166520383,1531166520380,2811473,0.00020599,478.00000000,1
1531166534031,1531166534029,2811474,0.00020599,276.00000000,1
1531166534050,1531166534044,2811475,0.00020599,471.00000000,1
1531166581680,1531166581676,2811476,0.00020599,155.00000000,1
1531166581693,1531166581688,2811477,0.00020599,374.00000000,1
1531166607191,1531166607185,2811478,0.00020598,21.00000000,1
1531166612713,1531166612708,2811479,0.00020606,772.00000000,0
1531166612723,1531166612718,2811480,0.00020599,365.00000000,1
1531166641231,1531166641226,2811481,0.00020599,110.00000000,1
1531166646189,1531166646184,2811482,0.00020613,27.00000000,0
1531166661576,1531166661571,2811483,0.00020613,35.00000000,0
1531166669710,1531166669703,2811484,0.00020613,5.00000000,1
1531166680455,1531166680450,2811485,0.00020606,163.00000000,0
1531166680469,1531166680465,2811486,0.00020600,228.00000000,1
1531166680496,1531166680491,2811487,0.00020600,155.00000000,1
1531166689764,1531166689757,2811488,0.00020599,10.00000000,1
1531166699001,1531166698995,2811489,0.00020600,81.00000000,1
1531166720737,1531166720730,2811490,0.00020606,208.00000000,0
1531166720748,1531166720741,2811491,0.00020600,131.00000000,1
1531166728383,1531166728380,2811492,0.00020599,5.00000000,1
1531166743637,1531166743631,2811493,0.00020606,157.00000000,0
1531166743651,1531166743645,2811494,0.00020600,257.00000000,1
1531166743671,1531166743666,2811495,0.00020600,70.00000000,1
1531166751103,1531166751097,2811496,0.00020600,5.00000000,1
1531166751836,1531166751830,2811497,0.00020600,105.00000000,1
1531166753668,1531166753664,2811498,0.00020599,12.00000000,1
1531166765568,1531166765562,2811499,0.00020600,5.00000000,0
1531166773420,1531166773418,2811500,0.00020599,5.00000000,1
1531166783236,1531166783232,2811501,0.00020600,220.00000000,1
1531166791235,1531166791229,2811502,0.00020599,5.00000000,1
1531166805017,1531166805011,2811503,0.00020601,111.00000000,1
1531166805042,1531166805037,2811504,0.00020601,215.00000000,1
1531166819554,1531166819549,2811505,0.00020607,206.00000000,0
1531166819564,1531166819558,2811506,0.00020601,124.00000000,1
1531166834666,1531166834663,2811507,0.00020607,406.00000000,0
1531166834679,1531166834677,2811508,0.00020601,279.00000000,1
1531166844078,1531166844073,2811509,0.00020601,240.00000000,1
1531166852678,1531166852673,2811510,0.00020607,276.00000000,0
1531166852690,1531166852684,2811511,0.00020601,267.00000000,1
1531166852708,1531166852702,2811512,0.00020601,239.00000000,1
1531166879422,1531166879416,2811513,0.00020613,25.00000000,0
1531166902538,1531166902537,2811514,0.00020607,122.00000000,0
1531166902555,1531166902549,2811515,0.00020601,19.00000000,1
1531166902571,1531166902566,2811516,0.00020601,55.00000000,1
1531166907791,1531166907786,2811517,0.00020600,15.00000000,1
1531166907888,1531166907881,2811518,0.00020598,52.00000000,1
1531166936802,1531166936799,2811519,0.00020598,27.00000000,1
1531166936810,1531166936805,2811520,0.00020598,27.00000000,1
1531166936816,1531166936812,2811521,0.00020598,1.00000000,1
1531166936816,1531166936812,2811522,0.00020597,172.00000000,1
1531166980252,1531166980247,2811523,0.00020598,204.00000000,1
1531166980267,1531166980262,2811524,0.00020598,142.00000000,0
1531166980277,1531166980272,2811525,0.00020598,204.00000000,1
1531166994709,1531166994704,2811526,0.00020599,104.00000000,0
1531166996507,1531166996500,2811527,0.00020598,63.00000000,1
1531166998804,1531166998798,2811528,0.00020605,751.00000000,0
1531166998821,1531166998815,2811529,0.00020598,2322.00000000,1
1531166998836,1531166998830,2811530,0.00020598,413.00000000,1
1531167011972,1531167011969,2811531,0.00020598,10.00000000,0
1531167044163,1531167044157,2811532,0.00020598,53.00000000,0
1531167076615,1531167076610,2811533,0.00020613,8.00000000,0
1531167119978,1531167119973,2811534,0.00020627,1385.00000000,0
1531167119997,1531167119993,2811535,0.00020614,708.00000000,1
1531167136834,1531167136828,2811536,0.00020627,6055.00000000,0
1531167136844,1531167136839,2811537,0.00020614,3945.00000000,1
1531167151689,1531167151684,2811538,0.00020613,16.00000000,1
1531167162876,1531167162870,2811539,0.00020598,1286.00000000,1
1531167162887,1531167162881,2811540,0.00020598,3194.00000000,1
1531167179690,1531167179684,2811541,0.00020618,5262.00000000,0
1531167179704,1531167179699,2811542,0.00020598,3331.00000000,1
1531167205494,1531167205487,2811543,0.00020599,4337.00000000,1
1531167205509,1531167205504,2811544,0.00020599,3745.00000000,1
1531167522494,1531167522491,2811545,0.00020626,356.00000000,1
1531167532563,1531167532557,2811546,0.00020633,113.00000000,0
1531167532581,1531167532575,2811547,0.00020626,2344.00000000,1
1531167532600,1531167532600,2811548,0.00020640,31.00000000,0
1531167532605,1531167532600,2811549,0.00020626,45.00000000,1
1531167558800,1531167558796,2811550,0.00020627,1349.00000000,1
1531167558801,1531167558799,2811551,0.00020627,506.00000000,1
1531167563295,1531167563290,2811552,0.00020627,609.00000000,1
1531167563587,1531167563582,2811553,0.00020626,31.00000000,1
1531167564579,1531167564573,2811554,0.00020625,15.00000000,1
1531167594770,1531167594764,2811555,0.00020600,2020.00000000,1
1531167618591,1531167618584,2811556,0.00020626,46.00000000,0
1531167624446,1531167624441,2811557,0.00020613,4663.00000000,0
1531167624463,1531167624457,2811558,0.00020600,2264.00000000,1
1531167636369,1531167636362,2811559,0.00020626,97.00000000,0
1531167714636,1531167714634,2811560,0.00020626,188.00000000,0
1531167715551,1531167715546,2811561,0.00020627,5.00000000,1
1531167715804,1531167715797,2811562,0.00020627,8.00000000,1
1531167761155,1531167761150,2811563,0.00020627,2042.00000000,1
1531167761171,1531167761169,2811564,0.00020627,983.00000000,1
1531167940876,1531167940871,2811565,0.00020638,3621.00000000,1
1531167951794,1531167951789,2811566,0.00020638,2531.00000000,1
1531167951814,1531167951813,2811567,0.00020638,3985.00000000,1
1531168004539,1531168004534,2811568,0.00020638,58.00000000,1
1531168004590,1531168004586,2811569,0.00020638,5.00000000,1
1531168025638,1531168025636,2811570,0.00020639,225.00000000,0
1531168025650,1531168025645,2811571,0.00020638,105.00000000,1
1531168041960,1531168041961,2811572,0.00020640,6.00000000,0
1531168042592,1531168042587,2811573,0.00020638,95.00000000,1
1531168042604,1531168042599,2811574,0.00020638,142.00000000,1
1531168048172,1531168048167,2811575,0.00020639,90.00000000,1
1531168079821,1531168079816,2811576,0.00020630,101.00000000,1
1531168079846,1531168079841,2811577,0.00020630,105.00000000,1
1531168094145,1531168094139,2811578,0.00020638,10.00000000,0
1531168118415,1531168118409,2811579,0.00020630,48.00000000,1
1531168118433,1531168118428,2811580,0.00020630,96.00000000,1
1531168140384,1531168140378,2811581,0.00020630,121.00000000,1
1531168140407,1531168140402,2811582,0.00020630,5.00000000,1
1531168149250,1531168149245,2811583,0.00020629,5.00000000,1
1531168180754,1531168180749,2811584,0.00020630,119.00000000,0
1531168191213,1531168191208,2811585,0.00020629,5.00000000,1
1531168198451,1531168198445,2811586,0.00020630,21.00000000,1
1531168228113,1531168228111,2811587,0.00020640,273.00000000,0
1531168228127,1531168228122,2811588,0.00020630,97.00000000,1
1531168231076,1531168231069,2811589,0.00020650,5.00000000,0
1531168258145,1531168258139,2811590,0.00020630,49.00000000,1
1531168306232,1531168306228,2811591,0.00020630,5.00000000,1
1531168342293,1531168342286,2811592,0.00020631,67.00000000,1
1531168342308,1531168342303,2811593,0.00020631,102.00000000,1
1531168502915,1531168502910,2811594,0.00020630,20.00000000,1
1531168534648,1531168534642,2811595,0.00020632,13.00000000,1
1531168534945,1531168534939,2811596,0.00020632,84.00000000,0
1531168542951,1531168542946,2811597,0.00020652,89.00000000,0
1531168542964,1531168542959,2811598,0.00020630,41.00000000,1
1531168568584,1531168568577,2811599,0.00020630,18.00000000,1
1531168568584,1531168568577,2811600,0.00020629,68.00000000,1
1531168568584,1531168568577,2811601,0.00020627,90.00000000,1
1531168568584,1531168568577,2811602,0.00020626,322.00000000,1
1531168568584,1531168568577,2811603,0.00020597,502.00000000,1
1531168576186,1531168576182,2811604,0.00020629,5.00000000,0
1531168577943,1531168577942,2811605,0.00020629,22.00000000,0
1531168579300,1531168579297,2811606,0.00020598,53.00000000,1
1531168579319,1531168579313,2811607,0.00020598,33.00000000,1
1531168592496,1531168592490,2811608,0.00020597,114.00000000,1
1531168626109,1531168626102,2811609,0.00020598,135.00000000,1
1531168651064,1531168651059,2811610,0.00020598,100.00000000,1
1531168652202,1531168652196,2811611,0.00020608,357.00000000,0
1531168652213,1531168652209,2811612,0.00020598,55.00000000,1
1531168653223,1531168653216,2811613,0.00020597,10.00000000,1
1531168653255,1531168653252,2811614,0.00020597,3.00000000,1
1531168653255,1531168653252,2811615,0.00020596,7.00000000,1
1531168653266,1531168653260,2811616,0.00020596,13.00000000,1
1531168664127,1531168664122,2811617,0.00020597,151.00000000,1
1531168664154,1531168664149,2811618,0.00020597,101.00000000,1
1531168664171,1531168664167,2811619,0.00020597,60.00000000,1
1531168664194,1531168664188,2811620,0.00020598,70.00000000,0
1531168686629,1531168686624,2811621,0.00020599,44.00000000,1
1531168686649,1531168686643,2811622,0.00020598,55.00000000,1
1531168721126,1531168721120,2811623,0.00020597,147.00000000,1
1531168721145,1531168721144,2811624,0.00020597,107.00000000,1
1531168721161,1531168721156,2811625,0.00020598,70.00000000,0
1531168747417,1531168747411,2811626,0.00020620,5.00000000,0
1531168751409,1531168751404,2811627,0.00020599,5.00000000,1
1531168756765,1531168756760,2811628,0.00020609,284.00000000,0
1531168756776,1531168756772,2811629,0.00020599,69.00000000,1
1531168756794,1531168756790,2811630,0.00020599,94.00000000,1
1531168756809,1531168756807,2811631,0.00020598,55.00000000,1
1531168780934,1531168780929,2811632,0.00020597,98.00000000,1
1531168780946,1531168780941,2811633,0.00020597,5.00000000,1
1531168792972,1531168792966,2811634,0.00020597,81.00000000,1
1531168792995,1531168792990,2811635,0.00020597,75.00000000,1
1531168805159,1531168805151,2811636,0.00020596,593.00000000,1
1531168805159,1531168805151,2811637,0.00020595,20.00000000,1
1531168805159,1531168805151,2811638,0.00020567,39.00000000,1
1531168805159,1531168805151,2811639,0.00020560,541.00000000,1
1531168805159,1531168805151,2811640,0.00020551,74.00000000,1
1531168805159,1531168805151,2811641,0.00020544,26.00000000,1
1531168805159,1531168805151,2811642,0.00020529,107.00000000,1
1531168860927,1531168860921,2811643,0.00020539,25.00000000,1
1531168900541,1531168900536,2811644,0.00020536,54.00000000,1
1531168900559,1531168900554,2811645,0.00020536,326.00000000,1
1531168901405,1531168901399,2811646,0.00020591,5.00000000,0
1531168901559,1531168901552,2811647,0.00020591,5.00000000,0
1531168925825,1531168925821,2811648,0.00020587,20.00000000,0
1531168980967,1531168980961,2811649,0.00020587,15.00000000,0
1531169013951,1531169013945,2811650,0.00020587,60.00000000,0
1531169014425,1531169014422,2811651,0.00020588,20.00000000,0
1531169014428,1531169014423,2811652,0.00020590,10.00000000,0
1531169014466,1531169014463,2811653,0.00020590,10.00000000,0
1531169014479,1531169014476,2811654,0.00020590,10.00000000,0
1531169014495,1531169014487,2811655,0.00020590,10.00000000,0
1531169014517,1531169014512,2811656,0.00020590,20.00000000,0
1531169021777,1531169021772,2811657,0.00020540,1719.00000000,1
1531169034091,1531169034086,2811658,0.00020587,60.00000000,0
1531169034397,1531169034392,2811659,0.00020588,10.00000000,0
1531169034414,1531169034408,2811660,0.00020588,10.00000000,0
1531169034443,1531169034436,2811661,0.00020590,10.00000000,0
1531169034470,1531169034466,2811662,0.00020590,10.00000000,0
1531169034476,1531169034474,2811663,0.00020590,20.00000000,0
1531169043971,1531169043965,2811664,0.00020540,2687.00000000,1
1531169043990,1531169043985,2811665,0.00020540,4061.00000000,1
1531169062670,1531169062663,2811666,0.00020590,5.00000000,0
1531169157513,1531169157507,2811667,0.00020608,60.00000000,0
1531169157513,1531169157507,2811668,0.00020609,20.00000000,0
1531169157513,1531169157507,2811669,0.00020617,65.00000000,0
1531169158020,1531169158013,2811670,0.00020617,10.00000000,0
1531169158041,1531169158035,2811671,0.00020617,10.00000000,0
1531169158075,1531169158070,2811672,0.00020617,10.00000000,0
1531169158094,1531169158088,2811673,0.00020617,10.00000000,0
1531169158097,1531169158095,2811674,0.00020617,20.00000000,0
1531169249434,1531169249428,2811675,0.00020612,12.00000000,0
1531169250469,1531169250466,2811676,0.00020612,12.00000000,0
1531169251459,1531169251454,2811677,0.00020612,12.00000000,0
1531169252471,1531169252469,2811678,0.00020612,12.00000000,0
1531169253469,1531169253462,2811679,0.00020612,12.00000000,0
1531169254471,1531169254465,2811680,0.00020612,12.00000000,0
1531169284876,1531169284870,2811681,0.00020614,23.00000000,1
1531169396591,1531169396585,2811682,0.00020617,39.00000000,0
1531169396695,1531169396690,2811683,0.00020617,10.00000000,0
1531169396703,1531169396697,2811684,0.00020617,10.00000000,0
1531169396734,1531169396731,2811685,0.00020617,1.00000000,0
1531169396734,1531169396731,2811686,0.00020618,18.00000000,0
1531169397681,1531169397675,2811687,0.00020618,10.00000000,0
1531169397713,1531169397708,2811688,0.00020618,11.00000000,0
1531169418507,1531169418502,2811689,0.00020592,160.00000000,0
1531169418519,1531169418514,2811690,0.00020565,88.00000000,1
1531169499337,1531169499332,2811691,0.00020568,33.00000000,1
1531169499799,1531169499793,2811692,0.00020568,67.00000000,0
1531169532348,1531169532343,2811693,0.00020617,5.00000000,0
1531169532384,1531169532380,2811694,0.00020617,5.00000000,0
1531169533385,1531169533378,2811695,0.00020617,5.00000000,0
1531169534387,1531169534383,2811696,0.00020617,5.00000000,0
1531169535381,1531169535376,2811697,0.00020617,5.00000000,0
1531169536397,1531169536392,2811698,0.00020617,5.00000000,0
1531169537386,1531169537382,2811699,0.00020617,5.00000000,0
1531169538399,1531169538394,2811700,0.00020617,5.00000000,0
1531169539403,1531169539401,2811701,0.00020617,5.00000000,0
1531169540407,1531169540401,2811702,0.00020617,5.00000000,0
1531169541396,1531169541393,2811703,0.00020617,5.00000000,0
1531169542409,1531169542404,2811704,0.00020617,5.00000000,0
1531169543407,1531169543402,2811705,0.00020620,5.00000000,0
1531169620981,1531169620972,2811706,0.00020569,60.00000000,1
1531169620981,1531169620972,2811707,0.00020568,154.00000000,1
1531169620981,1531169620972,2811708,0.00020560,152.00000000,1
1531169620981,1531169620972,2811709,0.00020558,12.00000000,1
1531169620981,1531169620972,2811710,0.00020544,20.00000000,1
1531169620981,1531169620972,2811711,0.00020540,20.00000000,1
1531169620981,1531169620972,2811712,0.00020539,20.00000000,1
1531169620981,1531169620972,2811713,0.00020537,20.00000000,1
1531169620981,1531169620972,2811714,0.00020535,39.00000000,1
1531169620981,1531169620972,2811715,0.00020529,653.00000000,1
1531169620981,1531169620972,2811716,0.00020528,35.00000000,1
1531169620981,1531169620972,2811717,0.00020522,300.00000000,1
1531169620981,1531169620972,2811718,0.00020510,5.00000000,1
1531169620981,1531169620972,2811719,0.00020501,983.00000000,1
1531169621655,1531169621649,2811720,0.00020502,5.00000000,1
1531169621655,1531169621649,2811721,0.00020501,236.00000000,1
1531169625225,1531169625221,2811722,0.00020503,29.00000000,1
1531169625225,1531169625221,2811723,0.00020502,90.00000000,1
1531169625332,1531169625326,2811724,0.00020501,113.00000000,0
1531169625613,1531169625608,2811725,0.00020501,145.00000000,0
1531169625870,1531169625864,2811726,0.00020501,51.00000000,0
1531169626194,1531169626189,2811727,0.00020593,29.00000000,0
1531169626194,1531169626189,2811728,0.00020594,151.00000000,0
1531169627029,1531169627024,2811729,0.00020594,10.00000000,0
1531169627052,1531169627047,2811730,0.00020594,10.00000000,0
1531169627074,1531169627068,2811731,0.00020594,9.00000000,0
1531169627074,1531169627068,2811732,0.00020595,2.00000000,0
1531169627531,1531169627527,2811733,0.00020501,17.00000000,1
1531169628031,1531169628029,2811734,0.00020610,90.00000000,0
1531169628031,1531169628029,2811735,0.00020611,55.00000000,0
1531169628033,1531169628029,2811736,0.00020611,10.00000000,0
1531169628044,1531169628040,2811737,0.00020611,19.00000000,0
1531169630745,1531169630740,2811738,0.00020588,60.00000000,0
1531169630745,1531169630740,2811739,0.00020589,39.00000000,0
1531169630745,1531169630740,2811740,0.00020609,46.00000000,0
1531169631042,1531169631035,2811741,0.00020609,10.00000000,0
1531169631062,1531169631056,2811742,0.00020609,10.00000000,0
1531169631076,1531169631071,2811743,0.00020609,10.00000000,0
1531169631105,1531169631100,2811744,0.00020609,10.00000000,0
1531169631116,1531169631110,2811745,0.00020609,20.00000000,0
1531169632782,1531169632776,2811746,0.00020607,60.00000000,0
1531169632782,1531169632776,2811747,0.00020608,85.00000000,0
1531169633046,1531169633040,2811748,0.00020608,5.00000000,0
1531169633046,1531169633040,2811749,0.00020614,5.00000000,0
1531169633059,1531169633053,2811750,0.00020614,10.00000000,0
1531169633079,1531169633074,2811751,0.00020614,10.00000000,0
1531169633099,1531169633094,2811752,0.00020614,10.00000000,0
1531169633124,1531169633119,2811753,0.00020614,20.00000000,0
1531169634782,1531169634773,2811754,0.00020510,154.00000000,1
1531169634782,1531169634773,2811755,0.00020509,60.00000000,1
1531169634782,1531169634773,2811756,0.00020508,62.00000000,1
1531169634782,1531169634773,2811757,0.00020507,31.00000000,1
1531169634782,1531169634773,2811758,0.00020506,631.00000000,1
1531169634782,1531169634773,2811759,0.00020504,39.00000000,1
1531169634782,1531169634773,2811760,0.00020501,34.00000000,1
1531169634782,1531169634773,2811761,0.00020500,6.00000000,1
1531169634782,1531169634773,2811762,0.00020497,5.00000000,1
1531169634782,1531169634773,2811763,0.00020488,32.00000000,1
1531169634782,1531169634773,2811764,0.00020487,10.00000000,1
1531169634782,1531169634773,2811765,0.00020467,29.00000000,1
1531169634782,1531169634773,2811766,0.00020450,260.00000000,1
1531169634919,1531169634915,2811767,0.00020499,332.00000000,0
1531169635013,1531169635007,2811768,0.00020499,414.00000000,0
1531169636638,1531169636633,2811769,0.00020548,60.00000000,0
1531169636638,1531169636633,2811770,0.00020549,29.00000000,0
1531169636638,1531169636633,2811771,0.00020593,56.00000000,0
1531169639234,1531169639223,2811772,0.00020505,24.00000000,1
1531169639234,1531169639223,2811773,0.00020504,10.00000000,1
1531169639234,1531169639223,2811774,0.00020499,35.00000000,1
1531169639234,1531169639223,2811775,0.00020451,194.00000000,1
1531169639234,1531169639223,2811776,0.00020450,216.00000000,1
1531169639234,1531169639223,2811777,0.00020449,5.00000000,1
1531169639234,1531169639223,2811778,0.00020443,52.00000000,1
1531169639234,1531169639223,2811779,0.00020437,5.00000000,1
1531169639234,1531169639223,2811780,0.00020433,89.00000000,1
1531169639234,1531169639223,2811781,0.00020427,25.00000000,1
1531169639234,1531169639223,2811782,0.00020419,13.00000000,1
1531169639234,1531169639223,2811783,0.00020411,20.00000000,1
1531169639234,1531169639223,2811784,0.00020406,314.00000000,1
1531169639234,1531169639223,2811785,0.00020405,375.00000000,1
1531169639723,1531169639718,2811786,0.00020466,5.00000000,0
1531169639745,1531169639742,2811787,0.00020466,5.00000000,0
1531169639812,1531169639806,2811788,0.00020466,42.00000000,0
1531169639812,1531169639806,2811789,0.00020467,47.00000000,0
1531169640885,1531169640880,2811790,0.00020465,49.00000000,0
1531169641281,1531169641275,2811791,0.00020465,6.00000000,0
1531169641281,1531169641275,2811792,0.00020466,74.00000000,0
1531169641281,1531169641275,2811793,0.00020467,1.00000000,0
1531169641281,1531169641275,2811794,0.00020488,185.00000000,0
1531169642662,1531169642656,2811795,0.00020487,145.00000000,0
1531169642717,1531169642711,2811796,0.00020465,51.00000000,1
1531169642717,1531169642711,2811797,0.00020425,19.00000000,1
1531169642717,1531169642711,2811798,0.00020405,418.00000000,1
1531169642717,1531169642711,2811799,0.00020403,13.00000000,1
1531169642717,1531169642711,2811800,0.00020400,170.00000000,1
1531169642730,1531169642724,2811801,0.00020400,9.00000000,0
1531169642782,1531169642777,2811802,0.00020400,5.00000000,0
1531169642782,1531169642780,2811803,0.00020400,37.00000000,0
1531169642823,1531169642816,2811804,0.00020400,31.00000000,0
1531169642911,1531169642906,2811805,0.00020400,22.00000000,0
1531169644323,1531169644318,2811806,0.00020445,11.00000000,0
1531169645171,1531169645165,2811807,0.00020444,10.00000000,0
1531169645586,1531169645580,2811808,0.00020444,14.00000000,0
1531169645849,1531169645845,2811809,0.00020435,39.00000000,1
1531169646010,1531169646004,2811810,0.00020444,122.00000000,0
1531169646010,1531169646004,2811811,0.00020445,23.00000000,0
1531169646818,1531169646813,2811812,0.00020387,1.00000000,1
1531169646819,1531169646813,2811813,0.00020387,12.00000000,1
1531169646819,1531169646813,2811814,0.00020386,5.00000000,1
1531169646819,1531169646813,2811815,0.00020385,13.00000000,1
1531169646890,1531169646885,2811816,0.00020384,49.00000000,0
1531169646911,1531169646908,2811817,0.00020384,158.00000000,0
1531169646944,1531169646937,2811818,0.00020395,36.00000000,0
1531169647001,1531169646997,2811819,0.00020380,1.00000000,1
1531169648308,1531169648302,2811820,0.00020393,58.00000000,0
1531169648386,1531169648381,2811821,0.00020393,4.00000000,0
1531169648386,1531169648381,2811822,0.00020394,58.00000000,0
1531169648386,1531169648381,2811823,0.00020395,58.00000000,0
1531169648791,1531169648787,2811824,0.00020395,145.00000000,0
1531169649011,1531169649003,2811825,0.00020395,61.00000000,0
1531169649011,1531169649003,2811826,0.00020403,9.00000000,0
1531169649011,1531169649003,2811827,0.00020404,40.00000000,0
1531169649843,1531169649837,2811828,0.00020428,39.00000000,0
1531169651421,1531169651415,2811829,0.00020488,7.00000000,0
1531169651603,1531169651597,2811830,0.00020488,7.00000000,0
1531169653611,1531169653605,2811831,0.00020401,39.00000000,1
1531169653611,1531169653605,2811832,0.00020396,143.00000000,1
1531169653611,1531169653605,2811833,0.00020395,264.00000000,1
1531169653611,1531169653605,2811834,0.00020380,34.00000000,1
1531169653611,1531169653605,2811835,0.00020371,13.00000000,1
1531169653611,1531169653605,2811836,0.00020370,117.00000000,1
1531169653611,1531169653605,2811837,0.00020370,5.00000000,1
1531169653611,1531169653605,2811838,0.00020368,29.00000000,1
1531169653611,1531169653605,2811839,0.00020360,7.00000000,1
1531169653896,1531169653889,2811840,0.00020360,85.00000000,0
1531169654353,1531169654348,2811841,0.00020471,21.00000000,0
1531169658101,1531169658092,2811842,0.00020402,34.00000000,1
1531169658101,1531169658092,2811843,0.00020360,85.00000000,1
1531169658101,1531169658092,2811844,0.00020354,28.00000000,1
1531169658101,1531169658092,2811845,0.00020353,16.00000000,1
1531169658101,1531169658092,2811846,0.00020350,5.00000000,1
1531169658101,1531169658092,2811847,0.00020348,17.00000000,1
1531169658101,1531169658092,2811848,0.00020338,13.00000000,1
1531169658101,1531169658092,2811849,0.00020335,565.00000000,1
1531169658101,1531169658092,2811850,0.00020330,254.00000000,1
1531169658101,1531169658092,2811851,0.00020325,501.00000000,1
1531169658101,1531169658092,2811852,0.00020322,249.00000000,1
1531169658115,1531169658108,2811853,0.00020322,154.00000000,0
1531169658512,1531169658507,2811854,0.00020396,39.00000000,1
1531169659005,1531169658999,2811855,0.00020361,65.00000000,0
1531169659041,1531169659033,2811856,0.00020450,17.00000000,0
1531169659041,1531169659033,2811857,0.00020471,48.00000000,0
1531169660205,1531169660199,2811858,0.00020382,39.00000000,0
1531169660935,1531169660930,2811859,0.00020362,9.00000000,0
1531169660995,1531169660991,2811860,0.00020388,273.00000000,0
1531169661395,1531169661391,2811861,0.00020388,274.00000000,0
1531169662180,1531169662173,2811862,0.00020341,34.00000000,0
1531169662180,1531169662173,2811863,0.00020388,111.00000000,0
1531169664050,1531169664044,2811864,0.00020368,47.00000000,0
1531169664050,1531169664044,2811865,0.00020388,330.00000000,0
1531169664509,1531169664503,2811866,0.00020327,268.00000000,0
1531169664771,1531169664765,2811867,0.00020400,88.00000000,1
1531169665894,1531169665888,2811868,0.00020400,152.00000000,1
1531169668930,1531169668928,2811869,0.00020400,5.00000000,1
1531169669098,1531169669092,2811870,0.00020400,18.00000000,1
1531169669525,1531169669519,2811871,0.00020400,6.00000000,1
1531169678615,1531169678611,2811872,0.00020401,24.00000000,1
1531169678627,1531169678622,2811873,0.00020401,175.00000000,1
1531169678842,1531169678838,2811874,0.00020401,341.00000000,1
1531169679850,1531169679844,2811875,0.00020400,220.00000000,1
1531169681555,1531169681550,2811876,0.00020438,18.00000000,0
1531169681577,1531169681575,2811877,0.00020384,39.00000000,1
1531169691121,1531169691108,2811878,0.00020341,5.00000000,1
1531169697306,1531169697301,2811879,0.00020379,1720.00000000,0
1531169697316,1531169697310,2811880,0.00020341,720.00000000,1
1531169697326,1531169697322,2811881,0.00020341,1430.00000000,1
1531169705014,1531169705008,2811882,0.00020414,10.00000000,0
1531169707878,1531169707874,2811883,0.00020413,5.00000000,0
1531169710115,1531169710110,2811884,0.00020340,25.00000000,1
1531169710780,1531169710774,2811885,0.00020340,14.00000000,1
1531169710780,1531169710774,2811886,0.00020322,29.00000000,1
1531169711297,1531169711292,2811887,0.00020324,46.00000000,1
1531169713644,1531169713637,2811888,0.00020411,11.00000000,0
1531169721956,1531169721950,2811889,0.00020333,34.00000000,1
1531169721956,1531169721950,2811890,0.00020330,10.00000000,1
1531169724328,1531169724323,2811891,0.00020370,834.00000000,0
1531169724347,1531169724342,2811892,0.00020330,836.00000000,1
1531169724361,1531169724358,2811893,0.00020330,487.00000000,1
1531169724451,1531169724446,2811894,0.00020330,10.00000000,0
1531169724451,1531169724446,2811895,0.00020411,22.00000000,0
1531169724489,1531169724484,2811896,0.00020411,12.00000000,0
1531169725641,1531169725635,2811897,0.00020411,40.00000000,0
1531169726218,1531169726213,2811898,0.00020411,10.00000000,0
1531169726230,1531169726224,2811899,0.00020411,18.00000000,0
1531169727220,1531169727214,2811900,0.00020410,10.00000000,0
1531169727237,1531169727232,2811901,0.00020410,18.00000000,0
1531169740635,1531169740628,2811902,0.00020361,2919.00000000,0
1531169740647,1531169740642,2811903,0.00020326,1537.00000000,1
1531169754311,1531169754306,2811904,0.00020396,5.00000000,0
1531169765728,1531169765722,2811905,0.00020355,1.00000000,1
1531169798495,1531169798488,2811906,0.00020375,1684.00000000,0
1531169798503,1531169798498,2811907,0.00020356,383.00000000,1
1531169798563,1531169798558,2811908,0.00020356,810.00000000,1
1531169822379,1531169822373,2811909,0.00020363,1.00000000,1
1531169827970,1531169827965,2811910,0.00020363,86.00000000,1
1531169832999,1531169832994,2811911,0.00020384,25.00000000,0
1531169843247,1531169843241,2811912,0.00020364,701.00000000,1
1531169873562,1531169873556,2811913,0.00020388,12.00000000,0
1531169873562,1531169873556,2811914,0.00020389,5.00000000,0
1531169873562,1531169873556,2811915,0.00020407,103.00000000,0
1531169873572,1531169873566,2811916,0.00020407,94.00000000,0
1531169873572,1531169873566,2811917,0.00020408,27.00000000,0
1531169874002,1531169873996,2811918,0.00020408,12.00000000,0
1531169874505,1531169874499,2811919,0.00020410,120.00000000,0
1531169875289,1531169875283,2811920,0.00020409,60.00000000,0
1531169875289,1531169875283,2811921,0.00020410,60.00000000,0
1531169876012,1531169876006,2811922,0.00020410,10.00000000,0
1531169876025,1531169876019,2811923,0.00020410,10.00000000,0
1531169876046,1531169876041,2811924,0.00020410,10.00000000,0
1531169876071,1531169876066,2811925,0.00020410,10.00000000,0
1531169876099,1531169876094,2811926,0.00020410,20.00000000,0
1531169880399,1531169880393,2811927,0.00020409,24.00000000,0
1531169881025,1531169881020,2811928,0.00020409,10.00000000,0
1531169881037,1531169881035,2811929,0.00020409,14.00000000,0
1531169882045,1531169882040,2811930,0.00020409,12.00000000,0
1531169882045,1531169882040,2811931,0.00020414,2.00000000,0
1531169882046,1531169882042,2811932,0.00020414,4.00000000,0
1531169882046,1531169882042,2811933,0.00020421,6.00000000,0
1531169883027,1531169883022,2811934,0.00020421,12.00000000,0
1531169892190,1531169892185,2811935,0.00020407,40.00000000,0
1531169893037,1531169893033,2811936,0.00020407,10.00000000,0
1531169893057,1531169893054,2811937,0.00020407,10.00000000,0
1531169893072,1531169893066,2811938,0.00020408,20.00000000,0
1531169894036,1531169894029,2811939,0.00020421,20.00000000,0
1531169948748,1531169948744,2811940,0.00020418,56.00000000,0
1531169949136,1531169949131,2811941,0.00020418,10.00000000,0
1531169949163,1531169949156,2811942,0.00020418,10.00000000,0
1531169949185,1531169949179,2811943,0.00020418,4.00000000,0
1531169949185,1531169949179,2811944,0.00020419,6.00000000,0
1531169949188,1531169949182,2811945,0.00020419,10.00000000,0
1531169949231,1531169949228,2811946,0.00020419,16.00000000,0
1531169950131,1531169950128,2811947,0.00020419,5.00000000,0
1531169952817,1531169952813,2811948,0.00020364,2.00000000,1
1531170010695,1531170010692,2811949,0.00020417,5.00000000,0
1531170010761,1531170010756,2811950,0.00020417,5.00000000,0
1531170011769,1531170011767,2811951,0.00020417,5.00000000,0
1531170012775,1531170012769,2811952,0.00020417,5.00000000,0
1531170013767,1531170013763,2811953,0.00020417,5.00000000,0
1531170014768,1531170014762,2811954,0.00020417,5.00000000,0
1531170015301,1531170015297,2811955,0.00020417,5.00000000,0
1531170015783,1531170015780,2811956,0.00020417,7.00000000,0
1531170016785,1531170016779,2811957,0.00020417,7.00000000,0
1531170018795,1531170018789,2811958,0.00020417,7.00000000,0
1531170019826,1531170019821,2811959,0.00020417,7.00000000,0
1531170020833,1531170020830,2811960,0.00020415,7.00000000,0
1531170023412,1531170023402,2811961,0.00020364,60.00000000,1
1531170023412,1531170023402,2811962,0.00020363,20.00000000,1
1531170023412,1531170023402,2811963,0.00020338,20.00000000,1
1531170023412,1531170023402,2811964,0.00020322,125.00000000,1
1531170023412,1531170023402,2811965,0.00020318,5.00000000,1
1531170023412,1531170023402,2811966,0.00020314,5.00000000,1
1531170023412,1531170023402,2811967,0.00020312,40.00000000,1
1531170023412,1531170023402,2811968,0.00020310,18.00000000,1
1531170023412,1531170023402,2811969,0.00020305,13.00000000,1
1531170023412,1531170023402,2811970,0.00020289,124.00000000,1
1531170024649,1531170024644,2811971,0.00020373,12.00000000,0
1531170025445,1531170025442,2811972,0.00020301,1.00000000,1
1531170025925,1531170025922,2811973,0.00020372,96.00000000,0
1531170026838,1531170026833,2811974,0.00020373,1.00000000,0
1531170026838,1531170026833,2811975,0.00020415,9.00000000,0
1531170026847,1531170026841,2811976,0.00020415,10.00000000,0
1531170026882,1531170026878,2811977,0.00020415,16.00000000,0
1531170033934,1531170033929,2811978,0.00020415,14.00000000,0
1531170036087,1531170036084,2811979,0.00020415,74.00000000,0
1531170036945,1531170036939,2811980,0.00020414,60.00000000,0
1531170037857,1531170037850,2811981,0.00020415,1.00000000,0
1531170037857,1531170037850,2811982,0.00020427,9.00000000,0
1531170037867,1531170037861,2811983,0.00020427,10.00000000,0
1531170037889,1531170037882,2811984,0.00020427,10.00000000,0
1531170037920,1531170037916,2811985,0.00020427,10.00000000,0
1531170037942,1531170037936,2811986,0.00020427,20.00000000,0
1531170039993,1531170039985,2811987,0.00020426,60.00000000,0
1531170041029,1531170041023,2811988,0.00020426,7.00000000,1
1531170041229,1531170041224,2811989,0.00020413,13.00000000,0
1531170041854,1531170041849,2811990,0.00020427,8.00000000,0
1531170041854,1531170041849,2811991,0.00020441,2.00000000,0
1531170041866,1531170041860,2811992,0.00020441,10.00000000,0
1531170041894,1531170041889,2811993,0.00020441,10.00000000,0
1531170041910,1531170041907,2811994,0.00020441,4.00000000,0
1531170041910,1531170041907,2811995,0.00020442,6.00000000,0
1531170041932,1531170041925,2811996,0.00020442,20.00000000,0
1531170048894,1531170048887,2811997,0.00020414,13.00000000,1
1531170048894,1531170048887,2811998,0.00020413,7.00000000,1
1531170048894,1531170048887,2811999,0.00020374,26.00000000,1
1531170050806,1531170050801,2812000,0.00020441,24.00000000,0
1531170050859,1531170050855,2812001,0.00020441,10.00000000,0
1531170050886,1531170050883,2812002,0.00020441,2.00000000,0
1531170050886,1531170050883,2812003,0.00020442,12.00000000,0
1531170051873,1531170051867,2812004,0.00020442,12.00000000,0
1531170074933,1531170074928,2812005,0.00020389,5.00000000,0
1531170096016,1531170096011,2812006,0.00020438,60.00000000,0
1531170096155,1531170096152,2812007,0.00020439,10.00000000,0
1531170096177,1531170096172,2812008,0.00020439,10.00000000,0
1531170096177,1531170096172,2812009,0.00020442,10.00000000,0
1531170096196,1531170096190,2812010,0.00020442,10.00000000,0
1531170096238,1531170096234,2812011,0.00020442,14.00000000,0
1531170096238,1531170096234,2812012,0.00020446,6.00000000,0
1531170096935,1531170096931,2812013,0.00020438,19.00000000,1
1531170113245,1531170113239,2812014,0.00020375,60.00000000,1
1531170113245,1531170113239,2812015,0.00020374,140.00000000,1
1531170116753,1531170116747,2812016,0.00020429,6.00000000,0
1531170116941,1531170116936,2812017,0.00020429,5.00000000,1
1531170126093,1531170126090,2812018,0.00020442,5.00000000,0
1531170127961,1531170127955,2812019,0.00020376,5.00000000,1
1531170127961,1531170127955,2812020,0.00020370,20.00000000,1
1531170127961,1531170127955,2812021,0.00020368,20.00000000,1
1531170127961,1531170127955,2812022,0.00020367,20.00000000,1
1531170127961,1531170127955,2812023,0.00020307,5.00000000,1
1531170127961,1531170127955,2812024,0.00020301,90.00000000,1
1531170127961,1531170127955,2812025,0.00020300,240.00000000,1
1531170129333,1531170129325,2812026,0.00020442,66.00000000,0
1531170129670,1531170129665,2812027,0.00020443,11.00000000,0
1531170129886,1531170129880,2812028,0.00020442,19.00000000,1
1531170130218,1531170130214,2812029,0.00020443,6.00000000,0
1531170130255,1531170130250,2812030,0.00020443,3.00000000,0
1531170131885,1531170131880,2812031,0.00020443,5.00000000,1
1531170156222,1531170156218,2812032,0.00020432,48.00000000,0
1531170156796,1531170156788,2812033,0.00020332,60.00000000,1
1531170156796,1531170156788,2812034,0.00020329,7.00000000,1
1531170156796,1531170156788,2812035,0.00020300,2.00000000,1
1531170156796,1531170156788,2812036,0.00020292,113.00000000,1
1531170156796,1531170156788,2812037,0.00020277,30.00000000,1
1531170156796,1531170156788,2812038,0.00020276,16.00000000,1
1531170156796,1531170156788,2812039,0.00020274,29.00000000,1
1531170156796,1531170156788,2812040,0.00020273,13.00000000,1
1531170156796,1531170156788,2812041,0.00020260,22.00000000,1
1531170156796,1531170156788,2812042,0.00020254,18.00000000,1
1531170156796,1531170156788,2812043,0.00020253,5.00000000,1
1531170156796,1531170156788,2812044,0.00020251,38.00000000,1
1531170156796,1531170156788,2812045,0.00020249,7.00000000,1
1531170156796,1531170156788,2812046,0.00020238,29.00000000,1
1531170156796,1531170156788,2812047,0.00020237,58.00000000,1
1531170156796,1531170156788,2812048,0.00020232,9.00000000,1
1531170156796,1531170156788,2812049,0.00020230,27.00000000,1
1531170156796,1531170156788,2812050,0.00020224,18.00000000,1
1531170156796,1531170156788,2812051,0.00020219,17.00000000,1
1531170156796,1531170156788,2812052,0.00020218,482.00000000,1
1531170157452,1531170157446,2812053,0.00020293,9.00000000,0
1531170158183,1531170158177,2812054,0.00020318,41.00000000,0
1531170158856,1531170158850,2812055,0.00020317,60.00000000,0
1531170158920,1531170158917,2812056,0.00020318,48.00000000,0
1531170161030,1531170161026,2812057,0.00020329,12.00000000,1
1531170161030,1531170161026,2812058,0.00020318,1.00000000,1
1531170161030,1531170161026,2812059,0.00020317,16.00000000,1
1531170161874,1531170161869,2812060,0.00020342,29.00000000,1
1531170180560,1531170180540,2812061,0.00020281,862.00000000,1
1531170180560,1531170180540,2812062,0.00020280,29.00000000,1
1531170180560,1531170180540,2812063,0.00020236,27.00000000,1
1531170180560,1531170180540,2812064,0.00020215,29.00000000,1
1531170180560,1531170180540,2812065,0.00020211,45.00000000,1
1531170180560,1531170180540,2812066,0.00020204,22.00000000,1
1531170180560,1531170180540,2812067,0.00020202,17.00000000,1
1531170180560,1531170180540,2812068,0.00020200,219.00000000,1
1531170180560,1531170180540,2812069,0.00020199,21.00000000,1
1531170180560,1531170180540,2812070,0.00020194,28.00000000,1
1531170180560,1531170180540,2812071,0.00020193,98.00000000,1
1531170180560,1531170180540,2812072,0.00020190,7.00000000,1
1531170180560,1531170180540,2812073,0.00020189,74.00000000,1
1531170180560,1531170180540,2812074,0.00020188,28.00000000,1
1531170180560,1531170180540,2812075,0.00020187,90.00000000,1
1531170180560,1531170180540,2812076,0.00020186,493.00000000,1
1531170180560,1531170180540,2812077,0.00020185,80.00000000,1
1531170180560,1531170180540,2812078,0.00020180,56.00000000,1
1531170180560,1531170180540,2812079,0.00020178,31.00000000,1
1531170180560,1531170180540,2812080,0.00020176,35.00000000,1
1531170180560,1531170180540,2812081,0.00020175,22.00000000,1
1531170180560,1531170180540,2812082,0.00020174,207.00000000,1
1531170180560,1531170180540,2812083,0.00020170,7.00000000,1
1531170180560,1531170180540,2812084,0.00020169,495.00000000,1
1531170180560,1531170180540,2812085,0.00020168,29.00000000,1
1531170180560,1531170180540,2812086,0.00020166,14.00000000,1
1531170180560,1531170180540,2812087,0.00020161,25.00000000,1
1531170180560,1531170180540,2812088,0.00020159,1852.00000000,1
1531170180560,1531170180540,2812089,0.00020158,132.00000000,1
1531170180560,1531170180540,2812090,0.00020157,13.00000000,1
1531170180560,1531170180540,2812091,0.00020155,6.00000000,1
1531170180560,1531170180540,2812092,0.00020154,29.00000000,1
1531170180560,1531170180540,2812093,0.00020150,25.00000000,1
1531170180560,1531170180540,2812094,0.00020146,16.00000000,1
1531170180560,1531170180540,2812095,0.00020144,63.00000000,1
1531170180560,1531170180540,2812096,0.00020143,10.00000000,1
1531170180560,1531170180540,2812097,0.00020140,10.00000000,1
1531170180560,1531170180540,2812098,0.00020138,119.00000000,1
1531170180560,1531170180540,2812099,0.00020137,223.00000000,1
1531170180909,1531170180904,2812100,0.00020260,5.00000000,0
1531170180913,1531170180908,2812101,0.00020260,5.00000000,0
1531170180924,1531170180919,2812102,0.00020260,5.00000000,0
1531170180927,1531170180922,2812103,0.00020260,5.00000000,0
1531170180979,1531170180975,2812104,0.00020247,5.00000000,0
1531170181055,1531170181049,2812105,0.00020224,7.00000000,0
1531170181172,1531170181167,2812106,0.00020204,5.00000000,0
1531170181175,1531170181167,2812107,0.00020204,9.00000000,0
1531170181175,1531170181167,2812108,0.00020224,3.00000000,0
1531170181175,1531170181167,2812109,0.00020246,80.00000000,0
1531170181175,1531170181167,2812110,0.00020247,148.00000000,0
1531170181251,1531170181246,2812111,0.00020247,72.00000000,0
1531170181251,1531170181246,2812112,0.00020248,2.00000000,0
1531170181272,1531170181266,2812113,0.00020247,5.00000000,1
1531170182207,1531170182202,2812114,0.00020220,10.00000000,0
1531170182207,1531170182202,2812115,0.00020231,2.00000000,0
1531170182271,1531170182267,2812116,0.00020231,5.00000000,0
1531170182385,1531170182380,2812117,0.00020140,1.00000000,1
1531170182692,1531170182686,2812118,0.00020141,6.00000000,1
1531170183295,1531170183288,2812119,0.00020200,23.00000000,0
1531170184395,1531170184389,2812120,0.00020199,76.00000000,0
1531170184405,1531170184399,2812121,0.00020199,291.00000000,0
1531170184405,1531170184399,2812122,0.00020200,1.00000000,0
1531170184405,1531170184399,2812123,0.00020211,75.00000000,0
1531170184685,1531170184680,2812124,0.00020145,43.00000000,1
1531170184879,1531170184876,2812125,0.00020199,6.00000000,0
1531170185013,1531170185005,2812126,0.00020211,1.00000000,0
1531170185013,1531170185005,2812127,0.00020230,7.00000000,0
1531170185013,1531170185005,2812128,0.00020248,50.00000000,0
1531170185013,1531170185005,2812129,0.00020249,28.00000000,0
1531170185013,1531170185005,2812130,0.00020251,16.00000000,0
1531170185013,1531170185005,2812131,0.00020255,16.00000000,0
1531170185013,1531170185005,2812132,0.00020256,22.00000000,0
1531170185013,1531170185005,2812133,0.00020257,7.00000000,0
1531170185832,1531170185826,2812134,0.00020256,30.00000000,0
1531170186285,1531170186283,2812135,0.00020256,10.00000000,0
1531170186306,1531170186304,2812136,0.00020256,20.00000000,0
1531170186671,1531170186665,2812137,0.00020196,7.00000000,0
1531170186868,1531170186862,2812138,0.00020196,16.00000000,0
1531170187120,1531170187115,2812139,0.00020259,90.00000000,0
1531170187288,1531170187284,2812140,0.00020260,10.00000000,0
1531170187314,1531170187308,2812141,0.00020260,20.00000000,0
1531170188533,1531170188526,2812142,0.00020260,40.00000000,0
1531170188747,1531170188742,2812143,0.00020260,50.00000000,0
1531170189131,1531170189126,2812144,0.00020260,44.00000000,0
1531170189377,1531170189372,2812145,0.00020260,40.00000000,0
1531170189704,1531170189699,2812146,0.00020260,346.00000000,0
1531170191443,1531170191437,2812147,0.00020259,49.00000000,1
1531170193506,1531170193501,2812148,0.00020260,51.00000000,0
1531170193527,1531170193520,2812149,0.00020260,51.00000000,0
1531170194247,1531170194241,2812150,0.00020259,27.00000000,1
1531170194558,1531170194553,2812151,0.00020259,7.00000000,1
1531170194558,1531170194553,2812152,0.00020196,16.00000000,1
1531170194558,1531170194553,2812153,0.00020180,11.00000000,1
1531170195077,1531170195074,2812154,0.00020224,5.00000000,1
1531170201779,1531170201774,2812155,0.00020224,27.00000000,1
1531170203917,1531170203911,2812156,0.00020237,49.00000000,0
1531170213067,1531170213061,2812157,0.00020181,5.00000000,1
1531170213520,1531170213513,2812158,0.00020181,5.00000000,1
1531170213521,1531170213516,2812159,0.00020181,5.00000000,1
1531170214066,1531170214059,2812160,0.00020181,5.00000000,1
1531170215891,1531170215885,2812161,0.00020181,6.00000000,1
1531170220185,1531170220181,2812162,0.00020219,53.00000000,0
1531170220270,1531170220265,2812163,0.00020219,17.00000000,0
1531170227945,1531170227940,2812164,0.00020223,12.00000000,0
1531170229939,1531170229936,2812165,0.00020181,151.00000000,1
1531170229939,1531170229936,2812166,0.00020180,16.00000000,1
1531170229939,1531170229936,2812167,0.00020162,22.00000000,1
1531170229939,1531170229936,2812168,0.00020160,15.00000000,1
1531170230662,1531170230656,2812169,0.00020224,2.00000000,0
1531170232089,1531170232083,2812170,0.00020181,10.00000000,0
1531170235875,1531170235870,2812171,0.00020181,26.00000000,0
1531170251692,1531170251686,2812172,0.00020168,6.00000000,1
1531170253457,1531170253452,2812173,0.00020223,9.00000000,0
1531170260631,1531170260626,2812174,0.00020220,21.00000000,0
1531170265464,1531170265461,2812175,0.00020220,30.00000000,0
1531170265485,1531170265480,2812176,0.00020220,21.00000000,0
1531170272871,1531170272866,2812177,0.00020220,21.00000000,1
1531170279390,1531170279383,2812178,0.00020223,16.00000000,0
1531170282797,1531170282791,2812179,0.00020223,10.00000000,1
1531170282883,1531170282877,2812180,0.00020223,14.00000000,1
1531170285364,1531170285360,2812181,0.00020237,7.00000000,0
1531170300122,1531170300117,2812182,0.00020207,104.00000000,0
1531170300227,1531170300222,2812183,0.00020235,93.00000000,0
1531170300247,1531170300242,2812184,0.00020235,82.00000000,0
1531170311447,1531170311443,2812185,0.00020234,5.00000000,0
1531170325947,1531170325942,2812186,0.00020216,127.00000000,0
1531170325958,1531170325954,2812187,0.00020233,47.00000000,0
1531170339311,1531170339306,2812188,0.00020234,23.00000000,0
1531170349908,1531170349902,2812189,0.00020237,9.00000000,0
1531170351892,1531170351888,2812190,0.00020240,90.00000000,0
1531170354541,1531170354535,2812191,0.00020253,10.00000000,0
1531170357790,1531170357785,2812192,0.00020253,12.00000000,0
1531170402397,1531170402363,2812193,0.00020240,21.00000000,1
1531170402397,1531170402363,2812194,0.00020237,283.00000000,1
1531170402397,1531170402392,2812195,0.00020237,210.00000000,1
1531170418218,1531170418212,2812196,0.00020237,199.00000000,0
1531170418234,1531170418231,2812197,0.00020240,40.00000000,0
1531170418261,1531170418255,2812198,0.00020240,159.00000000,0
1531170422826,1531170422820,2812199,0.00020234,4.00000000,1
1531170423230,1531170423225,2812200,0.00020221,23.00000000,0
1531170442470,1531170442465,2812201,0.00020229,78.00000000,0
1531170442484,1531170442479,2812202,0.00020247,42.00000000,0
1531170496165,1531170496162,2812203,0.00020221,2.00000000,1
1531170496919,1531170496914,2812204,0.00020221,47.00000000,1
1531170498924,1531170498922,2812205,0.00020220,21.00000000,1
1531170506369,1531170506364,2812206,0.00020176,1.00000000,1
1531170595840,1531170595834,2812207,0.00020224,6.00000000,0
1531170596490,1531170596485,2812208,0.00020224,4.00000000,0
1531170596490,1531170596485,2812209,0.00020228,296.00000000,0
1531170601044,1531170601038,2812210,0.00020228,9.00000000,0
1531170607504,1531170607498,2812211,0.00020228,10.00000000,0
1531170608037,1531170608031,2812212,0.00020228,34.00000000,0
1531170608361,1531170608355,2812213,0.00020228,40.00000000,0
1531170608984,1531170608964,2812214,0.00020217,11.00000000,0
1531170609007,1531170609002,2812215,0.00020217,33.00000000,0
1531170611120,1531170611117,2812216,0.00020228,5.00000000,0
1531170614877,1531170614873,2812217,0.00020228,5.00000000,0
1531170641935,1531170641931,2812218,0.00020217,15.00000000,1
1531170643955,1531170643950,2812219,0.00020214,24.00000000,1
1531170644506,1531170644499,2812220,0.00020225,61.00000000,0
1531170644506,1531170644499,2812221,0.00020226,22.00000000,0
1531170645080,1531170645076,2812222,0.00020226,10.00000000,0
1531170645108,1531170645102,2812223,0.00020226,10.00000000,0
1531170645113,1531170645108,2812224,0.00020226,10.00000000,0
1531170645150,1531170645145,2812225,0.00020226,10.00000000,0
1531170645167,1531170645163,2812226,0.00020226,20.00000000,0
1531170679150,1531170679145,2812227,0.00020225,60.00000000,0
1531170679564,1531170679558,2812228,0.00020226,10.00000000,0
1531170679596,1531170679592,2812229,0.00020228,10.00000000,0
1531170679607,1531170679602,2812230,0.00020228,10.00000000,0
1531170679634,1531170679629,2812231,0.00020228,10.00000000,0
1531170679659,1531170679654,2812232,0.00020228,20.00000000,0
1531170679945,1531170679940,2812233,0.00020228,32.00000000,0
1531170692555,1531170692549,2812234,0.00020241,60.00000000,0
1531170692555,1531170692549,2812235,0.00020242,98.00000000,0
1531170692555,1531170692549,2812236,0.00020252,366.00000000,0
1531170692607,1531170692601,2812237,0.00020252,10.00000000,0
1531170692628,1531170692622,2812238,0.00020252,10.00000000,0
1531170692652,1531170692650,2812239,0.00020252,10.00000000,0
1531170692679,1531170692672,2812240,0.00020252,10.00000000,0
1531170692697,1531170692692,2812241,0.00020252,20.00000000,0
1531170714637,1531170714632,2812242,0.00020239,128.00000000,0
1531170714640,1531170714637,2812243,0.00020239,128.00000000,0
1531170714654,1531170714647,2812244,0.00020238,15.00000000,0
1531170714677,1531170714671,2812245,0.00020238,45.00000000,0
1531170714677,1531170714671,2812246,0.00020239,15.00000000,0
1531170715647,1531170715643,2812247,0.00020239,10.00000000,0
1531170715667,1531170715665,2812248,0.00020239,10.00000000,0
1531170715688,1531170715682,2812249,0.00020239,10.00000000,0
1531170715699,1531170715694,2812250,0.00020239,10.00000000,0
1531170715727,1531170715722,2812251,0.00020239,20.00000000,0
1531170718142,1531170718137,2812252,0.00020238,42.00000000,0
1531170718142,1531170718137,2812253,0.00020239,482.00000000,0
1531170718640,1531170718634,2812254,0.00020239,10.00000000,0
1531170718671,1531170718666,2812255,0.00020239,10.00000000,0
1531170718691,1531170718685,2812256,0.00020239,10.00000000,0
1531170718712,1531170718705,2812257,0.00020239,12.00000000,0
1531170720378,1531170720373,2812258,0.00020237,20.00000000,0
1531170720378,1531170720373,2812259,0.00020238,60.00000000,0
1531170720378,1531170720373,2812260,0.00020239,48.00000000,0
1531170720648,1531170720641,2812261,0.00020239,10.00000000,0
1531170720668,1531170720665,2812262,0.00020239,10.00000000,0
1531170720697,1531170720692,2812263,0.00020239,10.00000000,0
1531170720702,1531170720697,2812264,0.00020239,10.00000000,0
1531170720728,1531170720723,2812265,0.00020239,20.00000000,0
1531170720891,1531170720886,2812266,0.00020239,1873.00000000,0
1531170720921,1531170720915,2812267,0.00020241,177.00000000,0
1531170721579,1531170721573,2812268,0.00020239,71.00000000,1
1531170721939,1531170721933,2812269,0.00020251,387.00000000,0
1531170723945,1531170723940,2812270,0.00020253,61.00000000,0
1531170725358,1531170725351,2812271,0.00020240,73.00000000,1
1531170725372,1531170725366,2812272,0.00020257,39.00000000,0
1531170726938,1531170726932,2812273,0.00020259,85.00000000,0
1531170728948,1531170728942,2812274,0.00020260,10.00000000,0
1531170729932,1531170729927,2812275,0.00020261,7.00000000,0
1531170730170,1531170730166,2812276,0.00020261,42.00000000,0
1531170734000,1531170733993,2812277,0.00020267,14.00000000,0
1531170736156,1531170736151,2812278,0.00020275,26.00000000,0
1531170736222,1531170736215,2812279,0.00020275,3.00000000,0
1531170738144,1531170738138,2812280,0.00020276,29.00000000,0
1531170739000,1531170738995,2812281,0.00020286,50.00000000,0
1531170740158,1531170740156,2812282,0.00020288,24.00000000,0
1531170740688,1531170740682,2812283,0.00020289,10.00000000,0
1531170740699,1531170740692,2812284,0.00020289,14.00000000,0
1531170742152,1531170742147,2812285,0.00020288,12.00000000,0
1531170742686,1531170742680,2812286,0.00020289,12.00000000,0
1531170742934,1531170742929,2812287,0.00020289,3.00000000,0
1531170748906,1531170748900,2812288,0.00020290,74.00000000,0
1531170748906,1531170748900,2812289,0.00020293,16.00000000,0
1531170748906,1531170748900,2812290,0.00020312,27.00000000,0
1531170748906,1531170748900,2812291,0.00020325,231.00000000,0
1531170754604,1531170754597,2812292,0.00020323,24.00000000,0
1531170754628,1531170754623,2812293,0.00020323,36.00000000,0
1531170754727,1531170754694,2812294,0.00020324,10.00000000,0
1531170754730,1531170754725,2812295,0.00020324,10.00000000,0
1531170754749,1531170754743,2812296,0.00020324,10.00000000,0
1531170754762,1531170754755,2812297,0.00020324,9.00000000,0
1531170754762,1531170754755,2812298,0.00020331,1.00000000,0
1531170754787,1531170754781,2812299,0.00020331,20.00000000,0
1531170754914,1531170754908,2812300,0.00020331,49.00000000,0
1531170755217,1531170755212,2812301,0.00020330,39.00000000,0
1531170757007,1531170757001,2812302,0.00020332,47.00000000,0
1531170758109,1531170758103,2812303,0.00020334,19.00000000,0
1531170760012,1531170760009,2812304,0.00020335,29.00000000,0
1531170761100,1531170761095,2812305,0.00020338,24.00000000,0
1531170761199,1531170761194,2812306,0.00020331,5.00000000,1
1531170763000,1531170762994,2812307,0.00020340,29.00000000,0
1531170773031,1531170773025,2812308,0.00020332,47.00000000,1
1531170776682,1531170776677,2812309,0.00020332,121.00000000,1
1531170796642,1531170796640,2812310,0.00020347,16.00000000,0
1531170798787,1531170798782,2812311,0.00020352,229.00000000,0
1531170825779,1531170825772,2812312,0.00020346,488.00000000,0
1531170825790,1531170825785,2812313,0.00020341,6.00000000,1
1531170825807,1531170825801,2812314,0.00020341,213.00000000,1
1531170866194,1531170866189,2812315,0.00020341,182.00000000,1
1531170866211,1531170866206,2812316,0.00020341,129.00000000,1
1531170880284,1531170880281,2812317,0.00020340,7.00000000,1
1531170898025,1531170898018,2812318,0.00020341,349.00000000,1
1531170898043,1531170898038,2812319,0.00020341,395.00000000,1
1531170955207,1531170955201,2812320,0.00020341,5.00000000,0
1531170980328,1531170980323,2812321,0.00020340,5.00000000,1
1531170980328,1531170980323,2812322,0.00020331,23.00000000,1
1531171002899,1531171002894,2812323,0.00020332,74.00000000,1
1531171012512,1531171012507,2812324,0.00020341,4.00000000,0
1531171017701,1531171017697,2812325,0.00020352,54.00000000,0
1531171027020,1531171027015,2812326,0.00020342,54.00000000,1
1531171035584,1531171035582,2812327,0.00020352,46.00000000,0
1531171041185,1531171041181,2812328,0.00020352,5.00000000,1
1531171076034,1531171076029,2812329,0.00020353,14.00000000,0
1531171095766,1531171095760,2812330,0.00020352,5.00000000,1
1531171105689,1531171105684,2812331,0.00020342,52.00000000,1
1531171105711,1531171105707,2812332,0.00020342,36.00000000,1
1531171112965,1531171112959,2812333,0.00020353,12.00000000,0
1531171112965,1531171112959,2812334,0.00020355,8.00000000,0
1531171115416,1531171115414,2812335,0.00020341,5.00000000,1
1531171140628,1531171140623,2812336,0.00020349,169.00000000,0
1531171140640,1531171140635,2812337,0.00020342,97.00000000,1
1531171198803,1531171198798,2812338,0.00020342,18.00000000,1
1531171221823,1531171221818,2812339,0.00020356,9.00000000,0
1531171258947,1531171258940,2812340,0.00020342,42.00000000,1
1531171258969,1531171258965,2812341,0.00020342,68.00000000,1
1531171286589,1531171286584,2812342,0.00020342,24.00000000,1
1531171286961,1531171286956,2812343,0.00020341,50.00000000,1
1531171307443,1531171307438,2812344,0.00020356,10.00000000,0
1531171320885,1531171320880,2812345,0.00020347,89.00000000,1
1531171320907,1531171320903,2812346,0.00020347,5.00000000,1
1531171322790,1531171322786,2812347,0.00020331,90.00000000,1
1531171322790,1531171322786,2812348,0.00020330,462.00000000,1
1531171322790,1531171322786,2812349,0.00020323,259.00000000,1
1531171322817,1531171322812,2812350,0.00020321,21.00000000,1
1531171323973,1531171323967,2812351,0.00020295,39.00000000,1
1531171329588,1531171329583,2812352,0.00020323,339.00000000,0
1531171333042,1531171333039,2812353,0.00020356,33.00000000,0
1531171348270,1531171348265,2812354,0.00020340,102.00000000,0
1531171348285,1531171348281,2812355,0.00020325,63.00000000,1
1531171348303,1531171348299,2812356,0.00020325,43.00000000,1
1531171396139,1531171396133,2812357,0.00020305,5.00000000,1
1531171426748,1531171426742,2812358,0.00020355,53.00000000,0
1531171426974,1531171426971,2812359,0.00020356,110.00000000,0
1531171427034,1531171427030,2812360,0.00020356,45.00000000,0
1531171427124,1531171427122,2812361,0.00020359,10.00000000,0
1531171427143,1531171427138,2812362,0.00020359,10.00000000,0
1531171427165,1531171427162,2812363,0.00020359,9.00000000,0
1531171427165,1531171427162,2812364,0.00020372,1.00000000,0
1531171427419,1531171427414,2812365,0.00020372,18.00000000,0
1531171443795,1531171443791,2812366,0.00020368,42.00000000,0
1531171443795,1531171443791,2812367,0.00020369,1125.00000000,0
1531171444136,1531171444132,2812368,0.00020369,10.00000000,0
1531171444169,1531171444163,2812369,0.00020369,10.00000000,0
1531171444180,1531171444177,2812370,0.00020369,10.00000000,0
1531171444209,1531171444204,2812371,0.00020369,4.00000000,0
1531171444209,1531171444204,2812372,0.00020372,8.00000000,0
1531171444955,1531171444951,2812373,0.00020316,32.00000000,1
1531171444955,1531171444951,2812374,0.00020315,19.00000000,1
1531171446858,1531171446854,2812375,0.00020379,16.00000000,0
1531171457374,1531171457369,2812376,0.00020356,503.00000000,1
1531171498321,1531171498316,2812377,0.00020367,379.00000000,0
1531171498335,1531171498330,2812378,0.00020356,176.00000000,1
1531171507309,1531171507304,2812379,0.00020369,882.00000000,0
1531171507325,1531171507320,2812380,0.00020356,403.00000000,1
1531171507345,1531171507341,2812381,0.00020356,669.00000000,1
1531171515712,1531171515708,2812382,0.00020355,24.00000000,1
1531171515712,1531171515708,2812383,0.00020328,39.00000000,1
1531171515712,1531171515708,2812384,0.00020325,9.00000000,1
1531171515728,1531171515724,2812385,0.00020325,24.00000000,1
1531171595692,1531171595688,2812386,0.00020344,250.00000000,0
1531171595711,1531171595707,2812387,0.00020326,126.00000000,1
1531171595735,1531171595730,2812388,0.00020326,115.00000000,1
1531171625679,1531171625675,2812389,0.00020343,1393.00000000,0
1531171625691,1531171625687,2812390,0.00020326,971.00000000,1
1531171625707,1531171625702,2812391,0.00020326,871.00000000,1
1531171632233,1531171632228,2812392,0.00020358,20.00000000,0
1531171632233,1531171632228,2812393,0.00020371,95.00000000,0
1531171632694,1531171632690,2812394,0.00020372,10.00000000,0
1531171632720,1531171632716,2812395,0.00020372,10.00000000,0
1531171632750,1531171632744,2812396,0.00020372,10.00000000,0
1531171632764,1531171632760,2812397,0.00020372,9.00000000,0
1531171632764,1531171632760,2812398,0.00020383,1.00000000,0
1531171632791,1531171632786,2812399,0.00020383,5.00000000,0
1531171632791,1531171632786,2812400,0.00020384,5.00000000,0
1531171632791,1531171632786,2812401,0.00020392,10.00000000,0
1531171643828,1531171643824,2812402,0.00020372,6.00000000,1
1531171649298,1531171649292,2812403,0.00020382,2236.00000000,0
1531171649315,1531171649310,2812404,0.00020372,776.00000000,1
1531171673306,1531171673302,2812405,0.00020372,6.00000000,0
1531171678736,1531171678731,2812406,0.00020382,765.00000000,0
1531171678748,1531171678744,2812407,0.00020373,372.00000000,1
1531171698261,1531171698258,2812408,0.00020373,705.00000000,1
1531171738644,1531171738640,2812409,0.00020382,377.00000000,0
1531171738656,1531171738650,2812410,0.00020373,130.00000000,1
1531171772327,1531171772322,2812411,0.00020382,238.00000000,0
1531171772341,1531171772337,2812412,0.00020373,158.00000000,1
1531171772359,1531171772355,2812413,0.00020373,107.00000000,1
1531171777567,1531171777563,2812414,0.00020372,20.00000000,1
1531171790196,1531171790193,2812415,0.00020372,10.00000000,1
1531171802584,1531171802580,2812416,0.00020382,54.00000000,0
1531171802602,1531171802598,2812417,0.00020382,26.00000000,1
1531171809237,1531171809233,2812418,0.00020391,145.00000000,0
1531171810385,1531171810381,2812419,0.00020391,128.00000000,0
1531171816824,1531171816818,2812420,0.00020391,1.00000000,0
1531171843547,1531171843543,2812421,0.00020392,19.00000000,0
1531171847415,1531171847409,2812422,0.00020392,5.00000000,1
1531171870825,1531171870820,2812423,0.00020393,5.00000000,0
1531171952282,1531171952278,2812424,0.00020392,10.00000000,1
1531171958957,1531171958952,2812425,0.00020393,59.00000000,0
1531172005869,1531172005865,2812426,0.00020393,49.00000000,0
1531172015980,1531172015976,2812427,0.00020398,10.00000000,0
1531172039801,1531172039797,2812428,0.00020393,6.00000000,1
1531172039819,1531172039814,2812429,0.00020393,48.00000000,1
1531172058794,1531172058790,2812430,0.00020398,40.00000000,0
1531172059094,1531172059090,2812431,0.00020400,21.00000000,0
1531172093491,1531172093488,2812432,0.00020412,182.00000000,0
1531172093509,1531172093505,2812433,0.00020399,62.00000000,1
1531172093574,1531172093568,2812434,0.00020426,25.00000000,0
1531172097095,1531172097091,2812435,0.00020427,9.00000000,0
1531172098088,1531172098082,2812436,0.00020428,9.00000000,0
1531172100128,1531172100123,2812437,0.00020434,5.00000000,0
1531172118651,1531172118647,2812438,0.00020399,127.00000000,1
1531172118651,1531172118647,2812439,0.00020398,1501.00000000,1
1531172122486,1531172122483,2812440,0.00020398,479.00000000,1
1531172143214,1531172143209,2812441,0.00020416,151.00000000,0
1531172143231,1531172143227,2812442,0.00020399,63.00000000,1
1531172166370,1531172166366,2812443,0.00020400,19.00000000,1
1531172166383,1531172166378,2812444,0.00020400,6.00000000,1
1531172218625,1531172218620,2812445,0.00020400,91.00000000,1
1531172218647,1531172218643,2812446,0.00020400,95.00000000,1
1531172239408,1531172239402,2812447,0.00020434,5.00000000,0
1531172262685,1531172262682,2812448,0.00020400,25.00000000,1
1531172278973,1531172278968,2812449,0.00020434,11.00000000,0
1531172284714,1531172284710,2812450,0.00020417,283.00000000,0
1531172284729,1531172284725,2812451,0.00020401,258.00000000,1
1531172310689,1531172310685,2812452,0.00020401,49.00000000,1
1531172314949,1531172314944,2812453,0.00020401,653.00000000,1
1531172321775,1531172321771,2812454,0.00020400,125.00000000,1
1531172321791,1531172321786,2812455,0.00020400,117.00000000,1
1531172322484,1531172322481,2812456,0.00020401,81.00000000,0
1531172328316,1531172328313,2812457,0.00020399,16.00000000,1
1531172328316,1531172328313,2812458,0.00020398,306.00000000,1
1531172335788,1531172335783,2812459,0.00020401,81.00000000,0
1531172360837,1531172360832,2812460,0.00020401,147.00000000,0
1531172361656,1531172361652,2812461,0.00020400,99.00000000,1
1531172361667,1531172361663,2812462,0.00020400,62.00000000,0
1531172361744,1531172361740,2812463,0.00020400,99.00000000,1
1531172394764,1531172394759,2812464,0.00020399,490.00000000,1
1531172399707,1531172399702,2812465,0.00020399,163.00000000,1
1531172399707,1531172399702,2812466,0.00020398,327.00000000,1
1531172400262,1531172400258,2812467,0.00020398,66.00000000,1
1531172415582,1531172415578,2812468,0.00020399,71.00000000,1
1531172417634,1531172417631,2812469,0.00020399,76.00000000,1
1531172417651,1531172417646,2812470,0.00020399,72.00000000,0
1531172417663,1531172417660,2812471,0.00020399,76.00000000,1
1531172421883,1531172421879,2812472,0.00020398,6.00000000,1
1531172427371,1531172427367,2812473,0.00020398,6.00000000,1
1531172440217,1531172440211,2812474,0.00020398,81.00000000,1
1531172440560,1531172440557,2812475,0.00020398,81.00000000,1
1531172442001,1531172441996,2812476,0.00020399,71.00000000,0
1531172460988,1531172460984,2812477,0.00020400,849.00000000,1
1531172461000,1531172460996,2812478,0.00020400,131.00000000,0
1531172461015,1531172461011,2812479,0.00020400,515.00000000,1
1531172461027,1531172461024,2812480,0.00020400,334.00000000,1
1531172461050,1531172461047,2812481,0.00020399,76.00000000,1
1531172483943,1531172483939,2812482,0.00020399,71.00000000,0
1531172491976,1531172491973,2812483,0.00020399,367.00000000,1
1531172491989,1531172491985,2812484,0.00020399,64.00000000,1
1531172504994,1531172504990,2812485,0.00020398,56.00000000,1
1531172522232,1531172522227,2812486,0.00020400,229.00000000,0
1531172555041,1531172555037,2812487,0.00020400,80.00000000,1
1531172555056,1531172555052,2812488,0.00020400,135.00000000,0
1531172555068,1531172555065,2812489,0.00020400,80.00000000,1
1531172605679,1531172605676,2812490,0.00020400,31.00000000,0
1531172605697,1531172605694,2812491,0.00020400,38.00000000,0
1531172621977,1531172621975,2812492,0.00020400,23.00000000,0
1531172621993,1531172621988,2812493,0.00020400,5.00000000,0
1531172639273,1531172639269,2812494,0.00020400,44.00000000,0
1531172660619,1531172660616,2812495,0.00020400,66.00000000,1
1531172660644,1531172660640,2812496,0.00020400,67.00000000,1
1531172705973,1531172705968,2812497,0.00020399,126.00000000,1
1531172705988,1531172705985,2812498,0.00020399,184.00000000,0
1531172706005,1531172706001,2812499,0.00020400,222.00000000,0
1531172706646,1531172706643,2812500,0.00020401,17.00000000,0
1531172740147,1531172740143,2812501,0.00020400,109.00000000,0
1531172740159,1531172740156,2812502,0.00020399,54.00000000,1
1531172783478,1531172783476,2812503,0.00020399,182.00000000,1
1531172783496,1531172783492,2812504,0.00020399,152.00000000,1
1531172805384,1531172805381,2812505,0.00020399,267.00000000,0
1531172805398,1531172805394,2812506,0.00020400,174.00000000,0
1531172858239,1531172858235,2812507,0.00020398,10.00000000,1
1531172863852,1531172863848,2812508,0.00020400,173.00000000,0
1531172864897,1531172864894,2812509,0.00020401,20.00000000,0
1531172879178,1531172879173,2812510,0.00020398,10.00000000,1
1531172883167,1531172883164,2812511,0.00020398,5.00000000,1
1531172900148,1531172900144,2812512,0.00020399,10.00000000,1
1531172904188,1531172904184,2812513,0.00020399,63.00000000,1
1531172922218,1531172922216,2812514,0.00020398,5.00000000,1
1531172941346,1531172941344,2812515,0.00020398,5.00000000,1
1531172962132,1531172962128,2812516,0.00020398,5.00000000,1
1531172985207,1531172985202,2812517,0.00020398,5.00000000,1
1531173016616,1531173016616,2812518,0.00020398,127.00000000,1
1531173046508,1531173046505,2812519,0.00020398,5.00000000,1
1531173059728,1531173059725,2812520,0.00020399,5.00000000,0
1531173068161,1531173068157,2812521,0.00020400,534.00000000,0
1531173068184,1531173068181,2812522,0.00020400,547.00000000,0
1531173083210,1531173083206,2812523,0.00020400,377.00000000,1
1531173107150,1531173107147,2812524,0.00020400,5.00000000,1
1531173129909,1531173129907,2812525,0.00020401,53.00000000,0
1531173169156,1531173169153,2812526,0.00020400,10.00000000,1
1531173192879,1531173192876,2812527,0.00020401,117.00000000,0
1531173262963,1531173262961,2812528,0.00020400,396.00000000,1
1531173279858,1531173279856,2812529,0.00020400,77.00000000,1
1531173288125,1531173288122,2812530,0.00020400,10.00000000,1
1531173370240,1531173370239,2812531,0.00020401,376.00000000,0
1531173374119,1531173374115,2812532,0.00020400,10.00000000,1
1531173396803,1531173396800,2812533,0.00020400,27.00000000,1
1531173429351,1531173429349,2812534,0.00020401,299.00000000,0
1531173430348,1531173430345,2812535,0.00020401,8678.00000000,0
1531173466391,1531173466345,2812536,0.00020400,149.00000000,1
1531173470236,1531173470233,2812537,0.00020399,5.00000000,1
1531173472504,1531173472501,2812538,0.00020399,856.00000000,1
