event_time,trade_time,trade_id,price,quantity,maker
1531160273529,1531160273526,2212757,0.00003120,500.00000000,0
1531160273621,1531160273616,2212758,0.00003116,57.00000000,1
1531160275509,1531160275504,2212759,0.00003119,2815.00000000,0
1531160275509,1531160275504,2212760,0.00003120,656.00000000,0
1531160275509,1531160275504,2212761,0.00003125,558.00000000,0
1531160277884,1531160277881,2212762,0.00003119,1034.00000000,1
1531160281451,1531160281448,2212763,0.00003126,536.00000000,0
1531160281458,1531160281454,2212764,0.00003126,238.00000000,0
1531160281536,1531160281533,2212765,0.00003126,260.00000000,0
1531160281553,1531160281550,2212766,0.00003127,536.00000000,0
1531160282967,1531160282965,2212767,0.00003130,320.00000000,0
1531160284962,1531160284958,2212768,0.00003131,38.00000000,0
1531160289517,1531160289514,2212769,0.00003134,192.00000000,1
1531160289671,1531160289667,2212770,0.00003134,17.00000000,1
1531160319009,1531160319007,2212771,0.00003134,5.00000000,1
1531160323007,1531160323005,2212772,0.00003136,673.00000000,1
1531160326057,1531160326054,2212773,0.00003137,472.00000000,1
1531160363962,1531160363959,2212774,0.00003141,692.00000000,0
1531160364622,1531160364618,2212775,0.00003141,510.00000000,1
1531160366787,1531160366783,2212776,0.00003142,42.00000000,1
1531160372543,1531160372539,2212777,0.00003148,339.00000000,0
1531160372543,1531160372539,2212778,0.00003149,1121.00000000,0
1531160374160,1531160374158,2212779,0.00003149,362.00000000,0
1531160375261,1531160375258,2212780,0.00003149,129.00000000,0
1531160375261,1531160375258,2212781,0.00003150,367.00000000,0
1531160375968,1531160375964,2212782,0.00003150,90.00000000,0
1531160377519,1531160377516,2212783,0.00003150,21.00000000,0
1531160377519,1531160377516,2212784,0.00003151,2.00000000,0
1531160379278,1531160379275,2212785,0.00003151,6.00000000,0
1531160386943,1531160386939,2212786,0.00003150,89.00000000,0
1531160388645,1531160388641,2212787,0.00003147,370.00000000,1
1531160389511,1531160389507,2212788,0.00003147,320.00000000,1
1531160391084,1531160391081,2212789,0.00003148,33.00000000,1
1531160392771,1531160392768,2212790,0.00003148,416.00000000,1
1531160393427,1531160393424,2212791,0.00003150,389.00000000,0
1531160393945,1531160393942,2212792,0.00003148,384.00000000,1
1531160395225,1531160395222,2212793,0.00003148,380.00000000,1
1531160398332,1531160398328,2212794,0.00003147,345.00000000,1
1531160403804,1531160403802,2212795,0.00003147,774.00000000,1
1531160407306,1531160407303,2212796,0.00003148,225.00000000,0
1531160407306,1531160407303,2212797,0.00003150,387.00000000,0
1531160407306,1531160407303,2212798,0.00003151,308.00000000,0
1531160410253,1531160410253,2212799,0.00003149,377.00000000,1
1531160411471,1531160411467,2212800,0.00003149,376.00000000,1
1531160412075,1531160412071,2212801,0.00003151,1.00000000,0
1531160412218,1531160412214,2212802,0.00003149,374.00000000,1
1531160412663,1531160412660,2212803,0.00003151,2013.00000000,0
1531160412960,1531160412957,2212804,0.00003152,35.00000000,0
1531160415862,1531160415858,2212805,0.00003152,352.00000000,1
1531160416126,1531160416123,2212806,0.00003153,519.00000000,1
1531160416625,1531160416623,2212807,0.00003153,496.00000000,1
1531160419903,1531160419899,2212808,0.00003153,237.00000000,1
1531160421010,1531160421007,2212809,0.00003154,316.00000000,1
1531160421826,1531160421824,2212810,0.00003151,2363.00000000,1
1531160422015,1531160422011,2212811,0.00003152,2436.00000000,0
1531160422015,1531160422011,2212812,0.00003153,38.00000000,0
1531160422226,1531160422223,2212813,0.00003147,481.00000000,1
1531160422493,1531160422491,2212814,0.00003151,259.00000000,0
1531160425970,1531160425966,2212815,0.00003147,6321.00000000,1
1531160433456,1531160433453,2212816,0.00003129,155.00000000,1
1531160441805,1531160441802,2212817,0.00003133,451.00000000,1
1531160453174,1531160453170,2212818,0.00003135,316.00000000,0
1531160453582,1531160453578,2212819,0.00003129,163.00000000,1
1531160453582,1531160453578,2212820,0.00003126,89.00000000,1
1531160453582,1531160453578,2212821,0.00003119,418.00000000,1
1531160453601,1531160453599,2212822,0.00003119,320.00000000,0
1531160453606,1531160453606,2212823,0.00003119,9531.00000000,0
1531160453609,1531160453606,2212824,0.00003145,155.00000000,0
1531160453609,1531160453606,2212825,0.00003146,2215.00000000,0
1531160453609,1531160453606,2212826,0.00003150,1497.00000000,0
1531160453609,1531160453606,2212827,0.00003153,800.00000000,0
1531160453609,1531160453606,2212828,0.00003155,679.00000000,0
1531160453609,1531160453606,2212829,0.00003160,524.00000000,0
1531160453609,1531160453606,2212830,0.00003165,376.00000000,0
1531160453609,1531160453606,2212831,0.00003171,35.00000000,0
1531160453609,1531160453606,2212832,0.00003175,1398.00000000,0
1531160453609,1531160453606,2212833,0.00003176,1585.00000000,0
1531160457952,1531160457949,2212834,0.00003146,33.00000000,1
1531160463226,1531160463222,2212835,0.00003159,73.00000000,1
1531160463379,1531160463376,2212836,0.00003160,134.00000000,1
1531160463945,1531160463941,2212837,0.00003160,73.00000000,1
1531160464800,1531160464796,2212838,0.00003160,108.00000000,1
1531160471527,1531160471523,2212839,0.00003159,152.00000000,0
1531160475503,1531160475499,2212840,0.00003159,478.00000000,0
1531160478679,1531160478675,2212841,0.00003159,372.00000000,1
1531160478833,1531160478831,2212842,0.00003160,115.00000000,0
1531160479514,1531160479511,2212843,0.00003160,373.00000000,1
1531160480706,1531160480704,2212844,0.00003160,370.00000000,1
1531160482648,1531160482644,2212845,0.00003167,153.00000000,0
1531160487087,1531160487083,2212846,0.00003161,33.00000000,1
1531160489313,1531160489309,2212847,0.00003164,73.00000000,0
1531160489313,1531160489309,2212848,0.00003166,1624.00000000,0
1531160490553,1531160490550,2212849,0.00003163,358.00000000,0
1531160490553,1531160490550,2212850,0.00003164,1149.00000000,0
1531160490553,1531160490550,2212851,0.00003165,277.00000000,0
1531160491904,1531160491902,2212852,0.00003166,384.00000000,1
1531160493491,1531160493488,2212853,0.00003166,387.00000000,1
1531160493827,1531160493825,2212854,0.00003166,7035.00000000,1
1531160498874,1531160498871,2212855,0.00003164,3459.00000000,0
1531160498874,1531160498871,2212856,0.00003165,1747.00000000,0
1531160498874,1531160498871,2212857,0.00003166,2263.00000000,0
1531160499853,1531160499850,2212858,0.00003165,2045.00000000,0
1531160499853,1531160499850,2212859,0.00003166,2653.00000000,0
1531160500332,1531160500328,2212860,0.00003166,70.00000000,0
1531160501039,1531160501035,2212861,0.00003166,167.00000000,0
1531160501280,1531160501276,2212862,0.00003154,191.00000000,1
1531160501856,1531160501853,2212863,0.00003166,1533.00000000,0
1531160501930,1531160501927,2212864,0.00003166,782.00000000,0
1531160503502,1531160503498,2212865,0.00003165,191.00000000,0
1531160504048,1531160504044,2212866,0.00003166,419.00000000,0
1531160505037,1531160505035,2212867,0.00003166,187.00000000,0
1531160505195,1531160505190,2212868,0.00003166,374.00000000,0
1531160505968,1531160505964,2212869,0.00003166,1.00000000,0
1531160506919,1531160506916,2212870,0.00003166,131.00000000,0
1531160510487,1531160510484,2212871,0.00003165,1149.00000000,0
1531160510487,1531160510484,2212872,0.00003166,3471.00000000,0
1531160513873,1531160513870,2212873,0.00003166,1778.00000000,0
1531160513873,1531160513870,2212874,0.00003168,33.00000000,0
1531160513873,1531160513870,2212875,0.00003170,679.00000000,0
1531160513873,1531160513870,2212876,0.00003173,4510.00000000,0
1531160514833,1531160514831,2212877,0.00003162,419.00000000,0
1531160517056,1531160517053,2212878,0.00003173,40.00000000,0
1531160518068,1531160518065,2212879,0.00003163,33.00000000,1
1531160526011,1531160526008,2212880,0.00003164,455.00000000,1
1531160526011,1531160526008,2212881,0.00003163,250.00000000,1
1531160526983,1531160526980,2212882,0.00003163,32.00000000,1
1531160550106,1531160550102,2212883,0.00003158,33.00000000,1
1531160552841,1531160552837,2212884,0.00003158,283.00000000,1
1531160554358,1531160554355,2212885,0.00003157,33.00000000,0
1531160554358,1531160554355,2212886,0.00003158,364.00000000,0
1531160554720,1531160554717,2212887,0.00003158,92.00000000,0
1531160559045,1531160559041,2212888,0.00003157,508.00000000,0
1531160563884,1531160563880,2212889,0.00003151,316.00000000,1
1531160563884,1531160563880,2212890,0.00003150,4941.00000000,1
1531160563884,1531160563880,2212891,0.00003142,949.00000000,1
1531160563884,1531160563880,2212892,0.00003135,3312.00000000,1
1531160563884,1531160563880,2212893,0.00003133,24.00000000,1
1531160569455,1531160569452,2212894,0.00003139,254.00000000,1
1531160569455,1531160569452,2212895,0.00003138,1137.00000000,1
1531160569987,1531160569984,2212896,0.00003137,35.00000000,1
1531160571391,1531160571387,2212897,0.00003137,220.00000000,0
1531160580661,1531160580658,2212898,0.00003133,1101.00000000,1
1531160580661,1531160580658,2212899,0.00003130,3194.00000000,1
1531160580693,1531160580691,2212900,0.00003130,212.00000000,0
1531160580712,1531160580709,2212901,0.00003130,212.00000000,0
1531160581195,1531160581191,2212902,0.00003129,90.00000000,0
1531160584436,1531160584433,2212903,0.00003123,169.00000000,1
1531160584478,1531160584474,2212904,0.00003123,150.00000000,1
1531160585207,1531160585204,2212905,0.00003123,5776.00000000,0
1531160585660,1531160585656,2212906,0.00003122,354.00000000,1
1531160585660,1531160585656,2212907,0.00003121,300.00000000,1
1531160585660,1531160585656,2212908,0.00003120,172.00000000,1
1531160587031,1531160587028,2212909,0.00003120,2604.00000000,1
1531160587204,1531160587200,2212910,0.00003125,34.00000000,0
1531160587204,1531160587200,2212911,0.00003126,156.00000000,0
1531160587246,1531160587243,2212912,0.00003126,34.00000000,0
1531160588222,1531160588217,2212913,0.00003124,220.00000000,0
1531160591578,1531160591576,2212914,0.00003126,126.00000000,0
1531160591578,1531160591576,2212915,0.00003130,1226.00000000,0
1531160592927,1531160592922,2212916,0.00003129,319.00000000,0
1531160592927,1531160592922,2212917,0.00003130,299.00000000,0
1531160598350,1531160598348,2212918,0.00003130,65.00000000,0
1531160598837,1531160598832,2212919,0.00003130,787.00000000,0
1531160601006,1531160601002,2212920,0.00003130,6270.00000000,0
1531160604080,1531160604077,2212921,0.00003146,137.00000000,0
1531160604900,1531160604898,2212922,0.00003146,2000.00000000,0
1531160613000,1531160612997,2212923,0.00003143,1137.00000000,0
1531160616849,1531160616846,2212924,0.00003147,182.00000000,0
1531160621859,1531160621854,2212925,0.00003150,35.00000000,0
1531160622115,1531160622111,2212926,0.00003148,316.00000000,1
1531160622115,1531160622111,2212927,0.00003147,1622.00000000,1
1531160628379,1531160628375,2212928,0.00003150,235.00000000,1
1531160629994,1531160629992,2212929,0.00003150,431.00000000,1
1531160633051,1531160633047,2212930,0.00003150,36.00000000,1
1531160644039,1531160644035,2212931,0.00003147,316.00000000,0
1531160644039,1531160644035,2212932,0.00003148,35.00000000,0
1531160646072,1531160646068,2212933,0.00003150,410.00000000,0
1531160646292,1531160646288,2212934,0.00003153,1084.00000000,1
1531160647395,1531160647392,2212935,0.00003153,140.00000000,1
1531160647952,1531160647948,2212936,0.00003153,353.00000000,1
1531160655851,1531160655847,2212937,0.00003157,780.00000000,0
1531160660192,1531160660190,2212938,0.00003150,316.00000000,1
1531160660192,1531160660190,2212939,0.00003149,56.00000000,1
1531160670163,1531160670160,2212940,0.00003156,315.00000000,0
1531160677264,1531160677261,2212941,0.00003150,159.00000000,1
1531160688778,1531160688775,2212942,0.00003150,125.00000000,1
1531160690695,1531160690691,2212943,0.00003156,1.00000000,0
1531160690695,1531160690691,2212944,0.00003160,718.00000000,0
1531160690729,1531160690725,2212945,0.00003160,564.00000000,0
1531160690931,1531160690928,2212946,0.00003159,284.00000000,0
1531160694388,1531160694384,2212947,0.00003160,201.00000000,0
1531160696205,1531160696202,2212948,0.00003153,111.00000000,1
1531160708093,1531160708090,2212949,0.00003158,353.00000000,0
1531160708180,1531160708176,2212950,0.00003158,1.00000000,0
1531160708180,1531160708176,2212951,0.00003159,111.00000000,0
1531160708180,1531160708176,2212952,0.00003160,280.00000000,0
1531160731204,1531160731200,2212953,0.00003153,904.00000000,1
1531160734264,1531160734261,2212954,0.00003150,1559.00000000,1
1531160738853,1531160738849,2212955,0.00003150,980.00000000,1
1531160752284,1531160752280,2212956,0.00003146,3.00000000,1
1531160759006,1531160759006,2212957,0.00003149,32.00000000,1
1531160772712,1531160772708,2212958,0.00003146,314.00000000,1
1531160773167,1531160773165,2212959,0.00003145,120.00000000,1
1531160773688,1531160773684,2212960,0.00003145,205.00000000,0
1531160776356,1531160776352,2212961,0.00003140,2620.00000000,1
1531160776356,1531160776352,2212962,0.00003139,317.00000000,1
1531160776356,1531160776352,2212963,0.00003135,500.00000000,1
1531160776356,1531160776352,2212964,0.00003134,50.00000000,1
1531160776356,1531160776352,2212965,0.00003133,641.00000000,1
1531160776356,1531160776352,2212966,0.00003133,351.00000000,1
1531160778032,1531160778028,2212967,0.00003134,198.00000000,1
1531160778032,1531160778028,2212968,0.00003133,7572.00000000,1
1531160779559,1531160779555,2212969,0.00003133,889.00000000,1
1531160783620,1531160783617,2212970,0.00003140,92.00000000,0
1531160790932,1531160790928,2212971,0.00003141,100.00000000,0
1531160793658,1531160793655,2212972,0.00003138,116.00000000,1
1531160794848,1531160794846,2212973,0.00003138,500.00000000,1
1531160796558,1531160796555,2212974,0.00003138,326.00000000,1
1531160803775,1531160803772,2212975,0.00003135,40.00000000,1
1531160806229,1531160806225,2212976,0.00003135,50.00000000,1
1531160813385,1531160813381,2212977,0.00003135,79.00000000,1
1531160821033,1531160821030,2212978,0.00003132,620.00000000,1
1531160832015,1531160832011,2212979,0.00003134,61.00000000,1
1531160835987,1531160835983,2212980,0.00003138,2520.00000000,0
1531160839063,1531160839059,2212981,0.00003139,217.00000000,0
1531160839140,1531160839137,2212982,0.00003139,1722.00000000,1
1531160839140,1531160839137,2212983,0.00003138,1708.00000000,1
1531160846997,1531160846993,2212984,0.00003138,2834.00000000,1
1531160855652,1531160855647,2212985,0.00003138,108.00000000,1
1531160865129,1531160865126,2212986,0.00003140,2297.00000000,0
1531160865189,1531160865187,2212987,0.00003140,361.00000000,0
1531160865218,1531160865215,2212988,0.00003140,374.00000000,0
1531160867990,1531160867986,2212989,0.00003139,100.00000000,1
1531160868269,1531160868237,2212990,0.00003140,162.00000000,0
1531160879099,1531160879095,2212991,0.00003143,106.00000000,0
1531160879099,1531160879095,2212992,0.00003144,317.00000000,0
1531160879099,1531160879095,2212993,0.00003146,750.00000000,0
1531160886728,1531160886723,2212994,0.00003146,557.00000000,1
1531160903866,1531160903862,2212995,0.00003146,374.00000000,1
1531160917190,1531160917185,2212996,0.00003150,120.00000000,0
1531160917190,1531160917185,2212997,0.00003156,19.00000000,0
1531160920315,1531160920311,2212998,0.00003147,316.00000000,1
1531160920315,1531160920311,2212999,0.00003146,477.00000000,1
1531160922874,1531160922871,2213000,0.00003141,50.00000000,1
1531160926022,1531160926017,2213001,0.00003139,317.00000000,1
1531160932647,1531160932643,2213002,0.00003138,745.00000000,1
1531160935250,1531160935247,2213003,0.00003138,274.00000000,1
1531160937715,1531160937712,2213004,0.00003138,120.00000000,0
1531160945638,1531160945634,2213005,0.00003138,532.00000000,0
1531160951442,1531160951438,2213006,0.00003136,1236.00000000,1
1531160951704,1531160951701,2213007,0.00003136,1420.00000000,1
1531160956195,1531160956192,2213008,0.00003135,120.00000000,1
1531160956195,1531160956192,2213009,0.00003132,830.00000000,1
1531160960022,1531160960017,2213010,0.00003140,316.00000000,0
1531160960022,1531160960017,2213011,0.00003141,1127.00000000,0
1531160961023,1531160961018,2213012,0.00003142,301.00000000,1
1531160969644,1531160969640,2213013,0.00003142,83.00000000,0
1531160971463,1531160971459,2213014,0.00003142,196.00000000,0
1531160972242,1531160972237,2213015,0.00003135,318.00000000,1
1531160972242,1531160972237,2213016,0.00003134,28.00000000,1
1531160989645,1531160989641,2213017,0.00003136,1139.00000000,1
1531160989645,1531160989641,2213018,0.00003135,1939.00000000,1
1531160989645,1531160989641,2213019,0.00003134,256.00000000,1
1531160993401,1531160993399,2213020,0.00003136,2975.00000000,0
1531160995333,1531160995328,2213021,0.00003132,3420.00000000,1
1531161001090,1531161001086,2213022,0.00003132,2147.00000000,1
1531161001090,1531161001086,2213023,0.00003130,255.00000000,1
1531161001090,1531161001086,2213024,0.00003121,2723.00000000,1
1531161001090,1531161001086,2213025,0.00003119,679.00000000,1
1531161001090,1531161001086,2213026,0.00003118,4208.00000000,1
1531161001809,1531161001807,2213027,0.00003135,34.00000000,0
1531161004028,1531161004024,2213028,0.00003131,1120.00000000,1
1531161004688,1531161004683,2213029,0.00003131,1120.00000000,1
1531161004688,1531161004683,2213030,0.00003129,318.00000000,1
1531161004688,1531161004683,2213031,0.00003118,11037.00000000,1
1531161004688,1531161004683,2213032,0.00003115,10430.00000000,1
1531161005573,1531161005569,2213033,0.00003134,1939.00000000,0
1531161006141,1531161006137,2213034,0.00003135,638.00000000,0
1531161007129,1531161007125,2213035,0.00003135,2.00000000,0
1531161007129,1531161007125,2213036,0.00003136,2.00000000,0
1531161007129,1531161007125,2213037,0.00003139,29.00000000,0
1531161008880,1531161008875,2213038,0.00003132,318.00000000,1
1531161011112,1531161011110,2213039,0.00003132,318.00000000,1
1531161012981,1531161012977,2213040,0.00003128,818.00000000,1
1531161014101,1531161014097,2213041,0.00003128,302.00000000,1
1531161015884,1531161015881,2213042,0.00003132,726.00000000,1
1531161017875,1531161017871,2213043,0.00003128,1120.00000000,1
1531161019026,1531161019022,2213044,0.00003129,1120.00000000,1
1531161021020,1531161021016,2213045,0.00003129,1120.00000000,1
1531161023028,1531161023024,2213046,0.00003129,1120.00000000,1
1531161024881,1531161024876,2213047,0.00003128,1120.00000000,1
1531161024985,1531161024980,2213048,0.00003137,44.00000000,0
1531161026022,1531161026021,2213049,0.00003129,1120.00000000,1
1531161036295,1531161036291,2213050,0.00003137,306.00000000,0
1531161036425,1531161036425,2213051,0.00003136,317.00000000,0
1531161038169,1531161038165,2213052,0.00003136,1.00000000,0
1531161038169,1531161038165,2213053,0.00003137,454.00000000,0
1531161050035,1531161050031,2213054,0.00003136,306.00000000,1
1531161050265,1531161050262,2213055,0.00003134,42.00000000,1
1531161054250,1531161054246,2213056,0.00003134,27.00000000,1
1531161055739,1531161055734,2213057,0.00003135,1941.00000000,1
1531161056018,1531161056013,2213058,0.00003135,2264.00000000,1
1531161056890,1531161056886,2213059,0.00003133,318.00000000,1
1531161059033,1531161059028,2213060,0.00003136,495.00000000,1
1531161063034,1531161063031,2213061,0.00003131,318.00000000,1
1531161070100,1531161070099,2213062,0.00003138,33.00000000,0
1531161072869,1531161072865,2213063,0.00003133,1139.00000000,1
1531161073328,1531161073325,2213064,0.00003135,1139.00000000,0
1531161073736,1531161073732,2213065,0.00003135,284.00000000,0
1531161073882,1531161073878,2213066,0.00003129,421.00000000,1
1531161074844,1531161074841,2213067,0.00003135,2547.00000000,0
1531161075007,1531161075002,2213068,0.00003134,317.00000000,0
1531161083880,1531161083876,2213069,0.00003129,1120.00000000,1
1531161084239,1531161084235,2213070,0.00003129,386.00000000,1
1531161089547,1531161089543,2213071,0.00003131,895.00000000,1
1531161095416,1531161095412,2213072,0.00003132,623.00000000,1
1531161098657,1531161098653,2213073,0.00003133,177.00000000,1
1531161099064,1531161099061,2213074,0.00003134,1.00000000,0
1531161100017,1531161100014,2213075,0.00003134,7416.00000000,1
1531161106082,1531161106079,2213076,0.00003135,259.00000000,1
1531161107547,1531161107546,2213077,0.00003135,129.00000000,1
1531161111986,1531161111983,2213078,0.00003139,106.00000000,0
1531161111986,1531161111983,2213079,0.00003140,869.00000000,0
1531161112821,1531161112816,2213080,0.00003140,2000.00000000,1
1531161113137,1531161113134,2213081,0.00003140,22249.00000000,1
1531161114196,1531161114192,2213082,0.00003142,228.00000000,0
1531161114196,1531161114192,2213083,0.00003143,349.00000000,0
1531161117773,1531161117770,2213084,0.00003141,976.00000000,1
1531161123435,1531161123431,2213085,0.00003141,1939.00000000,1
1531161123435,1531161123431,2213086,0.00003140,3533.00000000,1
1531161123456,1531161123453,2213087,0.00003140,13647.00000000,0
1531161133120,1531161133115,2213088,0.00003141,33.00000000,0
1531161147476,1531161147471,2213089,0.00003141,324.00000000,0
1531161148074,1531161148070,2213090,0.00003141,102.00000000,0
1531161156963,1531161156959,2213091,0.00003138,151.00000000,1
1531161183433,1531161183429,2213092,0.00003137,92.00000000,1
1531161191586,1531161191580,2213093,0.00003140,199.00000000,0
1531161191586,1531161191580,2213094,0.00003143,62.00000000,0
1531161191586,1531161191580,2213095,0.00003148,36.00000000,0
1531161195562,1531161195559,2213096,0.00003150,1149.00000000,1
1531161195573,1531161195569,2213097,0.00003150,1148.00000000,1
1531161195847,1531161195842,2213098,0.00003150,41.00000000,1
1531161196025,1531161196021,2213099,0.00003150,1284.00000000,1
1531161196079,1531161196074,2213100,0.00003153,33.00000000,0
1531161197026,1531161197022,2213101,0.00003147,317.00000000,1
1531161198040,1531161198037,2213102,0.00003146,265.00000000,1
1531161200036,1531161200032,2213103,0.00003138,1340.00000000,1
1531161202024,1531161202020,2213104,0.00003137,2697.00000000,1
1531161203032,1531161203028,2213105,0.00003136,265.00000000,1
1531161205112,1531161205109,2213106,0.00003135,120.00000000,1
1531161206325,1531161206320,2213107,0.00003142,357.00000000,0
1531161206325,1531161206320,2213108,0.00003143,4278.00000000,0
1531161209761,1531161209759,2213109,0.00003142,317.00000000,0
1531161213815,1531161213810,2213110,0.00003146,317.00000000,1
1531161213815,1531161213810,2213111,0.00003143,3913.00000000,1
1531161215199,1531161215195,2213112,0.00003144,120.00000000,1
1531161215552,1531161215547,2213113,0.00003144,197.00000000,1
1531161217048,1531161217044,2213114,0.00003143,1.00000000,1
1531161221854,1531161221836,2213115,0.00003142,317.00000000,0
1531161223472,1531161223467,2213116,0.00003143,204.00000000,0
1531161228989,1531161228985,2213117,0.00003142,141.00000000,1
1531161229879,1531161229877,2213118,0.00003142,18485.00000000,1
1531161232895,1531161232892,2213119,0.00003136,265.00000000,1
1531161234893,1531161234889,2213120,0.00003135,318.00000000,1
1531161235799,1531161235796,2213121,0.00003138,47.00000000,0
1531161245880,1531161245875,2213122,0.00003135,120.00000000,1
1531161261187,1531161261183,2213123,0.00003138,39.00000000,0
1531161265819,1531161265815,2213124,0.00003138,549.00000000,0
1531161272894,1531161272891,2213125,0.00003139,638.00000000,1
1531161273896,1531161273894,2213126,0.00003138,551.00000000,1
1531161277804,1531161277800,2213127,0.00003139,1119.00000000,0
1531161277873,1531161277869,2213128,0.00003132,318.00000000,1
1531161277907,1531161277903,2213129,0.00003139,91.00000000,0
1531161277936,1531161277931,2213130,0.00003139,323.00000000,0
1531161277947,1531161277945,2213131,0.00003139,91.00000000,0
1531161290086,1531161290082,2213132,0.00003138,33.00000000,0
1531161294127,1531161294124,2213133,0.00003138,151.00000000,0
1531161311024,1531161311021,2213134,0.00003137,440.00000000,0
1531161318074,1531161318070,2213135,0.00003135,180.00000000,0
1531161321177,1531161321174,2213136,0.00003135,909.00000000,0
1531161321180,1531161321175,2213137,0.00003135,911.00000000,0
1531161321182,1531161321179,2213138,0.00003135,909.00000000,0
1531161321186,1531161321182,2213139,0.00003135,615.00000000,0
1531161323047,1531161323043,2213140,0.00003137,340.00000000,0
1531161326876,1531161326873,2213141,0.00003138,865.00000000,0
1531161329045,1531161329043,2213142,0.00003138,59.00000000,0
1531161329095,1531161329090,2213143,0.00003140,827.00000000,0
1531161330886,1531161330882,2213144,0.00003140,3859.00000000,0
1531161332888,1531161332884,2213145,0.00003142,120.00000000,0
1531161334041,1531161334037,2213146,0.00003143,158.00000000,0
1531161344357,1531161344353,2213147,0.00003144,872.00000000,0
1531161353571,1531161353567,2213148,0.00003143,1319.00000000,0
1531161365574,1531161365570,2213149,0.00003144,41.00000000,0
1531161396229,1531161396224,2213150,0.00003144,52.00000000,0
1531161397689,1531161397686,2213151,0.00003138,67.00000000,0
1531161398171,1531161398168,2213152,0.00003138,1558.00000000,0
1531161409436,1531161409433,2213153,0.00003144,429.00000000,0
1531161431033,1531161431028,2213154,0.00003137,323.00000000,1
1531161431421,1531161431416,2213155,0.00003142,1239.00000000,0
1531161431421,1531161431416,2213156,0.00003144,625.00000000,0
1531161440581,1531161440577,2213157,0.00003142,101.00000000,1
1531161442885,1531161442882,2213158,0.00003142,1139.00000000,0
1531161443899,1531161443896,2213159,0.00003143,318.00000000,0
1531161449033,1531161449028,2213160,0.00003145,255.00000000,0
1531161450762,1531161450758,2213161,0.00003142,2050.00000000,1
1531161450762,1531161450758,2213162,0.00003141,1145.00000000,1
1531161450762,1531161450758,2213163,0.00003138,318.00000000,1
1531161450762,1531161450758,2213164,0.00003137,224.00000000,1
1531161450762,1531161450758,2213165,0.00003136,1570.00000000,1
1531161459898,1531161459893,2213166,0.00003139,317.00000000,1
1531161462893,1531161462888,2213167,0.00003135,120.00000000,1
1531161464108,1531161464103,2213168,0.00003136,50.00000000,0
1531161464108,1531161464103,2213169,0.00003141,317.00000000,0
1531161464108,1531161464103,2213170,0.00003144,583.00000000,0
1531161464897,1531161464893,2213171,0.00003144,133.00000000,1
1531161482397,1531161482392,2213172,0.00003137,400.00000000,1
1531161482397,1531161482392,2213173,0.00003136,350.00000000,1
1531161482397,1531161482392,2213174,0.00003132,266.00000000,1
1531161482397,1531161482392,2213175,0.00003130,977.00000000,1
1531161485690,1531161485686,2213176,0.00003136,101.00000000,0
1531161486893,1531161486890,2213177,0.00003138,745.00000000,1
1531161487023,1531161487020,2213178,0.00003142,52.00000000,0
1531161488513,1531161488509,2213179,0.00003134,154.00000000,1
1531161488995,1531161488993,2213180,0.00003134,112.00000000,1
1531161490671,1531161490669,2213181,0.00003137,195.00000000,0
1531161494894,1531161494889,2213182,0.00003130,2438.00000000,1
1531161499047,1531161499044,2213183,0.00003126,204.00000000,1
1531161501077,1531161501073,2213184,0.00003132,203.00000000,0
1531161501220,1531161501215,2213185,0.00003131,70.00000000,0
1531161501345,1531161501343,2213186,0.00003131,318.00000000,0
1531161501895,1531161501889,2213187,0.00003126,319.00000000,1
1531161502007,1531161502003,2213188,0.00003131,318.00000000,0
1531161504050,1531161504046,2213189,0.00003126,319.00000000,1
1531161505053,1531161505049,2213190,0.00003125,120.00000000,1
1531161506673,1531161506669,2213191,0.00003126,1.00000000,1
1531161509363,1531161509359,2213192,0.00003126,2877.00000000,1
1531161510224,1531161510220,2213193,0.00003130,666.00000000,0
1531161510982,1531161510977,2213194,0.00003125,2579.00000000,1
1531161512015,1531161512010,2213195,0.00003125,4593.00000000,1
1531161513923,1531161513919,2213196,0.00003125,872.00000000,1
1531161515056,1531161515053,2213197,0.00003130,749.00000000,0
1531161527742,1531161527737,2213198,0.00003130,1.00000000,0
1531161528708,1531161528705,2213199,0.00003131,1.00000000,0
1531161549762,1531161549758,2213200,0.00003135,638.00000000,0
1531161556059,1531161556053,2213201,0.00003135,181.00000000,1
1531161556215,1531161556209,2213202,0.00003135,362.00000000,1
1531161558617,1531161558613,2213203,0.00003135,413.00000000,1
1531161574473,1531161574469,2213204,0.00003135,64.00000000,0
1531161580609,1531161580605,2213205,0.00003133,520.00000000,0
1531161582627,1531161582621,2213206,0.00003133,260.00000000,0
1531161586712,1531161586709,2213207,0.00003135,833.00000000,0
1531161624905,1531161624901,2213208,0.00003135,150.00000000,1
1531161630827,1531161630823,2213209,0.00003135,17.00000000,1
1531161630863,1531161630860,2213210,0.00003135,165.00000000,0
1531161634323,1531161634318,2213211,0.00003129,318.00000000,1
1531161634323,1531161634318,2213212,0.00003128,1280.00000000,1
1531161634323,1531161634318,2213213,0.00003127,1905.00000000,1
1531161634429,1531161634425,2213214,0.00003134,317.00000000,0
1531161635992,1531161635988,2213215,0.00003130,1120.00000000,1
1531161636005,1531161636001,2213216,0.00003134,308.00000000,0
1531161637901,1531161637898,2213217,0.00003128,318.00000000,1
1531161638907,1531161638902,2213218,0.00003126,319.00000000,1
1531161639041,1531161639039,2213219,0.00003125,1.00000000,1
1531161640904,1531161640902,2213220,0.00003125,298.00000000,1
1531161641930,1531161641925,2213221,0.00003131,35.00000000,0
1531161642049,1531161642044,2213222,0.00003124,53.00000000,1
1531161652902,1531161652897,2213223,0.00003118,256.00000000,1
1531161657886,1531161657879,2213224,0.00003113,129.00000000,1
1531161657886,1531161657879,2213225,0.00003112,35.00000000,1
1531161657886,1531161657879,2213226,0.00003111,72.00000000,1
1531161657886,1531161657879,2213227,0.00003108,190.00000000,1
1531161657886,1531161657879,2213228,0.00003104,51.00000000,1
1531161657886,1531161657879,2213229,0.00003102,408.00000000,1
1531161657886,1531161657879,2213230,0.00003101,325.00000000,1
1531161657886,1531161657879,2213231,0.00003100,5059.00000000,1
1531161657886,1531161657879,2213232,0.00003097,371.00000000,1
1531161657886,1531161657879,2213233,0.00003094,1961.00000000,1
1531161657886,1531161657879,2213234,0.00003094,1531.00000000,1
1531161657910,1531161657908,2213235,0.00003099,67.00000000,0
1531161657910,1531161657908,2213236,0.00003100,1796.00000000,0
1531161657912,1531161657909,2213237,0.00003100,67.00000000,0
1531161658926,1531161658922,2213238,0.00003097,67.00000000,1
1531161658968,1531161658965,2213239,0.00003111,876.00000000,0
1531161659916,1531161659913,2213240,0.00003110,63.00000000,0
1531161659921,1531161659916,2213241,0.00003110,220.00000000,0
1531161659921,1531161659916,2213242,0.00003111,776.00000000,0
1531161659921,1531161659916,2213243,0.00003113,459.00000000,0
1531161659921,1531161659916,2213244,0.00003114,134.00000000,0
1531161659921,1531161659916,2213245,0.00003117,63.00000000,0
1531161660922,1531161660918,2213246,0.00003116,319.00000000,0
1531161661776,1531161661773,2213247,0.00003120,32.00000000,0
1531161662906,1531161662902,2213248,0.00003117,41.00000000,1
1531161667920,1531161667917,2213249,0.00003109,320.00000000,1
1531161670885,1531161670883,2213250,0.00003104,50.00000000,1
1531161670886,1531161670883,2213251,0.00003104,318.00000000,1
1531161670943,1531161670942,2213252,0.00003100,92.00000000,0
1531161670990,1531161670988,2213253,0.00003100,69.00000000,0
1531161671274,1531161671270,2213254,0.00003100,362.00000000,0
1531161671980,1531161671976,2213255,0.00003100,267.00000000,0
1531161672855,1531161672849,2213256,0.00003100,172.00000000,0
1531161674060,1531161674055,2213257,0.00003099,320.00000000,0
1531161674060,1531161674055,2213258,0.00003100,3961.00000000,0
1531161675589,1531161675586,2213259,0.00003093,165.00000000,1
1531161676081,1531161676077,2213260,0.00003093,565.00000000,1
1531161676707,1531161676703,2213261,0.00003093,100.00000000,0
1531161676933,1531161676930,2213262,0.00003093,2433.00000000,0
1531161677900,1531161677893,2213263,0.00003093,202.00000000,0
1531161678570,1531161678565,2213264,0.00003090,322.00000000,1
1531161678570,1531161678565,2213265,0.00003089,401.00000000,1
1531161679396,1531161679392,2213266,0.00003099,320.00000000,0
1531161679658,1531161679655,2213267,0.00003098,469.00000000,0
1531161680221,1531161680216,2213268,0.00003098,10.00000000,0
1531161680221,1531161680216,2213269,0.00003099,114.00000000,0
1531161680221,1531161680216,2213270,0.00003100,839.00000000,0
1531161680629,1531161680624,2213271,0.00003090,322.00000000,1
1531161680629,1531161680624,2213272,0.00003089,266.00000000,1
1531161680748,1531161680745,2213273,0.00003089,2801.00000000,0
1531161680969,1531161680967,2213274,0.00003099,322.00000000,0
1531161680969,1531161680967,2213275,0.00003100,178.00000000,0
1531161683192,1531161683187,2213276,0.00003100,1011.00000000,0
1531161684514,1531161684509,2213277,0.00003091,322.00000000,1
1531161684514,1531161684509,2213278,0.00003090,172.00000000,1
1531161684950,1531161684947,2213279,0.00003099,322.00000000,0
1531161686616,1531161686612,2213280,0.00003100,1736.00000000,0
1531161686994,1531161686989,2213281,0.00003100,3447.00000000,0
1531161687045,1531161687042,2213282,0.00003094,53.00000000,1
1531161688409,1531161688409,2213283,0.00003100,300.00000000,0
1531161688503,1531161688498,2213284,0.00003100,1464.00000000,0
1531161688951,1531161688948,2213285,0.00003104,268.00000000,0
1531161689376,1531161689373,2213286,0.00003105,293.00000000,1
1531161699036,1531161699031,2213287,0.00003114,1145.00000000,1
1531161699036,1531161699031,2213288,0.00003113,320.00000000,1
1531161699036,1531161699031,2213289,0.00003112,1652.00000000,1
1531161699036,1531161699031,2213290,0.00003106,268.00000000,1
1531161699036,1531161699031,2213291,0.00003100,4719.00000000,1
1531161699136,1531161699130,2213292,0.00003119,560.00000000,0
1531161700900,1531161700897,2213293,0.00003102,144.00000000,0
1531161700900,1531161700897,2213294,0.00003105,3050.00000000,0
1531161701898,1531161701892,2213295,0.00003105,144.00000000,0
1531161702190,1531161702186,2213296,0.00003102,206.00000000,1
1531161704929,1531161704924,2213297,0.00003108,320.00000000,0
1531161705903,1531161705899,2213298,0.00003109,130.00000000,0
1531161719330,1531161719328,2213299,0.00003116,2376.00000000,0
1531161720214,1531161720210,2213300,0.00003110,320.00000000,1
1531161720214,1531161720210,2213301,0.00003109,85.00000000,1
1531161720214,1531161720210,2213302,0.00003105,3825.00000000,1
1531161720214,1531161720210,2213303,0.00003103,976.00000000,1
1531161720214,1531161720210,2213304,0.00003102,2786.00000000,1
1531161720660,1531161720656,2213305,0.00003115,190.00000000,0
1531161733926,1531161733924,2213306,0.00003111,85.00000000,0
1531161736747,1531161736742,2213307,0.00003110,1148.00000000,1
1531161736747,1531161736742,2213308,0.00003104,321.00000000,1
1531161736747,1531161736742,2213309,0.00003102,2129.00000000,1
1531161738791,1531161738787,2213310,0.00003108,279.00000000,0
1531161740779,1531161740774,2213311,0.00003106,378.00000000,0
1531161740779,1531161740774,2213312,0.00003107,2543.00000000,0
1531161742773,1531161742767,2213313,0.00003096,322.00000000,1
1531161742773,1531161742767,2213314,0.00003090,3032.00000000,1
1531161742773,1531161742767,2213315,0.00003087,1345.00000000,1
1531161746116,1531161746111,2213316,0.00003097,322.00000000,0
1531161747108,1531161747103,2213317,0.00003097,1145.00000000,0
1531161748093,1531161748090,2213318,0.00003097,741.00000000,0
1531161753981,1531161753976,2213319,0.00003095,322.00000000,1
1531161754804,1531161754799,2213320,0.00003095,943.00000000,0
1531161756004,1531161755999,2213321,0.00003100,322.00000000,0
1531161757979,1531161757975,2213322,0.00003099,321.00000000,1
1531161757979,1531161757975,2213323,0.00003098,1374.00000000,1
1531161761904,1531161761900,2213324,0.00003104,971.00000000,0
1531161764013,1531161764008,2213325,0.00003103,321.00000000,1
1531161764013,1531161764008,2213326,0.00003100,8876.00000000,1
1531161764049,1531161764046,2213327,0.00003105,1298.00000000,0
1531161772145,1531161772143,2213328,0.00003103,1736.00000000,0
1531161773133,1531161773128,2213329,0.00003103,800.00000000,0
1531161773133,1531161773128,2213330,0.00003109,321.00000000,0
1531161773133,1531161773128,2213331,0.00003112,36.00000000,0
1531161773133,1531161773128,2213332,0.00003115,480.00000000,0
1531161773133,1531161773128,2213333,0.00003120,99.00000000,0
1531161798179,1531161798174,2213334,0.00003115,371.00000000,0
1531161798179,1531161798174,2213335,0.00003120,986.00000000,0
1531161798290,1531161798287,2213336,0.00003121,265.00000000,1
1531161798460,1531161798455,2213337,0.00003121,54.00000000,1
1531161798460,1531161798455,2213338,0.00003120,297.00000000,1
1531161829556,1531161829551,2213339,0.00003112,964.00000000,1
1531161829556,1531161829551,2213340,0.00003111,320.00000000,1
1531161829916,1531161829911,2213341,0.00003110,56.00000000,1
1531161839646,1531161839641,2213342,0.00003108,425.00000000,0
1531161839707,1531161839702,2213343,0.00003107,224.00000000,0
1531161840698,1531161840694,2213344,0.00003107,81.00000000,0
1531161841149,1531161841144,2213345,0.00003102,266.00000000,1
1531161841149,1531161841144,2213346,0.00003100,357.00000000,1
1531161841656,1531161841651,2213347,0.00003098,113.00000000,0
1531161842151,1531161842146,2213348,0.00003098,20.00000000,0
1531161842169,1531161842164,2213349,0.00003098,321.00000000,1
1531161842870,1531161842866,2213350,0.00003102,260.00000000,1
1531161842914,1531161842910,2213351,0.00003102,194.00000000,1
1531161843847,1531161843844,2213352,0.00003102,8.00000000,1
1531161843976,1531161843972,2213353,0.00003102,415.00000000,1
1531161844579,1531161844577,2213354,0.00003102,90.00000000,1
1531161846669,1531161846664,2213355,0.00003103,231.00000000,1
1531161847526,1531161847525,2213356,0.00003103,64.00000000,1
1531161847526,1531161847525,2213357,0.00003102,257.00000000,1
1531161848915,1531161848911,2213358,0.00003107,14.00000000,0
1531161848915,1531161848911,2213359,0.00003108,18.00000000,0
1531161851862,1531161851858,2213360,0.00003102,321.00000000,1
1531161860920,1531161860917,2213361,0.00003102,778.00000000,0
1531161861131,1531161861126,2213362,0.00003102,2245.00000000,1
1531161861856,1531161861852,2213363,0.00003102,73.00000000,1
1531161866117,1531161866114,2213364,0.00003102,34.00000000,1
1531161867943,1531161867939,2213365,0.00003107,84.00000000,0
1531161869654,1531161869650,2213366,0.00003107,236.00000000,0
1531161874595,1531161874591,2213367,0.00003107,57.00000000,1
1531161878147,1531161878142,2213368,0.00003108,460.00000000,1
1531161882102,1531161882097,2213369,0.00003111,104.00000000,0
1531161882102,1531161882097,2213370,0.00003112,282.00000000,0
1531161883868,1531161883864,2213371,0.00003113,266.00000000,1
1531161883915,1531161883914,2213372,0.00003115,37.00000000,0
1531161891311,1531161891307,2213373,0.00003118,1563.00000000,0
1531161891991,1531161891987,2213374,0.00003118,369.00000000,1
1531161893247,1531161893243,2213375,0.00003118,299.00000000,1
1531161901476,1531161901470,2213376,0.00003111,1563.00000000,1
1531161901476,1531161901470,2213377,0.00003108,50.00000000,1
1531161901476,1531161901470,2213378,0.00003107,1862.00000000,1
1531161901476,1531161901470,2213379,0.00003101,1222.00000000,1
1531161901924,1531161901920,2213380,0.00003101,7589.00000000,0
1531161911254,1531161911252,2213381,0.00003113,105.00000000,0
1531161913218,1531161913214,2213382,0.00003104,209.00000000,1
1531161913218,1531161913214,2213383,0.00003103,234.00000000,1
1531161919094,1531161919091,2213384,0.00003109,321.00000000,0
1531161920088,1531161920084,2213385,0.00003108,124.00000000,0
1531161920119,1531161920117,2213386,0.00003108,207.00000000,0
1531161938146,1531161938141,2213387,0.00003104,321.00000000,1
1531161940337,1531161940333,2213388,0.00003103,209.00000000,1
1531161941038,1531161941034,2213389,0.00003103,76.00000000,1
1531161952861,1531161952856,2213390,0.00003103,481.00000000,1
1531161958514,1531161958509,2213391,0.00003100,761.00000000,0
1531161966538,1531161966533,2213392,0.00003096,172.00000000,1
1531161966538,1531161966533,2213393,0.00003095,85.00000000,1
1531161966538,1531161966533,2213394,0.00003094,1283.00000000,1
1531161966538,1531161966533,2213395,0.00003087,3.00000000,1
1531161992557,1531161992553,2213396,0.00003087,127.00000000,1
1531162000480,1531162000476,2213397,0.00003087,1136.00000000,0
1531162001971,1531162001967,2213398,0.00003086,1.00000000,1
1531162003112,1531162003106,2213399,0.00003086,40.00000000,1
1531162003112,1531162003106,2213400,0.00003085,174.00000000,1
1531162007827,1531162007822,2213401,0.00003085,181.00000000,1
1531162008793,1531162008789,2213402,0.00003085,43.00000000,1
1531162017639,1531162017635,2213403,0.00003084,66.00000000,1
1531162019847,1531162019844,2213404,0.00003085,2780.00000000,0
1531162020951,1531162020946,2213405,0.00003092,319.00000000,0
1531162024090,1531162024084,2213406,0.00003088,583.00000000,1
1531162024090,1531162024084,2213407,0.00003087,2151.00000000,1
1531162024099,1531162024094,2213408,0.00003091,1136.00000000,0
1531162024246,1531162024240,2213409,0.00003087,500.00000000,1
1531162024294,1531162024291,2213410,0.00003087,747.00000000,1
1531162025396,1531162025395,2213411,0.00003086,1552.00000000,1
1531162025475,1531162025471,2213412,0.00003087,1987.00000000,0
1531162026070,1531162026066,2213413,0.00003086,34.00000000,1
1531162032631,1531162032625,2213414,0.00003088,50.00000000,1
1531162032631,1531162032625,2213415,0.00003085,664.00000000,1
1531162032631,1531162032625,2213416,0.00003084,15.00000000,1
1531162032631,1531162032625,2213417,0.00003080,1395.00000000,1
1531162037106,1531162037102,2213418,0.00003080,1442.00000000,1
1531162037106,1531162037102,2213419,0.00003079,1425.00000000,1
1531162037953,1531162037949,2213420,0.00003079,1597.00000000,0
1531162038104,1531162038100,2213421,0.00003077,163.00000000,1
1531162038104,1531162038100,2213422,0.00003073,1240.00000000,1
1531162038203,1531162038199,2213423,0.00003073,115.00000000,1
1531162038203,1531162038199,2213424,0.00003072,158.00000000,1
1531162039529,1531162039524,2213425,0.00003073,216.00000000,1
1531162039529,1531162039524,2213426,0.00003072,168.00000000,1
1531162044502,1531162044498,2213427,0.00003072,3902.00000000,1
1531162045577,1531162045571,2213428,0.00003072,5.00000000,0
1531162050156,1531162050151,2213429,0.00003072,2381.00000000,0
1531162050250,1531162050247,2213430,0.00003072,2994.00000000,0
1531162051195,1531162051190,2213431,0.00003071,104.00000000,1
1531162052634,1531162052631,2213432,0.00003071,430.00000000,1
1531162056642,1531162056637,2213433,0.00003072,174.00000000,1
1531162056642,1531162056637,2213434,0.00003071,2013.00000000,1
1531162057248,1531162057244,2213435,0.00003071,2622.00000000,1
1531162057291,1531162057289,2213436,0.00003071,83.00000000,0
1531162057950,1531162057946,2213437,0.00003071,4756.00000000,0
1531162061649,1531162061645,2213438,0.00003071,707.00000000,0
1531162061959,1531162061955,2213439,0.00003071,5290.00000000,0
1531162062950,1531162062949,2213440,0.00003076,102.00000000,0
1531162065960,1531162065956,2213441,0.00003078,321.00000000,0
1531162067969,1531162067965,2213442,0.00003078,322.00000000,0
1531162070958,1531162070953,2213443,0.00003079,132.00000000,0
1531162091438,1531162091433,2213444,0.00003088,1586.00000000,0
1531162091697,1531162091692,2213445,0.00003088,1286.00000000,0
1531162091723,1531162091720,2213446,0.00003088,8596.00000000,1
1531162091881,1531162091876,2213447,0.00003088,359.00000000,1
1531162091954,1531162091948,2213448,0.00003089,261.00000000,0
1531162091993,1531162091987,2213449,0.00003088,303.00000000,1
1531162092198,1531162092194,2213450,0.00003089,322.00000000,1
1531162092198,1531162092194,2213451,0.00003088,322.00000000,1
1531162092272,1531162092244,2213452,0.00003088,3379.00000000,1
1531162092920,1531162092915,2213453,0.00003088,100.00000000,1
1531162093336,1531162093330,2213454,0.00003088,452.00000000,1
1531162095167,1531162095162,2213455,0.00003088,348.00000000,1
1531162096416,1531162096412,2213456,0.00003088,271.00000000,1
1531162101272,1531162101268,2213457,0.00003089,1.00000000,0
1531162101307,1531162101305,2213458,0.00003089,321.00000000,1
1531162112246,1531162112241,2213459,0.00003096,4725.00000000,0
1531162112666,1531162112663,2213460,0.00003092,322.00000000,1
1531162115004,1531162115001,2213461,0.00003089,4228.00000000,1
1531162120069,1531162120067,2213462,0.00003082,34.00000000,1
1531162124562,1531162124557,2213463,0.00003081,1581.00000000,1
1531162126957,1531162126953,2213464,0.00003079,916.00000000,0
1531162127600,1531162127593,2213465,0.00003090,322.00000000,0
1531162127600,1531162127593,2213466,0.00003100,34.00000000,0
1531162127600,1531162127593,2213467,0.00003101,242.00000000,0
1531162127600,1531162127593,2213468,0.00003103,1107.00000000,0
1531162127600,1531162127593,2213469,0.00003104,76.00000000,0
1531162130187,1531162130182,2213470,0.00003089,322.00000000,1
1531162130187,1531162130182,2213471,0.00003088,326.00000000,1
1531162131155,1531162131151,2213472,0.00003084,206.00000000,1
1531162131155,1531162131151,2213473,0.00003083,214.00000000,1
1531162143954,1531162143949,2213474,0.00003086,56.00000000,1
1531162143954,1531162143949,2213475,0.00003090,36.00000000,0
1531162145947,1531162145942,2213476,0.00003091,322.00000000,0
1531162149958,1531162149953,2213477,0.00003092,326.00000000,0
1531162176637,1531162176632,2213478,0.00003094,32.00000000,0
1531162178845,1531162178838,2213479,0.00003094,496.00000000,0
1531162178845,1531162178838,2213480,0.00003098,214.00000000,0
1531162178845,1531162178838,2213481,0.00003099,4550.00000000,0
1531162178845,1531162178838,2213482,0.00003104,511.00000000,0
1531162178845,1531162178838,2213483,0.00003108,1402.00000000,0
1531162178845,1531162178838,2213484,0.00003109,708.00000000,0
1531162178845,1531162178838,2213485,0.00003110,131.00000000,0
1531162178845,1531162178838,2213486,0.00003112,934.00000000,0
1531162178845,1531162178838,2213487,0.00003113,934.00000000,0
1531162178845,1531162178838,2213488,0.00003114,1868.00000000,0
1531162178845,1531162178838,2213489,0.00003115,371.00000000,0
1531162178845,1531162178838,2213490,0.00003122,4416.00000000,0
1531162178845,1531162178838,2213491,0.00003123,1283.00000000,0
1531162178845,1531162178838,2213492,0.00003125,221.00000000,0
1531162178845,1531162178838,2213493,0.00003127,136.00000000,0
1531162178845,1531162178838,2213494,0.00003129,925.00000000,0
1531162179656,1531162179652,2213495,0.00003105,319.00000000,1
1531162179967,1531162179963,2213496,0.00003105,320.00000000,1
1531162179967,1531162179963,2213497,0.00003104,51.00000000,1
1531162180226,1531162180223,2213498,0.00003099,63.00000000,0
1531162180263,1531162180259,2213499,0.00003107,581.00000000,1
1531162181967,1531162181961,2213500,0.00003106,205.00000000,1
1531162182333,1531162182328,2213501,0.00003104,319.00000000,0
1531162182691,1531162182687,2213502,0.00003105,320.00000000,1
1531162182691,1531162182687,2213503,0.00003104,35.00000000,1
1531162186010,1531162186006,2213504,0.00003096,216.00000000,1
1531162186074,1531162186074,2213505,0.00003096,536.00000000,1
1531162187135,1531162187132,2213506,0.00003096,359.00000000,1
1531162192066,1531162192064,2213507,0.00003098,2668.00000000,1
1531162192066,1531162192064,2213508,0.00003097,190.00000000,1
1531162192234,1531162192228,2213509,0.00003097,500.00000000,1
1531162192507,1531162192502,2213510,0.00003097,891.00000000,1
1531162192699,1531162192695,2213511,0.00003091,891.00000000,1
1531162193030,1531162193027,2213512,0.00003092,153.00000000,1
1531162193030,1531162193027,2213513,0.00003091,491.00000000,1
1531162193564,1531162193559,2213514,0.00003097,12.00000000,0
1531162193593,1531162193589,2213515,0.00003097,33.00000000,0
1531162196346,1531162196341,2213516,0.00003091,230.00000000,1
1531162196346,1531162196341,2213517,0.00003088,686.00000000,1
1531162196346,1531162196341,2213518,0.00003085,33.00000000,1
1531162196346,1531162196341,2213519,0.00003084,500.00000000,1
1531162199078,1531162199074,2213520,0.00003082,1365.00000000,0
1531162201987,1531162201967,2213521,0.00003082,1456.00000000,0
1531162204291,1531162204285,2213522,0.00003080,263.00000000,1
1531162204291,1531162204285,2213523,0.00003079,401.00000000,1
1531162204291,1531162204285,2213524,0.00003076,1458.00000000,1
1531162204291,1531162204285,2213525,0.00003072,543.00000000,1
1531162204291,1531162204285,2213526,0.00003071,4187.00000000,1
1531162204291,1531162204285,2213527,0.00003070,162.00000000,1
1531162204291,1531162204285,2213528,0.00003069,821.00000000,1
1531162215852,1531162215847,2213529,0.00003073,33.00000000,1
1531162215887,1531162215881,2213530,0.00003072,2082.00000000,0
1531162216016,1531162216011,2213531,0.00003072,98.00000000,0
1531162216414,1531162216410,2213532,0.00003072,7988.00000000,0
1531162216512,1531162216509,2213533,0.00003072,14984.00000000,0
1531162217362,1531162217359,2213534,0.00003070,500.00000000,1
1531162217949,1531162217944,2213535,0.00003076,56.00000000,0
1531162218716,1531162218711,2213536,0.00003077,320.00000000,0
1531162218962,1531162218958,2213537,0.00003080,543.00000000,0
1531162225019,1531162225014,2213538,0.00003082,323.00000000,1
1531162225019,1531162225014,2213539,0.00003081,798.00000000,1
1531162225900,1531162225895,2213540,0.00003079,798.00000000,0
1531162225900,1531162225895,2213541,0.00003080,325.00000000,0
1531162227952,1531162227946,2213542,0.00003080,1561.00000000,0
1531162237671,1531162237667,2213543,0.00003083,41.00000000,1
1531162239316,1531162239310,2213544,0.00003084,6377.00000000,1
1531162239316,1531162239310,2213545,0.00003082,1367.00000000,1
1531162248632,1531162248627,2213546,0.00003083,132.00000000,1
1531162260963,1531162260958,2213547,0.00003088,1078.00000000,0
1531162272821,1531162272817,2213548,0.00003086,4664.00000000,0
1531162273950,1531162273948,2213549,0.00003086,500.00000000,1
1531162274607,1531162274603,2213550,0.00003086,538.00000000,1
1531162275048,1531162275043,2213551,0.00003086,581.00000000,1
1531162281955,1531162281950,2213552,0.00003086,399.00000000,1
1531162284271,1531162284266,2213553,0.00003085,33.00000000,1
1531162284989,1531162284985,2213554,0.00003082,185.00000000,0
1531162289969,1531162289965,2213555,0.00003079,190.00000000,0
1531162296647,1531162296643,2213556,0.00003080,447.00000000,0
1531162302579,1531162302575,2213557,0.00003082,1581.00000000,1
1531162302579,1531162302575,2213558,0.00003081,159.00000000,1
1531162302605,1531162302604,2213559,0.00003081,854.00000000,1
1531162305458,1531162305452,2213560,0.00003083,94.00000000,0
1531162306349,1531162306343,2213561,0.00003082,671.00000000,1
1531162310350,1531162310347,2213562,0.00003080,1581.00000000,1
1531162313355,1531162313352,2213563,0.00003080,963.00000000,1
1531162317822,1531162317817,2213564,0.00003080,111.00000000,0
1531162317822,1531162317817,2213565,0.00003081,1502.00000000,0
1531162319302,1531162319298,2213566,0.00003081,2081.00000000,1
1531162319702,1531162319696,2213567,0.00003081,1203.00000000,1
1531162322279,1531162322274,2213568,0.00003081,97.00000000,1
1531162323544,1531162323542,2213569,0.00003081,4154.00000000,1
1531162325918,1531162325912,2213570,0.00003083,259.00000000,0
1531162326027,1531162326023,2213571,0.00003083,61.00000000,0
1531162329405,1531162329401,2213572,0.00003087,225.00000000,0
1531162351785,1531162351780,2213573,0.00003088,3083.00000000,1
1531162351785,1531162351780,2213574,0.00003087,323.00000000,1
1531162351785,1531162351780,2213575,0.00003083,507.00000000,1
1531162351785,1531162351780,2213576,0.00003082,5226.00000000,1
1531162359697,1531162359694,2213577,0.00003083,324.00000000,1
1531162376633,1531162376628,2213578,0.00003076,12.00000000,1
1531162387281,1531162387276,2213579,0.00003080,3015.00000000,0
1531162387281,1531162387276,2213580,0.00003081,46.00000000,0
1531162387281,1531162387276,2213581,0.00003083,323.00000000,0
1531162388097,1531162388092,2213582,0.00003088,323.00000000,0
1531162388097,1531162388092,2213583,0.00003089,278.00000000,0
1531162400137,1531162400133,2213584,0.00003087,591.00000000,0
1531162400137,1531162400133,2213585,0.00003089,852.00000000,0
1531162400137,1531162400133,2213586,0.00003097,96.00000000,0
1531162400137,1531162400133,2213587,0.00003105,550.00000000,0
1531162400265,1531162400260,2213588,0.00003099,431.00000000,1
1531162400283,1531162400279,2213589,0.00003081,323.00000000,1
1531162400283,1531162400279,2213590,0.00003076,108.00000000,1
1531162404167,1531162404162,2213591,0.00003091,204.00000000,1
1531162404167,1531162404162,2213592,0.00003090,167.00000000,1
1531162411118,1531162411113,2213593,0.00003090,155.00000000,1
1531162411118,1531162411113,2213594,0.00003076,110.00000000,1
1531162411984,1531162411982,2213595,0.00003076,63.00000000,0
1531162416412,1531162416406,2213596,0.00003076,35.00000000,0
1531162421795,1531162421790,2213597,0.00003076,259.00000000,0
1531162422394,1531162422392,2213598,0.00003076,97.00000000,1
1531162424534,1531162424529,2213599,0.00003089,254.00000000,0
1531162425773,1531162425769,2213600,0.00003079,67.00000000,1
1531162427602,1531162427596,2213601,0.00003079,8.00000000,1
1531162434348,1531162434344,2213602,0.00003077,3000.00000000,1
1531162441151,1531162441146,2213603,0.00003076,143.00000000,1
1531162450460,1531162450456,2213604,0.00003082,968.00000000,0
1531162455577,1531162455572,2213605,0.00003079,904.00000000,1
1531162466991,1531162466986,2213606,0.00003078,3015.00000000,1
1531162466991,1531162466986,2213607,0.00003077,6249.00000000,1
1531162467008,1531162467005,2213608,0.00003077,326.00000000,1
1531162467011,1531162467007,2213609,0.00003077,34.00000000,1
1531162467026,1531162467023,2213610,0.00003077,856.00000000,1
1531162467060,1531162467055,2213611,0.00003077,403.00000000,1
1531162467543,1531162467538,2213612,0.00003077,159.00000000,1
1531162484626,1531162484621,2213613,0.00003079,1055.00000000,0
1531162501234,1531162501229,2213614,0.00003077,6.00000000,1
1531162511935,1531162511929,2213615,0.00003079,492.00000000,0
1531162524685,1531162524680,2213616,0.00003079,211.00000000,0
1531162530532,1531162530527,2213617,0.00003080,630.00000000,0
1531162530532,1531162530527,2213618,0.00003082,1056.00000000,0
1531162543893,1531162543888,2213619,0.00003079,356.00000000,1
1531162549420,1531162549412,2213620,0.00003079,32.00000000,1
1531162552518,1531162552513,2213621,0.00003083,104.00000000,0
1531162559210,1531162559207,2213622,0.00003083,1403.00000000,0
1531162559392,1531162559386,2213623,0.00003079,776.00000000,1
1531162578238,1531162578233,2213624,0.00003085,270.00000000,0
1531162578238,1531162578233,2213625,0.00003088,211.00000000,0
1531162578238,1531162578233,2213626,0.00003089,172.00000000,0
1531162578238,1531162578233,2213627,0.00003094,6377.00000000,0
1531162578238,1531162578233,2213628,0.00003095,808.00000000,0
1531162600017,1531162600012,2213629,0.00003086,323.00000000,1
1531162600017,1531162600012,2213630,0.00003082,270.00000000,1
1531162600017,1531162600012,2213631,0.00003081,3256.00000000,1
1531162600017,1531162600012,2213632,0.00003080,4176.00000000,1
1531162608558,1531162608552,2213633,0.00003086,322.00000000,0
1531162608558,1531162608552,2213634,0.00003087,4950.00000000,0
1531162619395,1531162619390,2213635,0.00003080,323.00000000,1
1531162622796,1531162622794,2213636,0.00003079,2516.00000000,1
1531162626110,1531162626106,2213637,0.00003078,6502.00000000,1
1531162656134,1531162656130,2213638,0.00003079,853.00000000,0
1531162657458,1531162657453,2213639,0.00003079,288.00000000,1
1531162660339,1531162660333,2213640,0.00003079,2075.00000000,0
1531162661110,1531162661105,2213641,0.00003080,33.00000000,0
1531162661110,1531162661105,2213642,0.00003084,568.00000000,0
1531162685417,1531162685412,2213643,0.00003083,67.00000000,0
1531162695025,1531162695020,2213644,0.00003079,354.00000000,1
1531162709947,1531162709942,2213645,0.00003083,256.00000000,0
1531162710062,1531162710057,2213646,0.00003083,1793.00000000,1
1531162716137,1531162716133,2213647,0.00003085,47.00000000,0
1531162730991,1531162730987,2213648,0.00003084,323.00000000,1
1531162734319,1531162734317,2213649,0.00003083,428.00000000,1
1531162749671,1531162749667,2213650,0.00003083,2931.00000000,0
1531162749671,1531162749667,2213651,0.00003084,516.00000000,0
1531162767742,1531162767737,2213652,0.00003079,167.00000000,1
1531162769986,1531162769979,2213653,0.00003079,159.00000000,1
1531162769986,1531162769979,2213654,0.00003077,270.00000000,1
1531162769986,1531162769979,2213655,0.00003075,926.00000000,1
1531162769986,1531162769979,2213656,0.00003070,48.00000000,1
1531162769986,1531162769979,2213657,0.00003069,5695.00000000,1
1531162769986,1531162769979,2213658,0.00003066,620.00000000,1
1531162769986,1531162769979,2213659,0.00003065,2282.00000000,1
1531162769986,1531162769979,2213660,0.00003065,1008.00000000,1
1531162770000,1531162769994,2213661,0.00003065,252.00000000,0
1531162770012,1531162770008,2213662,0.00003065,252.00000000,0
1531162770016,1531162770011,2213663,0.00003065,252.00000000,0
1531162770032,1531162770027,2213664,0.00003065,252.00000000,0
1531162770172,1531162770167,2213665,0.00003065,1944.00000000,0
1531162770545,1531162770542,2213666,0.00003069,271.00000000,0
1531162770654,1531162770649,2213667,0.00003068,282.00000000,0
1531162770662,1531162770658,2213668,0.00003068,41.00000000,0
1531162772481,1531162772474,2213669,0.00003071,324.00000000,1
1531162772481,1531162772474,2213670,0.00003070,204.00000000,1
1531162772481,1531162772474,2213671,0.00003068,553.00000000,1
1531162772792,1531162772786,2213672,0.00003067,462.00000000,0
1531162773164,1531162773162,2213673,0.00003067,191.00000000,0
1531162774059,1531162774055,2213674,0.00003062,638.00000000,1
1531162774060,1531162774055,2213675,0.00003062,133.00000000,1
1531162774189,1531162774185,2213676,0.00003064,428.00000000,0
1531162775871,1531162775867,2213677,0.00003063,325.00000000,1
1531162775871,1531162775867,2213678,0.00003062,322.00000000,1
1531162777538,1531162777532,2213679,0.00003063,1448.00000000,1
1531162777538,1531162777532,2213680,0.00003062,1483.00000000,1
1531162777832,1531162777829,2213681,0.00003062,282.00000000,0
1531162778031,1531162778026,2213682,0.00003062,106.00000000,0
1531162778218,1531162778212,2213683,0.00003062,329.00000000,0
1531162778623,1531162778617,2213684,0.00003061,132.00000000,1
1531162778623,1531162778617,2213685,0.00003058,272.00000000,1
1531162778623,1531162778617,2213686,0.00003056,173.00000000,1
1531162778623,1531162778617,2213687,0.00003056,1494.00000000,1
1531162779827,1531162779823,2213688,0.00003062,100.00000000,0
1531162781750,1531162781746,2213689,0.00003056,1203.00000000,1
1531162782464,1531162782459,2213690,0.00003056,153.00000000,1
1531162782490,1531162782486,2213691,0.00003056,221.00000000,1
1531162785615,1531162785610,2213692,0.00003056,2000.00000000,1
1531162786077,1531162786073,2213693,0.00003056,85.00000000,1
1531162787020,1531162787014,2213694,0.00003056,129.00000000,0
1531162787521,1531162787516,2213695,0.00003055,77.00000000,1
1531162787521,1531162787516,2213696,0.00003052,1543.00000000,1
1531162787521,1531162787516,2213697,0.00003052,1358.00000000,1
1531162787869,1531162787864,2213698,0.00003052,28162.00000000,1
1531162790115,1531162790110,2213699,0.00003052,121.00000000,1
1531162790994,1531162790989,2213700,0.00003054,37.00000000,0
1531162791090,1531162791085,2213701,0.00003052,1548.00000000,1
1531162792128,1531162792122,2213702,0.00003052,100.00000000,0
1531162792403,1531162792397,2213703,0.00003051,167.00000000,1
1531162793295,1531162793290,2213704,0.00003051,387.00000000,1
1531162793523,1531162793517,2213705,0.00003051,6001.00000000,1
1531162794384,1531162794380,2213706,0.00003050,283.00000000,0
1531162794922,1531162794916,2213707,0.00003045,273.00000000,1
1531162794922,1531162794916,2213708,0.00003044,73.00000000,1
1531162794922,1531162794916,2213709,0.00003043,653.00000000,1
1531162795632,1531162795626,2213710,0.00003049,125.00000000,0
1531162795721,1531162795715,2213711,0.00003046,100.00000000,1
1531162795721,1531162795715,2213712,0.00003043,90.00000000,1
1531162799255,1531162799248,2213713,0.00003044,56.00000000,0
1531162799906,1531162799904,2213714,0.00003049,118.00000000,0
1531162800433,1531162800429,2213715,0.00003049,81.00000000,0
1531162801722,1531162801716,2213716,0.00003050,202.00000000,1
1531162801722,1531162801716,2213717,0.00003044,248.00000000,1
1531162802668,1531162802665,2213718,0.00003053,61.00000000,0
1531162804466,1531162804462,2213719,0.00003049,100.00000000,1
1531162804466,1531162804462,2213720,0.00003045,1312.00000000,1
1531162805026,1531162805021,2213721,0.00003044,172.00000000,0
1531162814320,1531162814315,2213722,0.00003045,339.00000000,1
1531162814320,1531162814315,2213723,0.00003043,965.00000000,1
1531162816260,1531162816258,2213724,0.00003043,301.00000000,0
1531162817038,1531162817034,2213725,0.00003043,51.00000000,0
1531162817306,1531162817301,2213726,0.00003041,80.00000000,1
1531162817471,1531162817466,2213727,0.00003043,103.00000000,0
1531162817760,1531162817755,2213728,0.00003040,51.00000000,1
1531162819173,1531162819170,2213729,0.00003040,3.00000000,1
1531162819825,1531162819821,2213730,0.00003040,931.00000000,1
1531162825873,1531162825868,2213731,0.00003039,151.00000000,1
1531162825873,1531162825868,2213732,0.00003033,494.00000000,1
1531162827213,1531162827207,2213733,0.00003039,437.00000000,0
1531162827213,1531162827207,2213734,0.00003040,3.00000000,0
1531162831998,1531162831994,2213735,0.00003040,2560.00000000,1
1531162831998,1531162831994,2213736,0.00003033,6459.00000000,1
1531162832590,1531162832587,2213737,0.00003042,33.00000000,0
1531162835216,1531162835212,2213738,0.00003040,427.00000000,0
1531162835216,1531162835212,2213739,0.00003041,2464.00000000,0
1531162835670,1531162835665,2213740,0.00003041,19.00000000,0
1531162840203,1531162840198,2213741,0.00003040,318.00000000,0
1531162847201,1531162847195,2213742,0.00003040,961.00000000,0
1531162847231,1531162847226,2213743,0.00003040,311.00000000,1
1531162848172,1531162848165,2213744,0.00003038,108.00000000,0
1531162851688,1531162851683,2213745,0.00003038,203.00000000,0
1531162855336,1531162855330,2213746,0.00003043,2195.00000000,0
1531162863562,1531162863557,2213747,0.00003043,759.00000000,0
1531162863607,1531162863602,2213748,0.00003043,2278.00000000,1
1531162867544,1531162867539,2213749,0.00003047,223.00000000,0
1531162870618,1531162870613,2213750,0.00003047,39.00000000,0
1531162874253,1531162874250,2213751,0.00003043,48.00000000,1
1531162879049,1531162879044,2213752,0.00003046,474.00000000,0
1531162883589,1531162883585,2213753,0.00003043,315.00000000,1
1531162883978,1531162883972,2213754,0.00003043,266.00000000,0
1531162883978,1531162883972,2213755,0.00003045,1448.00000000,0
1531162898423,1531162898418,2213756,0.00003038,145.00000000,1
1531162899392,1531162899387,2213757,0.00003038,40.00000000,1
1531162902040,1531162902036,2213758,0.00003038,143.00000000,1
1531162905477,1531162905473,2213759,0.00003037,1652.00000000,1
1531162905531,1531162905525,2213760,0.00003038,49.00000000,0
1531162928755,1531162928749,2213761,0.00003035,1314.00000000,1
1531162934722,1531162934717,2213762,0.00003035,35.00000000,1
1531162934742,1531162934738,2213763,0.00003035,857.00000000,1
1531162937497,1531162937491,2213764,0.00003034,123.00000000,1
1531162939735,1531162939730,2213765,0.00003034,119.00000000,1
1531162953027,1531162953022,2213766,0.00003034,999.00000000,0
1531162970160,1531162970154,2213767,0.00003033,464.00000000,1
1531162971940,1531162971935,2213768,0.00003034,42.00000000,0
1531162979521,1531162979516,2213769,0.00003034,2173.00000000,0
1531162979606,1531162979602,2213770,0.00003034,87.00000000,0
1531162981348,1531162981343,2213771,0.00003033,269.00000000,1
1531162982852,1531162982847,2213772,0.00003034,9744.00000000,0
1531162985239,1531162985234,2213773,0.00003033,1611.00000000,1
1531162988406,1531162988402,2213774,0.00003033,1340.00000000,1
1531162990019,1531162990014,2213775,0.00003033,6477.00000000,1
1531162992750,1531162992730,2213776,0.00003033,188.00000000,0
1531163007378,1531163007373,2213777,0.00003033,4617.00000000,0
1531163012564,1531163012558,2213778,0.00003032,165.00000000,1
1531163013056,1531163013051,2213779,0.00003032,44.00000000,0
1531163019287,1531163019280,2213780,0.00003031,1082.00000000,1
1531163022011,1531163022005,2213781,0.00003033,329.00000000,0
1531163050373,1531163050368,2213782,0.00003031,1284.00000000,1
1531163050373,1531163050368,2213783,0.00003030,1114.00000000,1
1531163050375,1531163050368,2213784,0.00003030,1906.00000000,1
1531163050375,1531163050368,2213785,0.00003028,34.00000000,1
1531163050375,1531163050368,2213786,0.00003027,2069.00000000,1
1531163050375,1531163050368,2213787,0.00003025,327.00000000,1
1531163050375,1531163050368,2213788,0.00003024,5773.00000000,1
1531163050375,1531163050368,2213789,0.00003023,42.00000000,1
1531163050375,1531163050368,2213790,0.00003022,668.00000000,1
1531163050375,1531163050368,2213791,0.00003020,2175.00000000,1
1531163057156,1531163057153,2213792,0.00003030,145.00000000,0
1531163057156,1531163057153,2213793,0.00003031,711.00000000,0
1531163057521,1531163057518,2213794,0.00003023,329.00000000,1
1531163057521,1531163057518,2213795,0.00003020,1948.00000000,1
1531163057521,1531163057518,2213796,0.00003018,7377.00000000,1
1531163060175,1531163060170,2213797,0.00003020,406.00000000,0
1531163065068,1531163065063,2213798,0.00003019,231.00000000,1
1531163065068,1531163065063,2213799,0.00003018,9226.00000000,1
1531163066386,1531163066382,2213800,0.00003018,758.00000000,1
1531163067172,1531163067167,2213801,0.00003024,183.00000000,0
1531163068171,1531163068165,2213802,0.00003024,329.00000000,0
1531163071661,1531163071658,2213803,0.00003024,488.00000000,0
1531163071794,1531163071788,2213804,0.00003024,488.00000000,0
1531163072029,1531163072024,2213805,0.00003024,472.00000000,0
1531163074381,1531163074376,2213806,0.00003019,1013.00000000,1
1531163074381,1531163074376,2213807,0.00003018,2287.00000000,1
1531163075478,1531163075473,2213808,0.00003025,316.00000000,0
1531163075973,1531163075971,2213809,0.00003025,330.00000000,0
1531163077487,1531163077481,2213810,0.00003019,330.00000000,1
1531163077487,1531163077481,2213811,0.00003018,601.00000000,1
1531163077679,1531163077675,2213812,0.00003024,330.00000000,0
1531163078065,1531163078062,2213813,0.00003024,85.00000000,0
1531163080145,1531163080139,2213814,0.00003019,170.00000000,1
1531163088531,1531163088525,2213815,0.00003019,4.00000000,1
1531163092901,1531163092896,2213816,0.00003019,2533.00000000,1
1531163092901,1531163092896,2213817,0.00003018,2595.00000000,1
1531163103499,1531163103494,2213818,0.00003018,47.00000000,1
1531163106888,1531163106883,2213819,0.00003018,352.00000000,1
1531163114136,1531163114131,2213820,0.00003019,1317.00000000,1
1531163120135,1531163120130,2213821,0.00003019,35.00000000,1
1531163122041,1531163122036,2213822,0.00003019,384.00000000,1
1531163128188,1531163128182,2213823,0.00003021,231.00000000,0
1531163128218,1531163128212,2213824,0.00003022,315.00000000,0
1531163137188,1531163137183,2213825,0.00003022,385.00000000,0
1531163141058,1531163141053,2213826,0.00003024,245.00000000,0
1531163141058,1531163141053,2213827,0.00003025,211.00000000,0
1531163143454,1531163143448,2213828,0.00003027,329.00000000,1
1531163143454,1531163143448,2213829,0.00003020,19.00000000,1
1531163154839,1531163154835,2213830,0.00003028,378.00000000,1
1531163154862,1531163154859,2213831,0.00003028,323.00000000,1
1531163164844,1531163164839,2213832,0.00003027,196.00000000,0
1531163166751,1531163166746,2213833,0.00003030,38.00000000,0
1531163169247,1531163169241,2213834,0.00003037,40.00000000,0
1531163174768,1531163174763,2213835,0.00003030,111.00000000,1
1531163175077,1531163175071,2213836,0.00003030,1735.00000000,1
1531163178806,1531163178800,2213837,0.00003037,290.00000000,0
1531163178806,1531163178800,2213838,0.00003038,1209.00000000,0
1531163178846,1531163178840,2213839,0.00003038,56.00000000,1
1531163178941,1531163178938,2213840,0.00003038,31.00000000,1
1531163180953,1531163180948,2213841,0.00003037,87.00000000,0
1531163180953,1531163180948,2213842,0.00003039,67.00000000,0
1531163183644,1531163183638,2213843,0.00003039,51.00000000,0
1531163184015,1531163184010,2213844,0.00003039,194.00000000,0
1531163185623,1531163185618,2213845,0.00003039,17.00000000,0
1531163185640,1531163185635,2213846,0.00003039,448.00000000,1
1531163185657,1531163185650,2213847,0.00003033,328.00000000,1
1531163185657,1531163185650,2213848,0.00003030,120.00000000,1
1531163192988,1531163192983,2213849,0.00003033,35.00000000,1
1531163201576,1531163201570,2213850,0.00003033,5.00000000,1
1531163202230,1531163202224,2213851,0.00003037,171.00000000,0
1531163202230,1531163202224,2213852,0.00003038,70.00000000,0
1531163205466,1531163205462,2213853,0.00003034,2322.00000000,1
1531163210583,1531163210579,2213854,0.00003033,130.00000000,1
1531163215923,1531163215918,2213855,0.00003033,21.00000000,1
1531163240467,1531163240462,2213856,0.00003038,258.00000000,0
1531163245267,1531163245260,2213857,0.00003038,324.00000000,1
1531163247053,1531163247049,2213858,0.00003036,50.00000000,1
1531163247646,1531163247640,2213859,0.00003037,2744.00000000,0
1531163247646,1531163247640,2213860,0.00003038,1212.00000000,0
1531163250810,1531163250804,2213861,0.00003038,8825.00000000,0
1531163253812,1531163253807,2213862,0.00003038,169.00000000,0
1531163254367,1531163254362,2213863,0.00003037,4876.00000000,1
1531163255584,1531163255578,2213864,0.00003038,500.00000000,0
1531163256289,1531163256284,2213865,0.00003038,1130.00000000,0
1531163258402,1531163258397,2213866,0.00003038,2147.00000000,0
1531163259842,1531163259835,2213867,0.00003040,329.00000000,0
1531163269070,1531163269064,2213868,0.00003040,60.00000000,1
1531163275030,1531163275024,2213869,0.00003045,56.00000000,0
1531163276468,1531163276463,2213870,0.00003045,149.00000000,0
1531163278557,1531163278552,2213871,0.00003045,37.00000000,0
1531163280287,1531163280280,2213872,0.00003045,2993.00000000,0
1531163280287,1531163280280,2213873,0.00003049,393.00000000,0
1531163280287,1531163280280,2213874,0.00003050,198.00000000,0
1531163280287,1531163280280,2213875,0.00003056,2050.00000000,0
1531163280287,1531163280280,2213876,0.00003064,66.00000000,0
1531163280962,1531163280954,2213877,0.00003051,1963.00000000,1
1531163280998,1531163280993,2213878,0.00003044,658.00000000,1
1531163280999,1531163280993,2213879,0.00003042,326.00000000,1
1531163280999,1531163280993,2213880,0.00003041,979.00000000,1
1531163281122,1531163281117,2213881,0.00003046,35.00000000,1
1531163282720,1531163282714,2213882,0.00003047,2970.00000000,1
1531163282720,1531163282714,2213883,0.00003046,753.00000000,1
1531163282720,1531163282714,2213884,0.00003043,1314.00000000,1
1531163282720,1531163282714,2213885,0.00003042,25.00000000,1
1531163287985,1531163287981,2213886,0.00003044,658.00000000,1
1531163289430,1531163289425,2213887,0.00003044,319.00000000,1
1531163290191,1531163290186,2213888,0.00003044,330.00000000,1
1531163292096,1531163292089,2213889,0.00003044,394.00000000,1
1531163296270,1531163296263,2213890,0.00003044,500.00000000,1
1531163298110,1531163298107,2213891,0.00003044,1.00000000,1
1531163307730,1531163307725,2213892,0.00003039,394.00000000,0
1531163328654,1531163328649,2213893,0.00003039,197.00000000,1
1531163358267,1531163358264,2213894,0.00003045,924.00000000,0
1531163358294,1531163358288,2213895,0.00003045,264.00000000,0
1531163358294,1531163358288,2213896,0.00003046,326.00000000,0
1531163358294,1531163358288,2213897,0.00003056,3367.00000000,0
1531163358294,1531163358288,2213898,0.00003058,437.00000000,0
1531163362124,1531163362120,2213899,0.00003054,100.00000000,1
1531163363104,1531163363099,2213900,0.00003054,34.00000000,1
1531163364298,1531163364290,2213901,0.00003054,204.00000000,1
1531163364576,1531163364572,2213902,0.00003054,326.00000000,0
1531163364576,1531163364572,2213903,0.00003055,43.00000000,0
1531163372930,1531163372924,2213904,0.00003048,100.00000000,0
1531163377334,1531163377328,2213905,0.00003050,429.00000000,1
1531163379156,1531163379151,2213906,0.00003050,100.00000000,1
1531163382188,1531163382183,2213907,0.00003051,100.00000000,1
1531163384568,1531163384562,2213908,0.00003051,831.00000000,1
1531163384891,1531163384884,2213909,0.00003051,371.00000000,1
1531163385509,1531163385503,2213910,0.00003052,35.00000000,1
1531163386078,1531163386073,2213911,0.00003055,193.00000000,0
1531163386181,1531163386176,2213912,0.00003052,135.00000000,1
1531163386279,1531163386273,2213913,0.00003052,100.00000000,1
1531163390040,1531163390034,2213914,0.00003051,100.00000000,1
1531163391523,1531163391518,2213915,0.00003055,228.00000000,0
1531163392118,1531163392112,2213916,0.00003055,227.00000000,0
1531163395642,1531163395636,2213917,0.00003051,100.00000000,1
1531163398798,1531163398792,2213918,0.00003052,100.00000000,1
1531163400590,1531163400583,2213919,0.00003052,1228.00000000,1
1531163400590,1531163400583,2213920,0.00003051,69.00000000,1
1531163402502,1531163402497,2213921,0.00003051,3099.00000000,1
1531163402978,1531163402975,2213922,0.00003051,100.00000000,1
1531163405364,1531163405359,2213923,0.00003051,114.00000000,1
1531163405384,1531163405379,2213924,0.00003051,307.00000000,1
1531163406787,1531163406783,2213925,0.00003052,100.00000000,1
1531163410892,1531163410886,2213926,0.00003052,100.00000000,1
1531163417996,1531163417992,2213927,0.00003053,172.00000000,1
1531163417996,1531163417992,2213928,0.00003052,14.00000000,1
1531163419307,1531163419303,2213929,0.00003052,299.00000000,1
1531163420668,1531163420664,2213930,0.00003055,1556.00000000,0
1531163421641,1531163421638,2213931,0.00003055,470.00000000,0
1531163423138,1531163423134,2213932,0.00003055,34.00000000,1
1531163426120,1531163426115,2213933,0.00003056,146.00000000,1
1531163429128,1531163429123,2213934,0.00003056,34.00000000,1
1531163432967,1531163432961,2213935,0.00003053,788.00000000,1
1531163436418,1531163436413,2213936,0.00003053,137.00000000,1
1531163440070,1531163440065,2213937,0.00003055,5185.00000000,1
1531163443071,1531163443065,2213938,0.00003058,877.00000000,0
1531163443071,1531163443065,2213939,0.00003061,773.00000000,0
1531163458065,1531163458059,2213940,0.00003061,838.00000000,0
1531163458065,1531163458059,2213941,0.00003063,465.00000000,0
1531163458083,1531163458079,2213942,0.00003063,290.00000000,1
1531163458087,1531163458080,2213943,0.00003063,10.00000000,1
1531163458087,1531163458080,2213944,0.00003056,290.00000000,1
1531163458720,1531163458715,2213945,0.00003061,397.00000000,1
1531163465574,1531163465568,2213946,0.00003057,59.00000000,1
1531163468422,1531163468417,2213947,0.00003057,913.00000000,1
1531163468980,1531163468975,2213948,0.00003063,59.00000000,0
1531163469099,1531163469094,2213949,0.00003064,62.00000000,0
1531163469455,1531163469449,2213950,0.00003063,34.00000000,1
1531163473515,1531163473511,2213951,0.00003064,1580.00000000,0
1531163473618,1531163473609,2213952,0.00003065,323.00000000,1
1531163474201,1531163474198,2213953,0.00003065,2.00000000,1
1531163474201,1531163474198,2213954,0.00003064,45.00000000,1
1531163476217,1531163476211,2213955,0.00003070,15.00000000,0
1531163481968,1531163481963,2213956,0.00003064,972.00000000,1
1531163482296,1531163482289,2213957,0.00003070,43.00000000,0
1531163483676,1531163483670,2213958,0.00003070,125.00000000,0
1531163483943,1531163483937,2213959,0.00003070,40.00000000,0
1531163485723,1531163485717,2213960,0.00003064,59.00000000,1
1531163488893,1531163488887,2213961,0.00003070,44.00000000,0
1531163488893,1531163488887,2213962,0.00003071,15.00000000,0
1531163500497,1531163500492,2213963,0.00003070,86.00000000,0
1531163517868,1531163517863,2213964,0.00003065,16.00000000,1
1531163525676,1531163525670,2213965,0.00003065,59.00000000,1
1531163526155,1531163526152,2213966,0.00003065,34.00000000,1
1531163526399,1531163526394,2213967,0.00003070,1064.00000000,0
1531163526414,1531163526408,2213968,0.00003070,110.00000000,1
1531163526437,1531163526432,2213969,0.00003070,271.00000000,1
1531163526996,1531163526992,2213970,0.00003070,271.00000000,1
1531163527448,1531163527443,2213971,0.00003071,310.00000000,0
1531163528627,1531163528621,2213972,0.00003071,59.00000000,0
1531163531012,1531163531007,2213973,0.00003070,33.00000000,1
1531163537462,1531163537455,2213974,0.00003071,192.00000000,0
1531163542234,1531163542228,2213975,0.00003070,59.00000000,1
1531163556101,1531163556095,2213976,0.00003070,34.00000000,1
1531163568799,1531163568792,2213977,0.00003071,1203.00000000,0
1531163568799,1531163568792,2213978,0.00003075,8.00000000,0
1531163569758,1531163569752,2213979,0.00003075,121.00000000,0
1531163569758,1531163569752,2213980,0.00003078,192.00000000,0
1531163569758,1531163569752,2213981,0.00003080,90.00000000,0
1531163574787,1531163574782,2213982,0.00003079,42.00000000,0
1531163578503,1531163578497,2213983,0.00003079,67.00000000,0
1531163578537,1531163578531,2213984,0.00003079,1072.00000000,1
1531163582008,1531163582002,2213985,0.00003080,2801.00000000,0
1531163582062,1531163582059,2213986,0.00003080,281.00000000,1
1531163587252,1531163587246,2213987,0.00003080,92.00000000,1
1531163587252,1531163587246,2213988,0.00003079,316.00000000,1
1531163588102,1531163588097,2213989,0.00003079,34.00000000,1
1531163588311,1531163588305,2213990,0.00003079,408.00000000,1
1531163595136,1531163595132,2213991,0.00003080,426.00000000,1
1531163595304,1531163595298,2213992,0.00003082,211.00000000,0
1531163595304,1531163595298,2213993,0.00003083,1362.00000000,0
1531163595304,1531163595298,2213994,0.00003084,1358.00000000,0
1531163595581,1531163595575,2213995,0.00003080,487.00000000,1
1531163597230,1531163597224,2213996,0.00003080,1083.00000000,1
1531163597598,1531163597592,2213997,0.00003084,25.00000000,0
1531163600940,1531163600933,2213998,0.00003080,408.00000000,1
1531163605655,1531163605649,2213999,0.00003081,944.00000000,1
1531163606842,1531163606835,2214000,0.00003081,95.00000000,1
1531163606842,1531163606835,2214001,0.00003080,327.00000000,1
1531163608533,1531163608527,2214002,0.00003080,384.00000000,1
1531163609477,1531163609473,2214003,0.00003080,592.00000000,1
1531163613794,1531163613790,2214004,0.00003080,408.00000000,1
1531163617623,1531163617617,2214005,0.00003080,248.00000000,1
1531163618134,1531163618128,2214006,0.00003080,203.00000000,1
1531163619946,1531163619942,2214007,0.00003079,1264.00000000,1
1531163620031,1531163620025,2214008,0.00003079,4276.00000000,1
1531163621458,1531163621453,2214009,0.00003071,324.00000000,1
1531163621892,1531163621886,2214010,0.00003071,923.00000000,0
1531163625420,1531163625416,2214011,0.00003070,180.00000000,1
1531163626117,1531163626114,2214012,0.00003070,59.00000000,1
1531163627343,1531163627337,2214013,0.00003070,261.00000000,1
1531163629366,1531163629362,2214014,0.00003070,68.00000000,0
1531163629710,1531163629703,2214015,0.00003070,102.00000000,0
1531163632697,1531163632692,2214016,0.00003070,310.00000000,0
1531163633055,1531163633050,2214017,0.00003066,158.00000000,1
1531163636555,1531163636549,2214018,0.00003066,494.00000000,1
1531163636555,1531163636549,2214019,0.00003065,222.00000000,1
1531163643696,1531163643690,2214020,0.00003065,1328.00000000,1
1531163644294,1531163644288,2214021,0.00003065,3505.00000000,1
1531163644294,1531163644288,2214022,0.00003064,6829.00000000,1
1531163644836,1531163644831,2214023,0.00003064,259.00000000,1
1531163646150,1531163646118,2214024,0.00003064,1393.00000000,1
1531163648486,1531163648484,2214025,0.00003057,190.00000000,1
1531163650130,1531163650125,2214026,0.00003058,213.00000000,1
1531163650140,1531163650135,2214027,0.00003057,135.00000000,1
1531163650187,1531163650182,2214028,0.00003057,22.00000000,0
1531163650654,1531163650648,2214029,0.00003054,196.00000000,1
1531163653531,1531163653525,2214030,0.00003060,323.00000000,0
1531163654136,1531163654131,2214031,0.00003056,208.00000000,1
1531163659758,1531163659752,2214032,0.00003053,326.00000000,1
1531163659758,1531163659752,2214033,0.00003052,51.00000000,1
1531163659758,1531163659752,2214034,0.00003047,11.00000000,1
1531163660146,1531163660140,2214035,0.00003056,2429.00000000,1
1531163665220,1531163665216,2214036,0.00003047,12.00000000,1
1531163674583,1531163674577,2214037,0.00003047,192.00000000,1
1531163674583,1531163674577,2214038,0.00003039,104.00000000,1
1531163674583,1531163674577,2214039,0.00003034,164.00000000,1
1531163674583,1531163674577,2214040,0.00003033,462.00000000,1
1531163674584,1531163674577,2214041,0.00003033,42.00000000,1
1531163683399,1531163683394,2214042,0.00003034,285.00000000,1
1531163683399,1531163683394,2214043,0.00003033,3346.00000000,1
1531163683399,1531163683394,2214044,0.00003020,279.00000000,1
1531163687344,1531163687319,2214045,0.00003033,146.00000000,0
1531163688323,1531163688318,2214046,0.00003031,392.00000000,0
1531163690325,1531163690319,2214047,0.00003030,228.00000000,0
1531163690404,1531163690402,2214048,0.00003030,57.00000000,0
1531163691322,1531163691316,2214049,0.00003031,114.00000000,0
1531163691322,1531163691316,2214050,0.00003033,386.00000000,0
1531163692147,1531163692144,2214051,0.00003029,213.00000000,0
1531163692322,1531163692318,2214052,0.00003033,500.00000000,0
1531163693375,1531163693370,2214053,0.00003033,376.00000000,0
1531163693455,1531163693448,2214054,0.00003033,376.00000000,0
1531163695149,1531163695144,2214055,0.00003031,151.00000000,0
1531163695332,1531163695329,2214056,0.00003031,409.00000000,0
1531163696152,1531163696145,2214057,0.00003031,2424.00000000,0
1531163698150,1531163698144,2214058,0.00003034,151.00000000,0
1531163706229,1531163706223,2214059,0.00003050,145.00000000,0
1531163714505,1531163714500,2214060,0.00003057,10.00000000,1
1531163721006,1531163720998,2214061,0.00003057,316.00000000,1
1531163733463,1531163733460,2214062,0.00003053,194.00000000,0
1531163733489,1531163733484,2214063,0.00003047,15.00000000,1
1531163763095,1531163763089,2214064,0.00003047,179.00000000,1
1531163763298,1531163763292,2214065,0.00003047,133.00000000,1
1531163763298,1531163763292,2214066,0.00003030,195.00000000,1
1531163763298,1531163763292,2214067,0.00003026,158.00000000,1
1531163784510,1531163784503,2214068,0.00003035,134.00000000,1
1531163787125,1531163787119,2214069,0.00003044,326.00000000,0
1531163788155,1531163788152,2214070,0.00003045,158.00000000,0
1531163790248,1531163790243,2214071,0.00003047,414.00000000,0
1531163796072,1531163796068,2214072,0.00003051,34.00000000,1
1531163797014,1531163797007,2214073,0.00003052,34.00000000,1
1531163817795,1531163817790,2214074,0.00003053,327.00000000,0
1531163823124,1531163823119,2214075,0.00003051,197.00000000,1
1531163824569,1531163824563,2214076,0.00003051,95.00000000,1
1531163839505,1531163839499,2214077,0.00003036,24.00000000,1
1531163847443,1531163847414,2214078,0.00003044,327.00000000,0
1531163850438,1531163850432,2214079,0.00003044,34.00000000,0
1531163854922,1531163854916,2214080,0.00003041,1612.00000000,1
1531163855956,1531163855950,2214081,0.00003041,9.00000000,1
1531163863164,1531163863158,2214082,0.00003039,105.00000000,1
1531163866121,1531163866116,2214083,0.00003039,223.00000000,1
1531163866154,1531163866150,2214084,0.00003033,42.00000000,1
1531163866154,1531163866150,2214085,0.00003030,181.00000000,1
1531163875307,1531163875301,2214086,0.00003034,369.00000000,1
1531163877273,1531163877266,2214087,0.00003030,24.00000000,1
1531163878307,1531163878302,2214088,0.00003034,34.00000000,0
1531163882316,1531163882312,2214089,0.00003035,292.00000000,0
1531163884834,1531163884829,2214090,0.00003033,40.00000000,1
1531163894032,1531163894027,2214091,0.00003035,299.00000000,1
1531163899123,1531163899120,2214092,0.00003037,206.00000000,0
1531163900288,1531163900282,2214093,0.00003033,289.00000000,1
1531163902328,1531163902322,2214094,0.00003033,37.00000000,0
1531163904340,1531163904335,2214095,0.00003031,148.00000000,1
1531163910350,1531163910345,2214096,0.00003038,328.00000000,0
1531163910350,1531163910345,2214097,0.00003049,1.00000000,0
1531163911818,1531163911812,2214098,0.00003034,2860.00000000,1
1531163911818,1531163911812,2214099,0.00003033,219.00000000,1
1531163917290,1531163917284,2214100,0.00003040,329.00000000,0
1531163917290,1531163917284,2214101,0.00003041,882.00000000,0
1531163918047,1531163918041,2214102,0.00003041,399.00000000,0
1531163937308,1531163937303,2214103,0.00003037,190.00000000,0
1531163956321,1531163956314,2214104,0.00003037,132.00000000,0
1531163958318,1531163958312,2214105,0.00003038,2713.00000000,0
1531163959312,1531163959307,2214106,0.00003039,328.00000000,0
1531163960171,1531163960165,2214107,0.00003041,530.00000000,0
1531163967239,1531163967234,2214108,0.00003041,23.00000000,0
1531163995194,1531163995190,2214109,0.00003049,229.00000000,1
1531164014526,1531164014520,2214110,0.00003050,926.00000000,0
1531164030298,1531164030280,2214111,0.00003050,57.00000000,0
1531164030319,1531164030313,2214112,0.00003050,40.00000000,0
1531164030359,1531164030356,2214113,0.00003050,57.00000000,0
1531164030381,1531164030377,2214114,0.00003049,40.00000000,1
1531164030426,1531164030422,2214115,0.00003049,57.00000000,1
1531164034781,1531164034775,2214116,0.00003050,361.00000000,0
1531164036837,1531164036833,2214117,0.00003049,97.00000000,1
1531164040383,1531164040378,2214118,0.00003049,63.00000000,0
1531164061230,1531164061225,2214119,0.00003048,41.00000000,0
1531164070090,1531164070084,2214120,0.00003048,91.00000000,0
1531164070090,1531164070084,2214121,0.00003049,31.00000000,0
1531164070090,1531164070084,2214122,0.00003050,1829.00000000,0
1531164074361,1531164074357,2214123,0.00003054,163.00000000,1
1531164076829,1531164076827,2214124,0.00003055,100.00000000,1
1531164077292,1531164077288,2214125,0.00003055,201.00000000,1
1531164080902,1531164080899,2214126,0.00003056,34.00000000,1
1531164101031,1531164101025,2214127,0.00003061,2379.00000000,0
1531164101032,1531164101026,2214128,0.00003055,25.00000000,1
1531164103338,1531164103333,2214129,0.00003049,34.00000000,1
1531164118435,1531164118429,2214130,0.00003044,194.00000000,0
1531164124532,1531164124526,2214131,0.00003050,447.00000000,1
1531164131924,1531164131919,2214132,0.00003058,47.00000000,0
1531164139211,1531164139207,2214133,0.00003051,34.00000000,1
1531164140725,1531164140718,2214134,0.00003051,293.00000000,1
1531164140725,1531164140718,2214135,0.00003049,1000.00000000,1
1531164147292,1531164147287,2214136,0.00003039,57.00000000,1
1531164152004,1531164151999,2214137,0.00003041,1232.00000000,1
1531164152004,1531164151999,2214138,0.00003040,1334.00000000,1
1531164152004,1531164151999,2214139,0.00003039,1180.00000000,1
1531164156983,1531164156978,2214140,0.00003034,60.00000000,1
1531164166174,1531164166169,2214141,0.00003038,65.00000000,0
1531164167911,1531164167905,2214142,0.00003038,236.00000000,0
1531164169638,1531164169630,2214143,0.00003036,2463.00000000,1
1531164169638,1531164169630,2214144,0.00003034,371.00000000,1
1531164169638,1531164169630,2214145,0.00003033,575.00000000,1
1531164169638,1531164169630,2214146,0.00003029,1023.00000000,1
1531164169638,1531164169630,2214147,0.00003025,1108.00000000,1
1531164169638,1531164169630,2214148,0.00003024,918.00000000,1
1531164169638,1531164169630,2214149,0.00003021,4265.00000000,1
1531164169638,1531164169630,2214150,0.00003020,4334.00000000,1
1531164169638,1531164169630,2214151,0.00003019,34.00000000,1
1531164169638,1531164169630,2214152,0.00003018,79.00000000,1
1531164169638,1531164169630,2214153,0.00003017,169.00000000,1
1531164169638,1531164169630,2214154,0.00003014,134.00000000,1
1531164169638,1531164169630,2214155,0.00003012,4507.00000000,1
1531164174932,1531164174928,2214156,0.00003020,429.00000000,1
1531164176843,1531164176835,2214157,0.00003032,279.00000000,0
1531164176843,1531164176835,2214158,0.00003033,63.00000000,0
1531164182513,1531164182507,2214159,0.00003022,329.00000000,1
1531164183023,1531164183018,2214160,0.00003021,82.00000000,0
1531164184684,1531164184678,2214161,0.00003020,327.00000000,0
1531164184684,1531164184678,2214162,0.00003021,115.00000000,0
1531164185299,1531164185293,2214163,0.00003019,57.00000000,0
1531164185299,1531164185293,2214164,0.00003020,329.00000000,0
1531164194966,1531164194961,2214165,0.00003031,328.00000000,1
1531164195143,1531164195141,2214166,0.00003030,222.00000000,0
1531164197218,1531164197211,2214167,0.00003027,240.00000000,0
1531164197659,1531164197653,2214168,0.00003021,330.00000000,1
1531164197659,1531164197653,2214169,0.00003020,170.00000000,1
1531164198940,1531164198936,2214170,0.00003026,126.00000000,0
1531164204144,1531164204138,2214171,0.00003026,14.00000000,1
1531164205913,1531164205909,2214172,0.00003026,124.00000000,1
1531164205913,1531164205909,2214173,0.00003020,549.00000000,1
1531164205949,1531164205948,2214174,0.00003020,195.00000000,0
1531164206203,1531164206201,2214175,0.00003020,153.00000000,0
1531164207683,1531164207678,2214176,0.00003020,332.00000000,0
1531164207927,1531164207921,2214177,0.00003020,496.00000000,0
1531164211168,1531164211163,2214178,0.00003020,151.00000000,0
1531164214853,1531164214847,2214179,0.00003022,1108.00000000,1
1531164214853,1531164214847,2214180,0.00003021,892.00000000,1
1531164220896,1531164220890,2214181,0.00003023,1180.00000000,1
1531164220896,1531164220890,2214182,0.00003021,428.00000000,1
1531164222937,1531164222931,2214183,0.00003022,1205.00000000,1
1531164227031,1531164227025,2214184,0.00003021,148.00000000,1
1531164227031,1531164227025,2214185,0.00003020,1852.00000000,1
1531164237648,1531164237643,2214186,0.00003020,134.00000000,1
1531164242345,1531164242340,2214187,0.00003020,275.00000000,1
1531164243659,1531164243654,2214188,0.00003028,106.00000000,0
1531164256348,1531164256342,2214189,0.00003029,329.00000000,1
1531164256548,1531164256542,2214190,0.00003029,562.00000000,0
1531164260525,1531164260520,2214191,0.00003028,2000.00000000,1
1531164266691,1531164266685,2214192,0.00003029,77.00000000,1
1531164267373,1531164267369,2214193,0.00003028,641.00000000,1
1531164281532,1531164281527,2214194,0.00003027,330.00000000,0
1531164281913,1531164281907,2214195,0.00003027,1549.00000000,1
1531164281913,1531164281907,2214196,0.00003020,62.00000000,1
1531164299189,1531164299182,2214197,0.00003020,49.00000000,0
1531164309100,1531164309096,2214198,0.00003019,329.00000000,0
1531164309145,1531164309138,2214199,0.00003019,41.00000000,1
1531164309952,1531164309947,2214200,0.00003019,37.00000000,1
1531164314711,1531164314706,2214201,0.00003020,340.00000000,0
1531164328538,1531164328532,2214202,0.00003023,78.00000000,1
1531164333142,1531164333137,2214203,0.00003028,222.00000000,0
1531164333394,1531164333389,2214204,0.00003029,78.00000000,0
1531164333394,1531164333389,2214205,0.00003032,123.00000000,0
1531164333394,1531164333389,2214206,0.00003035,332.00000000,0
1531164333394,1531164333389,2214207,0.00003047,342.00000000,0
1531164333394,1531164333389,2214208,0.00003049,300.00000000,0
1531164333394,1531164333389,2214209,0.00003050,31.00000000,0
1531164333717,1531164333711,2214210,0.00003030,406.00000000,1
1531164338549,1531164338542,2214211,0.00003035,328.00000000,1
1531164338549,1531164338542,2214212,0.00003034,222.00000000,1
1531164338549,1531164338542,2214213,0.00003028,1429.00000000,1
1531164338549,1531164338542,2214214,0.00003021,2286.00000000,1
1531164344368,1531164344362,2214215,0.00003033,295.00000000,0
1531164344900,1531164344894,2214216,0.00003027,328.00000000,1
1531164344900,1531164344894,2214217,0.00003024,1851.00000000,1
1531164345203,1531164345200,2214218,0.00003020,1599.00000000,1
1531164345233,1531164345227,2214219,0.00003020,687.00000000,0
1531164345362,1531164345356,2214220,0.00003021,97.00000000,0
1531164347926,1531164347921,2214221,0.00003021,2551.00000000,0
1531164347926,1531164347921,2214222,0.00003033,222.00000000,0
1531164347926,1531164347921,2214223,0.00003034,328.00000000,0
1531164348139,1531164348137,2214224,0.00003039,327.00000000,1
1531164348357,1531164348354,2214225,0.00003039,221.00000000,0
1531164349150,1531164349145,2214226,0.00003038,28.00000000,1
1531164376433,1531164376427,2214227,0.00003033,328.00000000,0
1531164376433,1531164376427,2214228,0.00003049,221.00000000,0
1531164376433,1531164376427,2214229,0.00003050,168.00000000,0
1531164376433,1531164376427,2214230,0.00003051,133.00000000,0
1531164376433,1531164376427,2214231,0.00003052,68.00000000,0
1531164376433,1531164376427,2214232,0.00003053,558.00000000,0
1531164377847,1531164377841,2214233,0.00003048,111.00000000,0
1531164377847,1531164377841,2214234,0.00003049,374.00000000,0
1531164380881,1531164380876,2214235,0.00003048,164.00000000,0
1531164383195,1531164383190,2214236,0.00003039,196.00000000,1
1531164383204,1531164383198,2214237,0.00003039,131.00000000,1
1531164383204,1531164383198,2214238,0.00003038,55.00000000,1
1531164383325,1531164383320,2214239,0.00003038,196.00000000,0
1531164383325,1531164383320,2214240,0.00003039,17.00000000,0
1531164383629,1531164383623,2214241,0.00003024,380.00000000,1
1531164384378,1531164384372,2214242,0.00003025,179.00000000,1
1531164393273,1531164393267,2214243,0.00003030,9.00000000,1
1531164408564,1531164408557,2214244,0.00003032,1231.00000000,1
1531164408564,1531164408557,2214245,0.00003031,144.00000000,1
1531164430612,1531164430607,2214246,0.00003021,34.00000000,1
1531164443794,1531164443788,2214247,0.00003021,233.00000000,1
1531164443794,1531164443788,2214248,0.00003020,41.00000000,1
1531164447534,1531164447529,2214249,0.00003022,389.00000000,0
1531164447534,1531164447529,2214250,0.00003025,56.00000000,0
1531164450184,1531164450179,2214251,0.00003021,212.00000000,1
1531164463392,1531164463388,2214252,0.00003020,50.00000000,1
1531164467502,1531164467495,2214253,0.00003023,43.00000000,0
1531164484356,1531164484352,2214254,0.00003021,63.00000000,0
1531164491579,1531164491572,2214255,0.00003021,442.00000000,0
1531164491579,1531164491572,2214256,0.00003022,1455.00000000,0
1531164491579,1531164491572,2214257,0.00003025,4669.00000000,0
1531164499827,1531164499824,2214258,0.00003029,134.00000000,1
1531164504849,1531164504843,2214259,0.00003030,223.00000000,1
1531164505067,1531164505062,2214260,0.00003030,63.00000000,1
1531164520483,1531164520482,2214261,0.00003027,163.00000000,0
1531164520483,1531164520482,2214262,0.00003028,87.00000000,0
1531164529205,1531164529199,2214263,0.00003032,441.00000000,1
1531164535367,1531164535363,2214264,0.00003035,327.00000000,0
1531164536934,1531164536929,2214265,0.00003037,59.00000000,1
1531164565456,1531164565449,2214266,0.00003041,328.00000000,1
1531164567796,1531164567789,2214267,0.00003040,255.00000000,1
1531164569577,1531164569570,2214268,0.00003038,532.00000000,1
1531164582585,1531164582579,2214269,0.00003031,100.00000000,1
1531164606352,1531164606348,2214270,0.00003037,213.00000000,0
1531164644729,1531164644723,2214271,0.00003040,34.00000000,1
1531164646825,1531164646819,2214272,0.00003045,186.00000000,0
1531164646825,1531164646819,2214273,0.00003046,1597.00000000,0
1531164646825,1531164646819,2214274,0.00003047,328.00000000,0
1531164646825,1531164646819,2214275,0.00003050,43.00000000,0
1531164646825,1531164646819,2214276,0.00003053,530.00000000,0
1531164646825,1531164646819,2214277,0.00003058,49.00000000,0
1531164646825,1531164646819,2214278,0.00003060,4727.00000000,0
1531164646842,1531164646836,2214279,0.00003060,1112.00000000,1
1531164646848,1531164646844,2214280,0.00003060,323.00000000,1
1531164647628,1531164647620,2214281,0.00003060,43.00000000,1
1531164647638,1531164647633,2214282,0.00003060,500.00000000,1
1531164648154,1531164648149,2214283,0.00003061,185.00000000,1
1531164648154,1531164648149,2214284,0.00003060,2722.00000000,1
1531164648630,1531164648625,2214285,0.00003061,185.00000000,0
1531164648902,1531164648895,2214286,0.00003061,500.00000000,1
1531164649674,1531164649668,2214287,0.00003062,500.00000000,1
1531164650144,1531164650137,2214288,0.00003065,79.00000000,0
1531164652065,1531164652063,2214289,0.00003062,1806.00000000,1
1531164652065,1531164652063,2214290,0.00003061,359.00000000,1
1531164652346,1531164652339,2214291,0.00003061,422.00000000,1
1531164654732,1531164654727,2214292,0.00003060,613.00000000,1
1531164655146,1531164655141,2214293,0.00003060,444.00000000,1
1531164656575,1531164656570,2214294,0.00003060,359.00000000,1
1531164657041,1531164657036,2214295,0.00003060,363.00000000,1
1531164657095,1531164657090,2214296,0.00003065,34.00000000,0
1531164657762,1531164657756,2214297,0.00003060,551.00000000,1
1531164657791,1531164657788,2214298,0.00003060,527.00000000,1
1531164657799,1531164657795,2214299,0.00003060,267.00000000,1
1531164658452,1531164658449,2214300,0.00003060,164.00000000,1
1531164665267,1531164665260,2214301,0.00003060,831.00000000,1
1531164666035,1531164666028,2214302,0.00003060,14955.00000000,1
1531164669709,1531164669706,2214303,0.00003062,1029.00000000,0
1531164670641,1531164670637,2214304,0.00003060,2111.00000000,1
1531164670879,1531164670873,2214305,0.00003060,3806.00000000,1
1531164674478,1531164674473,2214306,0.00003051,327.00000000,1
1531164674639,1531164674632,2214307,0.00003045,186.00000000,1
1531164674639,1531164674632,2214308,0.00003037,80.00000000,1
1531164684649,1531164684642,2214309,0.00003045,432.00000000,0
1531164688108,1531164688103,2214310,0.00003042,34.00000000,0
1531164688815,1531164688809,2214311,0.00003040,995.00000000,1
1531164689881,1531164689874,2214312,0.00003043,1203.00000000,0
1531164689881,1531164689874,2214313,0.00003044,34.00000000,0
1531164692796,1531164692791,2214314,0.00003049,80.00000000,1
1531164697660,1531164697655,2214315,0.00003049,246.00000000,1
1531164700659,1531164700653,2214316,0.00003048,327.00000000,0
1531164700659,1531164700653,2214317,0.00003051,2491.00000000,0
1531164700659,1531164700653,2214318,0.00003052,6498.00000000,0
1531164700659,1531164700653,2214319,0.00003057,2111.00000000,0
1531164700659,1531164700653,2214320,0.00003058,369.00000000,0
1531164700659,1531164700653,2214321,0.00003060,255.00000000,0
1531164700659,1531164700653,2214322,0.00003062,8562.00000000,0
1531164700660,1531164700653,2214323,0.00003065,4624.00000000,0
1531164700666,1531164700662,2214324,0.00003065,3517.00000000,1
1531164700679,1531164700672,2214325,0.00003065,278.00000000,1
1531164700685,1531164700680,2214326,0.00003065,1203.00000000,1
1531164700701,1531164700698,2214327,0.00003067,241.00000000,0
1531164700701,1531164700698,2214328,0.00003076,37.00000000,0
1531164700769,1531164700762,2214329,0.00003065,1958.00000000,1
1531164700874,1531164700870,2214330,0.00003065,496.00000000,1
1531164701753,1531164701747,2214331,0.00003066,325.00000000,1
1531164703039,1531164703033,2214332,0.00003065,1.00000000,1
1531164705022,1531164705018,2214333,0.00003064,326.00000000,0
1531164705022,1531164705018,2214334,0.00003065,353.00000000,0
1531164705062,1531164705057,2214335,0.00003065,767.00000000,1
1531164705194,1531164705188,2214336,0.00003066,211.00000000,1
1531164708552,1531164708551,2214337,0.00003066,114.00000000,1
1531164708552,1531164708551,2214338,0.00003065,72.00000000,1
1531164710623,1531164710617,2214339,0.00003071,325.00000000,0
1531164710623,1531164710617,2214340,0.00003072,1387.00000000,0
1531164710653,1531164710648,2214341,0.00003072,67.00000000,1
1531164710694,1531164710689,2214342,0.00003072,67.00000000,1
1531164711212,1531164711194,2214343,0.00003072,183.00000000,1
1531164727221,1531164727214,2214344,0.00003074,62.00000000,0
1531164727221,1531164727214,2214345,0.00003076,157.00000000,0
1531164727221,1531164727214,2214346,0.00003080,1498.00000000,0
1531164728099,1531164728093,2214347,0.00003079,325.00000000,0
1531164728099,1531164728093,2214348,0.00003080,985.00000000,0
1531164744091,1531164744085,2214349,0.00003083,33.00000000,0
1531164754255,1531164754250,2214350,0.00003083,619.00000000,0
1531164754255,1531164754250,2214351,0.00003084,2870.00000000,0
1531164757685,1531164757679,2214352,0.00003085,87.00000000,0
1531164757688,1531164757682,2214353,0.00003085,87.00000000,0
1531164757694,1531164757687,2214354,0.00003085,87.00000000,0
1531164757710,1531164757705,2214355,0.00003085,178.00000000,0
1531164758108,1531164758102,2214356,0.00003090,45.00000000,0
1531164760304,1531164760297,2214357,0.00003089,565.00000000,0
1531164766275,1531164766270,2214358,0.00003084,42.00000000,1
1531164766412,1531164766406,2214359,0.00003089,1.00000000,0
1531164771143,1531164771137,2214360,0.00003087,681.00000000,0
1531164771143,1531164771137,2214361,0.00003088,377.00000000,0
1531164771151,1531164771144,2214362,0.00003089,134.00000000,1
1531164771151,1531164771144,2214363,0.00003084,70.00000000,1
1531164771151,1531164771144,2214364,0.00003082,107.00000000,1
1531164772012,1531164772008,2214365,0.00003083,312.00000000,1
1531164772066,1531164772060,2214366,0.00003083,11.00000000,1
1531164772066,1531164772060,2214367,0.00003082,1550.00000000,1
1531164772066,1531164772060,2214368,0.00003073,29.00000000,1
