event_time,trade_time,trade_id,price,quantity,maker
1531160274024,1531160274020,9470477,0.00024850,2.30000000,1
1531160291329,1531160291328,9470478,0.00024880,120.00000000,1
1531160292652,1531160292648,9470479,0.00024880,59.88000000,0
1531160292948,1531160292948,9470480,0.00024880,59.88000000,0
1531160311303,1531160311298,9470481,0.00024870,1414.88000000,1
1531160311332,1531160311329,9470482,0.00024870,1348.18000000,1
1531160311348,1531160311345,9470483,0.00024870,1387.15000000,1
1531160313127,1531160313127,9470484,0.00024870,13.90000000,0
1531160314061,1531160314058,9470485,0.00024870,13.90000000,0
1531160314525,1531160314522,9470486,0.00024860,5.34000000,1
1531160314525,1531160314522,9470487,0.00024850,31.08000000,1
1531160327374,1531160327370,9470488,0.00024870,2320.51000000,0
1531160327381,1531160327379,9470489,0.00024860,859.46000000,1
1531160340308,1531160340304,9470490,0.00024900,46.50000000,0
1531160345114,1531160345110,9470491,0.00024870,1302.69000000,0
1531160345128,1531160345125,9470492,0.00024860,720.10000000,1
1531160345146,1531160345143,9470493,0.00024860,664.62000000,1
1531160348242,1531160348240,9470494,0.00024850,358.60000000,1
1531160354039,1531160354036,9470495,0.00024880,1935.28000000,0
1531160354052,1531160354049,9470496,0.00024860,841.41000000,1
1531160365986,1531160365982,9470497,0.00024880,2267.69000000,0
1531160366002,1531160365998,9470498,0.00024860,809.87000000,1
1531160374101,1531160374099,9470499,0.00024870,1224.03000000,0
1531160374116,1531160374113,9470500,0.00024860,505.81000000,1
1531160387807,1531160387804,9470501,0.00024870,2.30000000,1
1531160393362,1531160393358,9470502,0.00024880,19.66000000,1
1531160394566,1531160394564,9470503,0.00024880,850.35000000,1
1531160403991,1531160403988,9470504,0.00024860,1431.72000000,1
1531160404012,1531160404008,9470505,0.00024880,19.65000000,0
1531160414230,1531160414227,9470506,0.00024880,0.39000000,1
1531160414551,1531160414548,9470507,0.00024890,423.06000000,1
1531160414551,1531160414548,9470508,0.00024880,849.96000000,1
1531160414938,1531160414935,9470509,0.00024870,919.70000000,0
1531160415951,1531160415947,9470510,0.00024870,771.00000000,0
1531160415952,1531160415949,9470511,0.00024870,652.22000000,0
1531160416601,1531160416598,9470512,0.00024900,8.04000000,0
1531160416835,1531160416830,9470513,0.00024900,6.83000000,0
1531160418012,1531160418008,9470514,0.00024890,8.03000000,0
1531160420072,1531160420067,9470515,0.00024890,10.05000000,0
1531160420534,1531160420532,9470516,0.00024890,6.02000000,0
1531160422301,1531160422298,9470517,0.00024890,20.08000000,0
1531160432233,1531160432229,9470518,0.00024870,612.70000000,0
1531160432248,1531160432246,9470519,0.00024880,512.96000000,0
1531160432259,1531160432256,9470520,0.00024880,336.63000000,0
1531160439613,1531160439610,9470521,0.00024870,22.12000000,1
1531160452653,1531160452650,9470522,0.00024870,1223.60000000,0
1531160452661,1531160452658,9470523,0.00024890,1073.32000000,0
1531160457287,1531160457286,9470524,0.00024900,50.00000000,0
1531160461681,1531160461678,9470525,0.00024900,22.39000000,0
1531160461682,1531160461678,9470526,0.00024920,77.61000000,0
1531160463485,1531160463483,9470527,0.00024880,22.82000000,1
1531160464920,1531160464916,9470528,0.00024900,1.00000000,0
1531160467344,1531160467339,9470529,0.00024890,1317.66000000,0
1531160495856,1531160495854,9470530,0.00024890,475.25000000,1
1531160495880,1531160495879,9470531,0.00024890,133.36000000,1
1531160507839,1531160507837,9470532,0.00024890,50.00000000,0
1531160508767,1531160508763,9470533,0.00024890,401.76000000,0
1531160514445,1531160514442,9470534,0.00024880,1499.82000000,1
1531160514463,1531160514461,9470535,0.00024880,1039.83000000,1
1531160522372,1531160522368,9470536,0.00024890,1800.41000000,0
1531160522382,1531160522379,9470537,0.00024870,495.50000000,1
1531160522404,1531160522400,9470538,0.00024870,849.25000000,1
1531160524090,1531160524086,9470539,0.00024860,107.92000000,1
1531160532535,1531160532531,9470540,0.00024870,1149.06000000,1
1531160536784,1531160536780,9470541,0.00024890,66.36000000,0
1531160542168,1531160542165,9470542,0.00024910,1437.45000000,1
1531160542264,1531160542257,9470543,0.00024910,1113.96000000,1
1531160546709,1531160546674,9470544,0.00024910,2833.25000000,0
1531160547192,1531160547190,9470545,0.00024910,195.00000000,1
1531160547194,1531160547190,9470546,0.00024910,810.92000000,1
1531160552204,1531160552202,9470547,0.00024910,922.00000000,1
1531160552227,1531160552223,9470548,0.00024910,515.78000000,1
1531160566219,1531160566214,9470549,0.00024910,273.05000000,1
1531160566479,1531160566476,9470550,0.00024910,500.00000000,1
1531160576627,1531160576624,9470551,0.00024910,22.87000000,1
1531160578940,1531160578936,9470552,0.00024910,978.71000000,1
1531160581202,1531160581198,9470553,0.00024900,0.12000000,0
1531160592842,1531160592839,9470554,0.00024900,0.06000000,0
1531160599604,1531160599601,9470555,0.00024890,1088.40000000,0
1531160612217,1531160612213,9470556,0.00024870,1086.22000000,1
1531160612243,1531160612240,9470557,0.00024870,1485.75000000,1
1531160627843,1531160627840,9470558,0.00024890,914.26000000,0
1531160627863,1531160627858,9470559,0.00024870,802.00000000,1
1531160638277,1531160638273,9470560,0.00024880,1436.30000000,0
1531160638295,1531160638292,9470561,0.00024870,1119.29000000,1
1531160638315,1531160638311,9470562,0.00024870,1040.78000000,1
1531160650333,1531160650329,9470563,0.00024860,5.88000000,1
1531160651252,1531160651248,9470564,0.00024900,14.04000000,0
1531160667802,1531160667797,9470565,0.00024860,6.28000000,1
1531160702424,1531160702421,9470566,0.00024880,1920.66000000,0
1531160702442,1531160702438,9470567,0.00024870,1021.62000000,1
1531160713903,1531160713898,9470568,0.00024890,5.00000000,0
1531160716907,1531160716905,9470569,0.00024870,0.15000000,1
1531160719680,1531160719676,9470570,0.00024870,1008.47000000,1
1531160722263,1531160722256,9470571,0.00024860,752.87000000,1
1531160722263,1531160722256,9470572,0.00024840,6.02000000,1
1531160722263,1531160722256,9470573,0.00024830,182.96000000,1
1531160722263,1531160722256,9470574,0.00024810,21.31000000,1
1531160722263,1531160722256,9470575,0.00024800,2267.25000000,1
1531160722263,1531160722256,9470576,0.00024800,500.00000000,1
1531160724730,1531160724725,9470577,0.00024800,0.69000000,1
1531160724748,1531160724743,9470578,0.00024800,0.66000000,1
1531160730329,1531160730326,9470579,0.00024860,216.65000000,0
1531160730347,1531160730342,9470580,0.00024860,1159.58000000,0
1531160740852,1531160740848,9470581,0.00024870,5.00000000,0
1531160747832,1531160747827,9470582,0.00024860,131.50000000,0
1531160756382,1531160756378,9470583,0.00024880,1.25000000,0
1531160758786,1531160758783,9470584,0.00024850,1756.31000000,0
1531160758798,1531160758795,9470585,0.00024830,160.40000000,1
1531160758809,1531160758806,9470586,0.00024830,954.50000000,1
1531160762145,1531160762141,9470587,0.00024880,32.13000000,0
1531160762145,1531160762141,9470588,0.00024890,121.81000000,0
1531160762702,1531160762698,9470589,0.00024820,0.69000000,1
1531160765872,1531160765867,9470590,0.00024840,5.34000000,1
1531160778950,1531160778946,9470591,0.00024850,1127.50000000,1
1531160789785,1531160789781,9470592,0.00024860,1334.35000000,1
1531160789796,1531160789792,9470593,0.00024860,2481.91000000,0
1531160789815,1531160789811,9470594,0.00024860,1334.34000000,1
1531160792186,1531160792182,9470595,0.00024850,66.50000000,1
1531160792186,1531160792182,9470596,0.00024820,82.25000000,1
1531160806978,1531160806978,9470597,0.00024850,90.50000000,1
1531160807004,1531160806999,9470598,0.00024850,90.00000000,1
1531160819990,1531160819985,9470599,0.00024850,1865.45000000,0
1531160820000,1531160819997,9470600,0.00024870,114.09000000,0
1531160820030,1531160820025,9470601,0.00024870,879.91000000,0
1531160830704,1531160830699,9470602,0.00024850,1391.43000000,1
1531160830724,1531160830721,9470603,0.00024850,1221.16000000,1
1531160836727,1531160836723,9470604,0.00024870,531.40000000,0
1531160836743,1531160836740,9470605,0.00024870,1373.19000000,0
1531160842398,1531160842394,9470606,0.00024880,5.33000000,0
1531160845148,1531160845143,9470607,0.00024860,940.53000000,1
1531160847793,1531160847789,9470608,0.00024820,104.00000000,1
1531160852092,1531160852089,9470609,0.00024880,4.02000000,0
1531160881164,1531160881161,9470610,0.00024870,589.58000000,0
1531160881173,1531160881170,9470611,0.00024860,362.68000000,1
1531160881196,1531160881192,9470612,0.00024860,310.31000000,1
1531160888474,1531160888469,9470613,0.00024820,859.83000000,1
1531160888474,1531160888469,9470614,0.00024810,423.40000000,1
1531160894732,1531160894727,9470615,0.00024820,881.99000000,1
1531160905480,1531160905477,9470616,0.00024830,1397.92000000,1
1531160907696,1531160907691,9470617,0.00024870,56.00000000,0
1531160916179,1531160916175,9470618,0.00024880,91.54000000,0
1531160916179,1531160916175,9470619,0.00024890,214.19000000,0
1531160921134,1531160921131,9470620,0.00024830,852.48000000,1
1531160927635,1531160927630,9470621,0.00024830,287.30000000,1
1531160938694,1531160938690,9470622,0.00024870,462.45000000,0
1531160990131,1531160990126,9470623,0.00024870,2.30000000,1
1531160996632,1531160996628,9470624,0.00024880,22.55000000,1
1531160997638,1531160997634,9470625,0.00024880,22.55000000,1
1531160999716,1531160999712,9470626,0.00024880,1846.31000000,1
1531160999745,1531160999741,9470627,0.00024880,1246.41000000,1
1531160999765,1531160999761,9470628,0.00024880,1332.74000000,1
1531161007045,1531161007041,9470629,0.00024880,45.09000000,0
1531161007045,1531161007041,9470630,0.00024890,51.56000000,0
1531161009337,1531161009333,9470631,0.00024880,11.95000000,1
1531161010548,1531161010515,9470632,0.00024890,24.14000000,0
1531161012013,1531161012008,9470633,0.00024890,8.05000000,0
1531161012331,1531161012326,9470634,0.00024880,63.61000000,1
1531161012341,1531161012337,9470635,0.00024880,129.82000000,0
1531161012350,1531161012345,9470636,0.00024880,63.61000000,1
1531161013375,1531161013372,9470637,0.00024880,5.00000000,0
1531161013954,1531161013950,9470638,0.00024880,6.95000000,0
1531161013954,1531161013950,9470639,0.00024890,13.12000000,0
1531161015257,1531161015256,9470640,0.00024870,0.14000000,1
1531161017560,1531161017556,9470641,0.00024890,50.00000000,0
1531161020042,1531161020037,9470642,0.00024890,15.73000000,0
1531161024450,1531161024445,9470643,0.00024880,272.17000000,1
1531161024470,1531161024465,9470644,0.00024880,583.62000000,1
1531161025462,1531161025457,9470645,0.00024890,62.34000000,0
1531161033196,1531161033192,9470646,0.00024890,400.00000000,0
1531161034148,1531161034144,9470647,0.00024890,5.00000000,0
1531161036756,1531161036752,9470648,0.00024880,67.68000000,1
1531161061052,1531161061047,9470649,0.00024880,52.10000000,0
1531161113580,1531161113576,9470650,0.00024870,2.30000000,1
1531161152824,1531161152822,9470651,0.00024870,5.45000000,1
1531161251096,1531161251092,9470652,0.00024880,19.00000000,0
1531161267194,1531161267190,9470653,0.00024880,12.71000000,0
1531161274797,1531161274794,9470654,0.00024870,1.45000000,1
1531161288012,1531161288010,9470655,0.00024880,3.00000000,0
1531161292794,1531161292790,9470656,0.00024870,0.10000000,1
1531161293035,1531161293031,9470657,0.00024870,36.61000000,1
1531161315210,1531161315206,9470658,0.00024870,0.22000000,1
1531161315922,1531161315920,9470659,0.00024880,5.00000000,0
1531161340554,1531161340550,9470660,0.00024880,5.00000000,0
1531161376860,1531161376856,9470661,0.00024880,16.30000000,0
1531161389417,1531161389414,9470662,0.00024880,107.75000000,0
1531161393301,1531161393297,9470663,0.00024880,71.84000000,0
1531161395157,1531161395151,9470664,0.00024880,47.89000000,0
1531161402931,1531161402926,9470665,0.00024880,60.00000000,0
1531161420308,1531161420304,9470666,0.00024870,4.14000000,1
1531161474631,1531161474627,9470667,0.00024870,49.95000000,1
1531161517610,1531161517607,9470668,0.00024870,717.60000000,1
1531161525355,1531161525350,9470669,0.00024850,4.12000000,1
1531161525365,1531161525362,9470670,0.00024850,388.06000000,1
1531161539836,1531161539829,9470671,0.00024870,4.02000000,0
1531161540025,1531161540019,9470672,0.00024850,901.46000000,1
1531161552246,1531161552244,9470673,0.00024860,2682.86000000,0
1531161552294,1531161552259,9470674,0.00024850,1031.85000000,1
1531161552313,1531161552309,9470675,0.00024870,8.71000000,0
1531161559721,1531161559718,9470676,0.00024870,48.00000000,0
1531161566496,1531161566493,9470677,0.00024860,2947.90000000,0
1531161566510,1531161566505,9470678,0.00024850,1259.77000000,1
1531161568307,1531161568302,9470679,0.00024870,215.04000000,0
1531161568307,1531161568302,9470680,0.00024880,120.76000000,0
1531161577660,1531161577656,9470681,0.00024850,1119.50000000,1
1531161579688,1531161579685,9470682,0.00024840,28.74000000,1
1531161579811,1531161579771,9470683,0.00024840,144.36000000,1
1531161580367,1531161580361,9470684,0.00024840,4.56000000,1
1531161580367,1531161580361,9470685,0.00024830,239.60000000,1
1531161594691,1531161594687,9470686,0.00024860,694.13000000,1
1531161594711,1531161594705,9470687,0.00024860,963.87000000,1
1531161594731,1531161594727,9470688,0.00024860,619.75000000,1
1531161600016,1531161600012,9470689,0.00024860,240.18000000,1
1531161615128,1531161615124,9470690,0.00024850,0.34000000,1
1531161615655,1531161615650,9470691,0.00024850,0.90000000,1
1531161618495,1531161618491,9470692,0.00024860,5.00000000,0
1531161623023,1531161623018,9470693,0.00024860,12.14000000,0
1531161623023,1531161623018,9470694,0.00024880,792.36000000,0
1531161628567,1531161628564,9470695,0.00024880,34.02000000,0
1531161631386,1531161631382,9470696,0.00024860,919.77000000,1
1531161631404,1531161631399,9470697,0.00024860,560.36000000,1
1531161645523,1531161645518,9470698,0.00024870,1190.09000000,0
1531161645535,1531161645532,9470699,0.00024860,793.38000000,1
1531161651282,1531161651281,9470700,0.00024860,1462.31000000,1
1531161660924,1531161660920,9470701,0.00024860,1050.02000000,1
1531161660934,1531161660932,9470702,0.00024860,1445.29000000,1
1531161662831,1531161662829,9470703,0.00024880,5.00000000,0
1531161664590,1531161664585,9470704,0.00024860,323.19000000,1
1531161664600,1531161664595,9470705,0.00024860,323.20000000,0
1531161664608,1531161664604,9470706,0.00024860,323.18000000,1
1531161679079,1531161679076,9470707,0.00024860,0.01000000,1
1531161679089,1531161679084,9470708,0.00024860,441.09000000,0
1531161679108,1531161679102,9470709,0.00024860,0.01000000,1
1531161679111,1531161679107,9470710,0.00024860,116.69000000,0
1531161681837,1531161681833,9470711,0.00024850,31.99000000,1
1531161681837,1531161681833,9470712,0.00024830,58.31000000,1
1531161681837,1531161681833,9470713,0.00024830,31.99000000,1
1531161691747,1531161691742,9470714,0.00024840,1483.75000000,1
1531161691770,1531161691766,9470715,0.00024860,529.68000000,0
1531161705637,1531161705631,9470716,0.00024840,579.46000000,1
1531161705637,1531161705631,9470717,0.00024830,89.91000000,1
1531161705637,1531161705631,9470718,0.00024810,358.63000000,1
1531161705639,1531161705635,9470719,0.00024810,104.23000000,1
1531161705653,1531161705645,9470720,0.00024810,29.15000000,1
1531161705653,1531161705645,9470721,0.00024800,550.31000000,1
1531161705653,1531161705645,9470722,0.00024800,401.36000000,1
1531161705664,1531161705661,9470723,0.00024800,40.64000000,1
1531161705666,1531161705661,9470724,0.00024800,579.46000000,1
1531161705667,1531161705663,9470725,0.00024800,258.66000000,1
1531161705667,1531161705663,9470726,0.00024790,320.80000000,1
1531161705668,1531161705663,9470727,0.00024790,533.02000000,1
1531161705690,1531161705684,9470728,0.00024790,330.50000000,1
1531161705690,1531161705684,9470729,0.00024780,550.61000000,1
1531161705746,1531161705742,9470730,0.00024780,24.95000000,0
1531161706565,1531161706561,9470731,0.00024780,19.10000000,0
1531161706594,1531161706589,9470732,0.00024780,0.79000000,0
1531161706594,1531161706589,9470733,0.00024860,19.10000000,0
1531161707769,1531161707767,9470734,0.00024770,0.69000000,1
1531161707770,1531161707767,9470735,0.00024770,23.40000000,1
1531161707773,1531161707767,9470736,0.00024770,237.92000000,1
1531161707773,1531161707767,9470737,0.00024760,595.40000000,1
1531161707933,1531161707910,9470738,0.00024760,0.69000000,1
1531161707933,1531161707915,9470739,0.00024760,38.71000000,1
1531161710861,1531161710857,9470740,0.00024800,40.32000000,0
1531161712089,1531161712086,9470741,0.00024800,34.11000000,0
1531161712884,1531161712880,9470742,0.00024800,9.81000000,0
1531161714126,1531161714121,9470743,0.00024800,105.00000000,0
1531161715551,1531161715547,9470744,0.00024790,58.08000000,0
1531161715555,1531161715551,9470745,0.00024790,68.59000000,0
1531161715735,1531161715733,9470746,0.00024780,0.69000000,1
1531161716135,1531161716132,9470747,0.00024790,40.33000000,0
1531161718166,1531161718160,9470748,0.00024780,39.66000000,1
1531161719834,1531161719833,9470749,0.00024780,26.59000000,0
1531161724236,1531161724232,9470750,0.00024750,0.69000000,1
1531161724264,1531161724262,9470751,0.00024750,0.66000000,1
1531161728719,1531161728716,9470752,0.00024760,0.69000000,1
1531161728778,1531161728776,9470753,0.00024760,0.69000000,1
1531161730704,1531161730700,9470754,0.00024780,1401.84000000,0
1531161730716,1531161730712,9470755,0.00024760,897.24000000,1
1531161735518,1531161735515,9470756,0.00024760,1.38000000,0
1531161735518,1531161735515,9470757,0.00024800,1.09000000,0
1531161735566,1531161735563,9470758,0.00024800,2.39000000,0
1531161735604,1531161735599,9470759,0.00024750,0.69000000,1
1531161735671,1531161735667,9470760,0.00024750,0.69000000,1
1531161737848,1531161737844,9470761,0.00024760,201.94000000,0
1531161739733,1531161739731,9470762,0.00024750,0.69000000,1
1531161739778,1531161739774,9470763,0.00024790,4.03000000,0
1531161742924,1531161742920,9470764,0.00024760,0.69000000,1
1531161748293,1531161748289,9470765,0.00024760,0.69000000,1
1531161751836,1531161751832,9470766,0.00024760,92.85000000,1
1531161753205,1531161753201,9470767,0.00024750,0.69000000,1
1531161757807,1531161757805,9470768,0.00024760,0.69000000,1
1531161759852,1531161759848,9470769,0.00024770,1048.61000000,0
1531161759869,1531161759865,9470770,0.00024760,699.09000000,1
1531161762450,1531161762446,9470771,0.00024760,13.44000000,1
1531161762578,1531161762575,9470772,0.00024760,4.08000000,1
1531161763216,1531161763212,9470773,0.00024760,4.08000000,1
1531161763457,1531161763454,9470774,0.00024760,12.24000000,1
1531161763665,1531161763660,9470775,0.00024760,6.12000000,1
1531161764389,1531161764384,9470776,0.00024760,0.69000000,1
1531161768565,1531161768560,9470777,0.00024770,0.69000000,1
1531161769045,1531161769042,9470778,0.00024770,297.58000000,1
1531161770259,1531161770255,9470779,0.00024770,0.68000000,0
1531161770259,1531161770255,9470780,0.00024790,16.38000000,0
1531161775267,1531161775263,9470781,0.00024770,0.69000000,1
1531161777775,1531161777772,9470782,0.00024770,0.69000000,1
1531161782997,1531161782993,9470783,0.00024770,0.69000000,1
1531161783577,1531161783572,9470784,0.00024780,4.04000000,0
1531161783828,1531161783824,9470785,0.00024780,4.04000000,0
1531161785058,1531161785054,9470786,0.00024780,814.14000000,0
1531161786953,1531161786948,9470787,0.00024770,0.69000000,1
1531161794921,1531161794916,9470788,0.00024770,0.69000000,1
1531161794961,1531161794957,9470789,0.00024770,40.78000000,1
1531161797800,1531161797797,9470790,0.00024770,144.57000000,1
1531161798728,1531161798724,9470791,0.00024770,424.97000000,1
1531161799222,1531161799218,9470792,0.00024760,0.69000000,1
1531161799769,1531161799764,9470793,0.00024770,0.15000000,0
1531161799769,1531161799764,9470794,0.00024780,3.88000000,0
1531161803934,1531161803930,9470795,0.00024760,0.69000000,1
1531161805945,1531161805938,9470796,0.00024760,0.69000000,1
1531161808153,1531161808150,9470797,0.00024770,98.85000000,1
1531161808162,1531161808158,9470798,0.00024770,48.19000000,1
1531161811476,1531161811471,9470799,0.00024770,1035.91000000,1
1531161811493,1531161811488,9470800,0.00024770,139.26000000,0
1531161811504,1531161811500,9470801,0.00024770,697.33000000,1
1531161811517,1531161811513,9470802,0.00024770,338.58000000,1
1531161812811,1531161812808,9470803,0.00024750,0.69000000,1
1531161816589,1531161816585,9470804,0.00024780,7.85000000,0
1531161818205,1531161818200,9470805,0.00024760,0.69000000,1
1531161818734,1531161818729,9470806,0.00024770,2673.14000000,0
1531161818755,1531161818751,9470807,0.00024760,215.12000000,1
1531161818771,1531161818767,9470808,0.00024760,1113.11000000,1
1531161822985,1531161822979,9470809,0.00024750,0.69000000,1
1531161826269,1531161826265,9470810,0.00024750,0.69000000,1
1531161831658,1531161831635,9470811,0.00024750,0.69000000,1
1531161832710,1531161832704,9470812,0.00024760,0.68000000,0
1531161834666,1531161834661,9470813,0.00024770,43.59000000,1
1531161835662,1531161835658,9470814,0.00024770,150.50000000,1
1531161835993,1531161835991,9470815,0.00024770,0.69000000,1
1531161836837,1531161836832,9470816,0.00024780,8.88000000,0
1531161838136,1531161838130,9470817,0.00024780,1504.03000000,0
1531161838151,1531161838145,9470818,0.00024770,951.90000000,1
1531161838164,1531161838159,9470819,0.00024790,249.86000000,0
1531161839167,1531161839161,9470820,0.00024800,4.32000000,0
1531161841802,1531161841798,9470821,0.00024770,0.69000000,1
1531161848724,1531161848719,9470822,0.00024770,0.69000000,1
1531161850344,1531161850341,9470823,0.00024770,433.50000000,1
1531161850777,1531161850773,9470824,0.00024770,856.43000000,1
1531161851934,1531161851930,9470825,0.00024770,0.69000000,1
1531161854070,1531161854065,9470826,0.00024800,25.68000000,0
1531161854070,1531161854066,9470827,0.00024780,174.42000000,1
1531161854187,1531161854184,9470828,0.00024780,48.15000000,1
1531161858909,1531161858905,9470829,0.00024800,1358.17000000,0
1531161858916,1531161858912,9470830,0.00024780,0.69000000,1
1531161858923,1531161858921,9470831,0.00024780,1436.07000000,1
1531161858943,1531161858939,9470832,0.00024780,531.28000000,1
1531161859067,1531161859065,9470833,0.00024780,223.24000000,0
1531161863098,1531161863094,9470834,0.00024780,0.69000000,1
1531161866773,1531161866769,9470835,0.00024790,48.11000000,1
1531161866793,1531161866789,9470836,0.00024790,205.09000000,1
1531161867247,1531161867243,9470837,0.00024790,0.69000000,1
1531161868867,1531161868862,9470838,0.00024790,1470.23000000,1
1531161868885,1531161868880,9470839,0.00024790,1237.07000000,1
1531161869093,1531161869089,9470840,0.00024790,253.89000000,0
1531161874501,1531161874496,9470841,0.00024790,0.69000000,1
1531161876777,1531161876773,9470842,0.00024800,19.78000000,1
1531161879505,1531161879501,9470843,0.00024800,0.69000000,1
1531161879833,1531161879828,9470844,0.00024800,237.87000000,1
1531161879846,1531161879842,9470845,0.00024800,241.78000000,1
1531161881030,1531161881027,9470846,0.00024780,0.68000000,1
1531161887550,1531161887546,9470847,0.00024790,176.39000000,0
1531161887915,1531161887912,9470848,0.00024780,0.69000000,1
1531161888060,1531161888055,9470849,0.00024790,792.11000000,0
1531161888060,1531161888055,9470850,0.00024800,20.47000000,0
1531161888060,1531161888055,9470851,0.00024830,6.05000000,0
1531161888060,1531161888055,9470852,0.00024840,66.63000000,0
1531161888060,1531161888055,9470853,0.00024850,42.63000000,0
1531161888060,1531161888055,9470854,0.00024860,659.21000000,0
1531161905638,1531161905634,9470855,0.00024820,447.94000000,1
1531161905663,1531161905657,9470856,0.00024820,456.82000000,1
1531161909453,1531161909417,9470857,0.00024850,7.10000000,0
1531161911547,1531161911542,9470858,0.00024810,0.42000000,1
1531161914025,1531161914002,9470859,0.00024850,5.00000000,0
1531161915673,1531161915668,9470860,0.00024820,99.09000000,1
1531161915690,1531161915685,9470861,0.00024820,137.96000000,1
1531161919046,1531161919043,9470862,0.00024850,293.00000000,0
1531161919046,1531161919043,9470863,0.00024860,207.00000000,0
1531161927312,1531161927308,9470864,0.00024820,13.25000000,0
1531161930326,1531161930322,9470865,0.00024810,20.39000000,1
1531161932012,1531161932008,9470866,0.00024820,7.10000000,0
1531161938519,1531161938513,9470867,0.00024820,7.02000000,0
1531161939050,1531161939046,9470868,0.00024820,102.16000000,0
1531161939237,1531161939231,9470869,0.00024820,5.00000000,0
1531161944242,1531161944236,9470870,0.00024820,5.26000000,0
1531161948010,1531161948005,9470871,0.00024820,50.00000000,0
1531161949807,1531161949802,9470872,0.00024820,40.00000000,0
1531161960593,1531161960591,9470873,0.00024810,2.30000000,1
1531161964853,1531161964850,9470874,0.00024790,2.07000000,1
1531161966666,1531161966662,9470875,0.00024790,0.69000000,1
1531161970027,1531161970023,9470876,0.00024800,0.69000000,1
1531161976468,1531161976463,9470877,0.00024800,0.69000000,1
1531161980199,1531161980198,9470878,0.00024800,0.69000000,1
1531161980250,1531161980244,9470879,0.00024810,3612.69000000,0
1531161980264,1531161980260,9470880,0.00024800,1317.12000000,1
1531161986642,1531161986637,9470881,0.00024780,0.69000000,1
1531161991582,1531161991579,9470882,0.00024790,587.37000000,1
1531161991594,1531161991593,9470883,0.00024790,1080.73000000,0
1531161991605,1531161991602,9470884,0.00024790,587.37000000,1
1531161991616,1531161991611,9470885,0.00024800,1.38000000,0
1531161993707,1531161993704,9470886,0.00024820,4.43000000,0
1531161994881,1531161994876,9470887,0.00024820,10.07000000,0
1531162002547,1531162002542,9470888,0.00024810,595.99000000,1
1531162002568,1531162002564,9470889,0.00024810,572.63000000,1
1531162002592,1531162002589,9470890,0.00024810,229.21000000,1
1531162007958,1531162007953,9470891,0.00024780,0.69000000,1
1531162011641,1531162011636,9470892,0.00024790,0.69000000,1
1531162013494,1531162013489,9470893,0.00024800,1774.73000000,0
1531162013509,1531162013503,9470894,0.00024790,237.31000000,1
1531162013530,1531162013526,9470895,0.00024790,727.36000000,1
1531162015258,1531162015254,9470896,0.00024790,0.69000000,1
1531162019771,1531162019767,9470897,0.00024800,0.69000000,1
1531162020175,1531162020169,9470898,0.00024800,1523.86000000,1
1531162020190,1531162020186,9470899,0.00024790,119.82000000,1
1531162020190,1531162020186,9470900,0.00024780,542.50000000,1
1531162020190,1531162020186,9470901,0.00024770,861.54000000,1
1531162020241,1531162020237,9470902,0.00024770,237.83000000,1
1531162025083,1531162025079,9470903,0.00024760,0.69000000,1
1531162027255,1531162027250,9470904,0.00024780,5.81000000,0
1531162027635,1531162027632,9470905,0.00024760,198.05000000,1
1531162027635,1531162027632,9470906,0.00024750,186.28000000,1
1531162029186,1531162029181,9470907,0.00024780,17.35000000,0
1531162031138,1531162031133,9470908,0.00024750,0.69000000,1
1531162031898,1531162031893,9470909,0.00024780,1132.30000000,0
1531162031946,1531162031941,9470910,0.00024750,23.16000000,1
1531162033940,1531162033939,9470911,0.00024750,0.69000000,1
1531162038450,1531162038447,9470912,0.00024760,46.64000000,1
1531162038478,1531162038475,9470913,0.00024760,505.12000000,1
1531162040041,1531162040038,9470914,0.00024750,0.69000000,1
1531162040404,1531162040401,9470915,0.00024750,17.33000000,1
1531162044024,1531162044020,9470916,0.00024750,0.69000000,1
1531162048358,1531162048352,9470917,0.00024750,0.69000000,1
1531162048909,1531162048904,9470918,0.00024760,23.15000000,0
1531162053969,1531162053963,9470919,0.00024750,0.69000000,1
1531162057595,1531162057588,9470920,0.00024750,0.69000000,1
1531162063669,1531162063668,9470921,0.00024750,0.69000000,1
1531162066310,1531162066306,9470922,0.00024750,293.63000000,1
1531162067356,1531162067352,9470923,0.00024750,0.69000000,1
1531162071967,1531162071962,9470924,0.00024760,8.08000000,0
1531162074615,1531162074609,9470925,0.00024750,0.69000000,1
1531162079274,1531162079270,9470926,0.00024750,0.69000000,1
1531162082622,1531162082616,9470927,0.00024750,0.69000000,1
1531162085594,1531162085589,9470928,0.00024750,5.33000000,1
1531162090142,1531162090135,9470929,0.00024750,0.69000000,1
1531162093314,1531162093308,9470930,0.00024750,0.69000000,1
1531162098785,1531162098779,9470931,0.00024750,0.69000000,1
1531162103880,1531162103876,9470932,0.00024750,0.69000000,1
1531162109194,1531162109188,9470933,0.00024750,0.69000000,1
1531162115023,1531162115018,9470934,0.00024750,0.69000000,1
1531162116857,1531162116852,9470935,0.00024750,50.00000000,1
1531162120713,1531162120708,9470936,0.00024750,0.69000000,1
1531162123933,1531162123932,9470937,0.00024750,0.69000000,1
1531162128240,1531162128236,9470938,0.00024750,0.69000000,1
1531162135399,1531162135396,9470939,0.00024750,0.69000000,1
1531162139551,1531162139546,9470940,0.00024750,0.69000000,1
1531162140273,1531162140270,9470941,0.00024760,4.32000000,0
1531162142745,1531162142740,9470942,0.00024750,20.97000000,1
1531162143924,1531162143918,9470943,0.00024750,0.69000000,1
1531162147881,1531162147877,9470944,0.00024760,39.18000000,0
1531162148654,1531162148652,9470945,0.00024750,0.69000000,1
1531162150725,1531162150721,9470946,0.00024750,31.70000000,1
1531162153190,1531162153185,9470947,0.00024750,0.69000000,1
1531162159255,1531162159252,9470948,0.00024750,0.69000000,1
1531162160421,1531162160416,9470949,0.00024750,500.00000000,1
1531162161640,1531162161635,9470950,0.00024750,213.69000000,1
1531162162678,1531162162672,9470951,0.00024760,0.93000000,0
1531162162678,1531162162672,9470952,0.00024800,499.07000000,0
1531162165449,1531162165448,9470953,0.00024750,0.69000000,1
1531162168329,1531162168326,9470954,0.00024780,94.39000000,0
1531162170265,1531162170261,9470955,0.00024750,0.69000000,1
1531162171047,1531162171044,9470956,0.00024780,116.51000000,0
1531162171081,1531162171077,9470957,0.00024780,94.39000000,1
1531162174103,1531162174098,9470958,0.00024750,0.69000000,1
1531162175184,1531162175180,9470959,0.00024770,22.27000000,0
1531162176769,1531162176769,9470960,0.00024750,0.69000000,1
1531162178869,1531162178864,9470961,0.00024760,632.97000000,0
1531162178883,1531162178881,9470962,0.00024770,383.48000000,0
1531162178924,1531162178921,9470963,0.00024770,22.27000000,1
1531162178925,1531162178922,9470964,0.00024750,22.27000000,1
1531162181329,1531162181323,9470965,0.00024750,0.69000000,1
1531162188996,1531162188990,9470966,0.00024750,0.69000000,1
1531162190063,1531162190059,9470967,0.00024760,4.32000000,0
1531162190573,1531162190567,9470968,0.00024750,0.69000000,1
1531162196925,1531162196921,9470969,0.00024760,3.06000000,0
1531162196955,1531162196951,9470970,0.00024750,0.69000000,1
1531162201273,1531162201269,9470971,0.00024750,0.69000000,1
1531162205304,1531162205299,9470972,0.00024760,45.00000000,0
1531162206569,1531162206563,9470973,0.00024750,0.69000000,1
1531162211578,1531162211573,9470974,0.00024750,0.69000000,1
1531162212238,1531162212234,9470975,0.00024760,5.00000000,0
1531162216352,1531162216349,9470976,0.00024750,0.63000000,1
1531162217839,1531162217835,9470977,0.00024750,0.69000000,1
1531162221309,1531162221305,9470978,0.00024750,0.69000000,1
1531162221902,1531162221898,9470979,0.00024750,672.20000000,1
1531162224784,1531162224779,9470980,0.00024750,0.69000000,1
1531162239587,1531162239582,9470981,0.00024760,5.00000000,0
1531162255009,1531162255003,9470982,0.00024760,40.91000000,0
1531162265991,1531162265987,9470983,0.00024760,66.39000000,1
1531162269435,1531162269432,9470984,0.00024770,8.96000000,0
1531162269435,1531162269432,9470985,0.00024780,124.76000000,0
1531162281299,1531162281294,9470986,0.00024760,39.37000000,1
1531162282119,1531162282114,9470987,0.00024760,27.53000000,1
1531162282222,1531162282217,9470988,0.00024760,429.21000000,0
1531162282236,1531162282232,9470989,0.00024770,248.21000000,0
1531162293364,1531162293360,9470990,0.00024770,103.26000000,0
1531162306103,1531162306097,9470991,0.00024760,4.32000000,0
1531162306201,1531162306196,9470992,0.00024760,4.40000000,0
1531162321390,1531162321386,9470993,0.00024750,75.86000000,1
1531162330664,1531162330661,9470994,0.00024770,9.81000000,0
1531162330956,1531162330950,9470995,0.00024770,1335.02000000,0
1531162330978,1531162330975,9470996,0.00024770,64.70000000,0
1531162331126,1531162331121,9470997,0.00024770,9.80000000,1
1531162337422,1531162337417,9470998,0.00024760,8.99000000,0
1531162346442,1531162346438,9470999,0.00024760,2036.52000000,0
1531162346461,1531162346455,9471000,0.00024770,24.39000000,0
1531162346486,1531162346482,9471001,0.00024770,1168.84000000,0
1531162347499,1531162347494,9471002,0.00024760,96.49000000,1
1531162347554,1531162347548,9471003,0.00024760,387.15000000,1
1531162348585,1531162348582,9471004,0.00024760,531.79000000,1
1531162348761,1531162348756,9471005,0.00024790,0.96000000,0
1531162349809,1531162349803,9471006,0.00024760,59.97000000,1
1531162350693,1531162350686,9471007,0.00024760,387.15000000,1
1531162351757,1531162351754,9471008,0.00024770,22.57000000,1
1531162351764,1531162351759,9471009,0.00024760,22.57000000,1
1531162351861,1531162351855,9471010,0.00024760,22.57000000,1
1531162353533,1531162353529,9471011,0.00024760,42.61000000,1
1531162353800,1531162353795,9471012,0.00024760,129.05000000,1
1531162354484,1531162354480,9471013,0.00024760,78.38000000,1
1531162356182,1531162356178,9471014,0.00024780,752.49000000,0
1531162356204,1531162356199,9471015,0.00024780,1444.25000000,0
1531162357120,1531162357116,9471016,0.00024760,43.02000000,1
1531162358904,1531162358903,9471017,0.00024760,81.25000000,1
1531162362039,1531162362034,9471018,0.00024750,30.91000000,1
1531162363094,1531162363090,9471019,0.00024750,57.57000000,1
1531162392677,1531162392676,9471020,0.00024750,300.00000000,1
1531162399859,1531162399856,9471021,0.00024750,1.64000000,1
1531162401108,1531162401104,9471022,0.00024750,0.59000000,1
1531162402195,1531162402191,9471023,0.00024750,0.50000000,1
1531162419752,1531162419748,9471024,0.00024760,95.90000000,0
1531162430023,1531162430019,9471025,0.00024770,66.80000000,0
1531162436692,1531162436687,9471026,0.00024760,2.31000000,1
1531162436927,1531162436921,9471027,0.00024760,1.18000000,1
1531162441109,1531162441104,9471028,0.00024760,0.59000000,1
1531162445613,1531162445607,9471029,0.00024760,494.12000000,1
1531162445639,1531162445634,9471030,0.00024770,294.12000000,0
1531162449431,1531162449426,9471031,0.00024760,0.55000000,1
1531162450095,1531162450089,9471032,0.00024760,2.91000000,1
1531162452793,1531162452787,9471033,0.00024760,0.59000000,1
1531162453205,1531162453198,9471034,0.00024760,980.46000000,1
1531162453347,1531162453344,9471035,0.00024760,772.26000000,1
1531162456085,1531162456082,9471036,0.00024750,93.60000000,1
1531162457701,1531162457698,9471037,0.00024770,7.85000000,0
1531162458251,1531162458245,9471038,0.00024760,1299.96000000,0
1531162458262,1531162458257,9471039,0.00024770,1023.60000000,0
1531162458275,1531162458270,9471040,0.00024770,1391.98000000,0
1531162458372,1531162458367,9471041,0.00024770,7.84000000,1
1531162464558,1531162464554,9471042,0.00024770,869.37000000,0
1531162464594,1531162464591,9471043,0.00024760,980.72000000,1
1531162464708,1531162464705,9471044,0.00024760,129.05000000,1
1531162464733,1531162464728,9471045,0.00024760,230.26000000,1
1531162465224,1531162465218,9471046,0.00024760,576.97000000,1
1531162468217,1531162468211,9471047,0.00024760,34.00000000,0
1531162468281,1531162468275,9471048,0.00024750,0.58000000,1
1531162480231,1531162480225,9471049,0.00024760,61.71000000,0
1531162490716,1531162490711,9471050,0.00024750,0.59000000,1
1531162500342,1531162500337,9471051,0.00024760,0.59000000,1
1531162509508,1531162509506,9471052,0.00024770,1125.50000000,0
1531162510410,1531162510406,9471053,0.00024780,5.00000000,0
1531162512028,1531162512023,9471054,0.00024760,518.30000000,1
1531162514623,1531162514620,9471055,0.00024760,89.90000000,1
1531162514628,1531162514623,9471056,0.00024760,0.35000000,1
1531162526166,1531162526162,9471057,0.00024760,599.86000000,1
1531162532969,1531162532964,9471058,0.00024760,434.23000000,1
1531162533158,1531162533153,9471059,0.00024770,5.00000000,0
1531162533864,1531162533859,9471060,0.00024760,821.91000000,1
1531162557214,1531162557208,9471061,0.00024760,4.32000000,0
1531162559399,1531162559396,9471062,0.00024750,0.59000000,1
1531162561185,1531162561181,9471063,0.00024750,434.23000000,1
1531162565719,1531162565713,9471064,0.00024750,434.23000000,1
1531162567189,1531162567183,9471065,0.00024760,100.59000000,1
1531162568200,1531162568195,9471066,0.00024760,1150.05000000,1
1531162568810,1531162568806,9471067,0.00024750,434.23000000,1
1531162571987,1531162571983,9471068,0.00024750,434.23000000,1
1531162574977,1531162574971,9471069,0.00024760,1.22000000,0
1531162575320,1531162575313,9471070,0.00024760,63.27000000,1
1531162575320,1531162575313,9471071,0.00024750,81.47000000,1
1531162578433,1531162578427,9471072,0.00024750,144.74000000,1
1531162581349,1531162581345,9471073,0.00024750,15.00000000,1
1531162581526,1531162581521,9471074,0.00024750,144.74000000,1
1531162584775,1531162584770,9471075,0.00024750,144.74000000,1
1531162587880,1531162587874,9471076,0.00024750,48.25000000,1
1531162589937,1531162589931,9471077,0.00024750,69.91000000,1
1531162590984,1531162590980,9471078,0.00024750,48.25000000,1
1531162591765,1531162591762,9471079,0.00024750,1753.61000000,1
1531162595059,1531162595055,9471080,0.00024750,280.00000000,1
1531162595075,1531162595072,9471081,0.00024750,300.00000000,1
1531162595415,1531162595410,9471082,0.00024750,294.00000000,1
1531162596936,1531162596932,9471083,0.00024750,487.27000000,1
1531162597121,1531162597116,9471084,0.00024750,144.74000000,1
1531162599510,1531162599505,9471085,0.00024750,0.59000000,1
1531162599616,1531162599610,9471086,0.00024760,1249.51000000,0
1531162600225,1531162600221,9471087,0.00024750,144.74000000,1
1531162603602,1531162603598,9471088,0.00024750,144.74000000,1
1531162605925,1531162605919,9471089,0.00024750,207.30000000,1
1531162606568,1531162606563,9471090,0.00024760,8.55000000,0
1531162606568,1531162606563,9471091,0.00024790,491.45000000,0
1531162606742,1531162606738,9471092,0.00024750,144.74000000,1
1531162609881,1531162609876,9471093,0.00024750,48.25000000,1
1531162612411,1531162612406,9471094,0.00024750,4.09000000,1
1531162613002,1531162612998,9471095,0.00024750,48.25000000,1
1531162614142,1531162614137,9471096,0.00024760,297.87000000,0
1531162614154,1531162614149,9471097,0.00024780,225.65000000,0
1531162620589,1531162620581,9471098,0.00024750,63.89000000,1
1531162620589,1531162620581,9471099,0.00024740,238.45000000,1
1531162620589,1531162620581,9471100,0.00024730,280.99000000,1
1531162620589,1531162620581,9471101,0.00024720,362.32000000,1
1531162627442,1531162627438,9471102,0.00024720,0.69000000,1
1531162632075,1531162632074,9471103,0.00024740,2.98000000,0
1531162632151,1531162632146,9471104,0.00024740,3.00000000,0
1531162632203,1531162632197,9471105,0.00024740,0.85000000,0
1531162632203,1531162632197,9471106,0.00024750,2.64000000,0
1531162632233,1531162632228,9471107,0.00024710,0.70000000,1
1531162632286,1531162632282,9471108,0.00024710,0.69000000,1
1531162633349,1531162633343,9471109,0.00024750,83.64000000,0
1531162635107,1531162635102,9471110,0.00024750,5.81000000,0
1531162637918,1531162637913,9471111,0.00024710,0.69000000,1
1531162637970,1531162637964,9471112,0.00024710,0.69000000,1
1531162641114,1531162641108,9471113,0.00024710,0.69000000,1
1531162641121,1531162641117,9471114,0.00024740,1335.58000000,0
1531162644399,1531162644397,9471115,0.00024750,14.04000000,0
1531162647422,1531162647416,9471116,0.00024710,0.69000000,1
1531162647678,1531162647673,9471117,0.00024710,20.64000000,1
1531162651935,1531162651930,9471118,0.00024710,0.69000000,1
1531162653363,1531162653357,9471119,0.00024740,704.12000000,0
1531162653380,1531162653378,9471120,0.00024740,1223.56000000,0
1531162656902,1531162656899,9471121,0.00024710,0.69000000,1
1531162659354,1531162659349,9471122,0.00024710,0.69000000,1
1531162662867,1531162662861,9471123,0.00024740,0.69000000,1
1531162671943,1531162671938,9471124,0.00024740,40.83000000,1
1531162672441,1531162672437,9471125,0.00024740,4.09000000,1
1531162672559,1531162672556,9471126,0.00024740,4.09000000,1
1531162730883,1531162730878,9471127,0.00024750,7.27000000,0
1531162736164,1531162736159,9471128,0.00024750,23.84000000,0
1531162748476,1531162748472,9471129,0.00024750,6.46000000,0
1531162753719,1531162753713,9471130,0.00024750,20.00000000,0
1531162756600,1531162756598,9471131,0.00024740,0.58000000,1
1531162762664,1531162762656,9471132,0.00024750,832.10000000,0
1531162762664,1531162762656,9471133,0.00024780,33.51000000,0
1531162762664,1531162762656,9471134,0.00024790,121.14000000,0
1531162762664,1531162762656,9471135,0.00024800,2250.58000000,0
1531162762664,1531162762656,9471136,0.00024810,1000.00000000,0
1531162762664,1531162762656,9471137,0.00024830,214.33000000,0
1531162762664,1531162762656,9471138,0.00024840,1300.00000000,0
1531162762664,1531162762656,9471139,0.00024850,248.34000000,0
1531162763742,1531162763737,9471140,0.00024830,25.00000000,0
1531162763742,1531162763737,9471141,0.00024840,128.09000000,0
1531162765010,1531162765004,9471142,0.00024750,27.43000000,1
1531162765010,1531162765004,9471143,0.00024740,527.13000000,1
1531162768245,1531162768239,9471144,0.00024780,0.92000000,0
1531162794688,1531162794685,9471145,0.00024770,26.51000000,0
1531162794688,1531162794685,9471146,0.00024800,1.40000000,0
1531162798500,1531162798497,9471147,0.00024760,2.31000000,1
1531162803508,1531162803502,9471148,0.00024780,6.91000000,0
1531162804313,1531162804307,9471149,0.00024780,14.10000000,0
1531162807581,1531162807576,9471150,0.00024780,850.26000000,0
1531162808483,1531162808478,9471151,0.00024780,21.00000000,1
1531162810771,1531162810763,9471152,0.00024760,1.96000000,1
1531162811971,1531162811965,9471153,0.00024780,0.02000000,0
1531162814271,1531162814265,9471154,0.00024760,0.18000000,1
1531162819511,1531162819506,9471155,0.00024790,717.73000000,0
1531162823743,1531162823741,9471156,0.00024760,48.25000000,1
1531162824416,1531162824413,9471157,0.00024760,115.24000000,1
1531162828257,1531162828251,9471158,0.00024760,5.11000000,0
1531162829555,1531162829547,9471159,0.00024750,11.26000000,1
1531162831893,1531162831887,9471160,0.00024760,5.00000000,0
1531162845459,1531162845453,9471161,0.00024770,188.75000000,0
1531162845857,1531162845853,9471162,0.00024760,713.95000000,1
1531162846338,1531162846332,9471163,0.00024760,145.05000000,0
1531162846338,1531162846332,9471164,0.00024780,55.44000000,0
1531162846338,1531162846332,9471165,0.00024800,1.92000000,0
1531162850562,1531162850557,9471166,0.00024790,502.25000000,0
1531162850585,1531162850580,9471167,0.00024790,478.57000000,0
1531162859888,1531162859882,9471168,0.00024760,1874.00000000,1
1531162861527,1531162861521,9471169,0.00024760,0.83000000,0
1531162861527,1531162861521,9471170,0.00024800,21.77000000,0
1531162867674,1531162867668,9471171,0.00024800,33.48000000,0
1531162867674,1531162867668,9471172,0.00024820,8.33000000,0
1531162867917,1531162867914,9471173,0.00024760,161.55000000,1
1531162871799,1531162871794,9471174,0.00024760,0.07000000,0
1531162871917,1531162871912,9471175,0.00024760,48.25000000,1
1531162872093,1531162872088,9471176,0.00024760,151.68000000,1
1531162880132,1531162880126,9471177,0.00024750,43.17000000,1
1531162901839,1531162901833,9471178,0.00024770,1345.01000000,0
1531162901851,1531162901846,9471179,0.00024800,1126.10000000,0
1531162914126,1531162914120,9471180,0.00024770,1483.81000000,0
1531162914143,1531162914138,9471181,0.00024800,252.93000000,0
1531162914161,1531162914156,9471182,0.00024800,734.50000000,0
1531162917799,1531162917794,9471183,0.00024760,434.23000000,1
1531162918128,1531162918123,9471184,0.00024760,1395.77000000,1
1531162939212,1531162939207,9471185,0.00024790,1452.50000000,0
1531162947944,1531162947939,9471186,0.00024760,434.23000000,1
1531162953025,1531162953022,9471187,0.00024790,897.10000000,0
1531162953048,1531162953042,9471188,0.00024790,66.04000000,0
1531162953126,1531162953120,9471189,0.00024760,48.25000000,1
1531162953400,1531162953396,9471190,0.00024760,65.45000000,1
1531162966154,1531162966148,9471191,0.00024790,41.29000000,0
1531162968066,1531162968060,9471192,0.00024770,936.88000000,0
1531162968076,1531162968070,9471193,0.00024790,294.30000000,0
1531162968118,1531162968112,9471194,0.00024790,20.07000000,1
1531162981144,1531162981139,9471195,0.00024760,11.50000000,1
1531162981316,1531162981314,9471196,0.00024760,169.32000000,0
1531163004591,1531163004585,9471197,0.00024760,1166.03000000,0
1531163004600,1531163004595,9471198,0.00024770,1328.44000000,0
1531163020100,1531163020094,9471199,0.00024790,879.98000000,0
1531163020119,1531163020115,9471200,0.00024790,958.00000000,0
1531163038445,1531163038416,9471201,0.00024780,631.08000000,0
1531163039376,1531163039372,9471202,0.00024780,4.04000000,0
1531163068258,1531163068252,9471203,0.00024780,12.01000000,0
1531163093681,1531163093675,9471204,0.00024770,1229.35000000,0
1531163095416,1531163095411,9471205,0.00024790,3.05000000,0
1531163096977,1531163096970,9471206,0.00024780,20.16000000,0
1531163101551,1531163101548,9471207,0.00024760,1161.90000000,0
1531163101565,1531163101560,9471208,0.00024780,1311.63000000,0
1531163102474,1531163102470,9471209,0.00024780,8.99000000,1
1531163103383,1531163103378,9471210,0.00024780,45.13000000,1
1531163111301,1531163111295,9471211,0.00024780,0.02000000,0
1531163111301,1531163111295,9471212,0.00024800,4.98000000,0
1531163111378,1531163111372,9471213,0.00024790,18.79000000,0
1531163111378,1531163111372,9471214,0.00024800,181.21000000,0
1531163114060,1531163114054,9471215,0.00024780,0.49000000,1
1531163114338,1531163114333,9471216,0.00024780,80.23000000,1
1531163121957,1531163121951,9471217,0.00024770,312.58000000,0
1531163128285,1531163128278,9471218,0.00024780,0.04000000,0
1531163138573,1531163138568,9471219,0.00024770,674.69000000,0
1531163138583,1531163138578,9471220,0.00024790,973.87000000,0
1531163138609,1531163138602,9471221,0.00024790,1156.15000000,0
1531163152740,1531163152735,9471222,0.00024780,948.84000000,0
1531163152754,1531163152749,9471223,0.00024790,494.18000000,0
1531163157478,1531163157472,9471224,0.00024770,40.37000000,1
1531163158023,1531163158016,9471225,0.00024770,101.28000000,1
1531163181511,1531163181505,9471226,0.00024760,4.27000000,1
1531163182634,1531163182629,9471227,0.00024770,687.62000000,0
1531163182644,1531163182639,9471228,0.00024780,1012.87000000,0
1531163182662,1531163182657,9471229,0.00024780,1105.24000000,0
1531163190681,1531163190674,9471230,0.00024760,2.31000000,1
1531163196518,1531163196514,9471231,0.00024780,9.81000000,0
1531163199261,1531163199256,9471232,0.00024770,981.12000000,0
1531163199275,1531163199269,9471233,0.00024780,353.56000000,0
1531163199325,1531163199320,9471234,0.00024780,9.81000000,1
1531163213164,1531163213160,9471235,0.00024780,106.84000000,0
1531163224821,1531163224816,9471236,0.00024780,815.75000000,0
1531163226308,1531163226303,9471237,0.00024790,7.99000000,0
1531163226308,1531163226303,9471238,0.00024800,52.13000000,0
1531163227277,1531163227271,9471239,0.00024830,6.05000000,0
1531163227277,1531163227271,9471240,0.00024840,48.44000000,0
1531163227277,1531163227271,9471241,0.00024850,5.63000000,0
1531163228102,1531163228098,9471242,0.00024760,62.01000000,1
1531163228563,1531163228556,9471243,0.00024760,0.04000000,0
1531163234496,1531163234490,9471244,0.00024780,1596.40000000,0
1531163234508,1531163234502,9471245,0.00024810,1207.25000000,0
1531163237452,1531163237444,9471246,0.00024850,0.92000000,0
1531163237485,1531163237478,9471247,0.00024850,0.92000000,0
1531163246023,1531163246017,9471248,0.00024850,103.86000000,0
1531163249527,1531163249521,9471249,0.00024830,0.02000000,0
1531163252044,1531163252039,9471250,0.00024830,1060.84000000,0
1531163258682,1531163258675,9471251,0.00024830,0.01000000,1
1531163266178,1531163266175,9471252,0.00024830,135.60000000,0
1531163270465,1531163270460,9471253,0.00024820,27.88000000,0
1531163274421,1531163274414,9471254,0.00024820,1011.68000000,0
1531163274440,1531163274435,9471255,0.00024830,925.23000000,0
1531163276995,1531163276990,9471256,0.00024830,21.06000000,1
1531163277020,1531163277014,9471257,0.00024830,4.91000000,1
1531163281778,1531163281772,9471258,0.00024840,868.11000000,0
1531163281797,1531163281792,9471259,0.00024830,109.63000000,1
1531163299156,1531163299151,9471260,0.00024820,471.80000000,0
1531163299178,1531163299174,9471261,0.00024830,1060.81000000,0
1531163316517,1531163316511,9471262,0.00024820,322.32000000,1
1531163316517,1531163316511,9471263,0.00024800,8.11000000,1
1531163316517,1531163316511,9471264,0.00024790,668.57000000,1
1531163327667,1531163327662,9471265,0.00024800,1362.63000000,0
1531163327681,1531163327675,9471266,0.00024820,1467.02000000,0
1531163339896,1531163339889,9471267,0.00024820,795.58000000,0
1531163359646,1531163359641,9471268,0.00024800,1351.84000000,0
1531163359660,1531163359654,9471269,0.00024820,247.31000000,0
1531163359680,1531163359675,9471270,0.00024820,1230.50000000,0
1531163366275,1531163366269,9471271,0.00024790,2.30000000,1
1531163367289,1531163367285,9471272,0.00024800,1731.10000000,0
1531163367298,1531163367292,9471273,0.00024820,298.37000000,0
1531163367320,1531163367314,9471274,0.00024820,800.38000000,0
1531163372090,1531163372086,9471275,0.00024790,1.95000000,1
1531163385822,1531163385816,9471276,0.00024830,537.62000000,0
1531163406757,1531163406755,9471277,0.00024840,602.46000000,0
1531163407434,1531163407428,9471278,0.00024840,8.00000000,0
1531163413464,1531163413461,9471279,0.00024830,5.00000000,0
1531163415008,1531163415003,9471280,0.00024800,0.20000000,1
1531163417780,1531163417774,9471281,0.00024820,1004.16000000,0
1531163421768,1531163421762,9471282,0.00024800,41.14000000,1
1531163421789,1531163421784,9471283,0.00024800,4.90000000,1
1531163421795,1531163421792,9471284,0.00024800,7.36000000,1
1531163433950,1531163433944,9471285,0.00024840,5.00000000,0
1531163434311,1531163434304,9471286,0.00024840,980.58000000,0
1531163439028,1531163439025,9471287,0.00024830,4.29000000,1
1531163440426,1531163440421,9471288,0.00024850,153.00000000,0
1531163442753,1531163442748,9471289,0.00024840,38.60000000,1
1531163458082,1531163458077,9471290,0.00024830,0.42000000,1
1531163458098,1531163458088,9471291,0.00024830,1350.42000000,0
1531163458117,1531163458110,9471292,0.00024840,251.12000000,0
1531163458134,1531163458131,9471293,0.00024840,1229.85000000,0
1531163471629,1531163471624,9471294,0.00024830,130.00000000,0
1531163480962,1531163480955,9471295,0.00024830,26.99000000,0
1531163480962,1531163480956,9471296,0.00024830,49.12000000,0
1531163480983,1531163480977,9471297,0.00024830,49.15000000,0
1531163481010,1531163481004,9471298,0.00024830,49.15000000,0
1531163481388,1531163481383,9471299,0.00024830,69.13000000,0
1531163486483,1531163486477,9471300,0.00024830,687.15000000,0
1531163486499,1531163486494,9471301,0.00024830,624.81000000,0
1531163498371,1531163498367,9471302,0.00024830,49.15000000,1
1531163499432,1531163499427,9471303,0.00024840,384.31000000,0
1531163499447,1531163499441,9471304,0.00024840,375.50000000,0
1531163499470,1531163499464,9471305,0.00024830,214.67000000,1
1531163505174,1531163505170,9471306,0.00024830,30.00000000,0
1531163509939,1531163509933,9471307,0.00024810,1309.25000000,1
1531163509962,1531163509957,9471308,0.00024820,888.50000000,0
1531163509982,1531163509976,9471309,0.00024820,569.25000000,0
1531163510003,1531163509996,9471310,0.00024830,623.67000000,0
1531163522522,1531163522516,9471311,0.00024820,2.30000000,1
1531163523895,1531163523889,9471312,0.00024830,834.70000000,0
1531163523907,1531163523903,9471313,0.00024820,1068.43000000,1
1531163523930,1531163523924,9471314,0.00024820,717.28000000,1
1531163529508,1531163529500,9471315,0.00024820,2.30000000,0
1531163529508,1531163529500,9471316,0.00024840,1121.75000000,0
1531163529508,1531163529500,9471317,0.00024850,35.00000000,0
1531163529508,1531163529500,9471318,0.00024860,4.43000000,0
1531163529508,1531163529500,9471319,0.00024870,60.07000000,0
1531163529508,1531163529500,9471320,0.00024880,2025.28000000,0
1531163529508,1531163529500,9471321,0.00024900,6.04000000,0
1531163529531,1531163529528,9471322,0.00024900,11.43000000,1
1531163529541,1531163529536,9471323,0.00024900,11.43000000,1
1531163529566,1531163529562,9471324,0.00024900,29.51000000,1
1531163529576,1531163529570,9471325,0.00024900,9.13000000,1
1531163529600,1531163529593,9471326,0.00024900,63.31000000,1
1531163530556,1531163530552,9471327,0.00024810,29.10000000,1
1531163530718,1531163530714,9471328,0.00024870,77.28000000,0
1531163530718,1531163530714,9471329,0.00024890,24.67000000,0
1531163539216,1531163539210,9471330,0.00024840,37.72000000,1
1531163542311,1531163542306,9471331,0.00024850,43.00000000,1
1531163544690,1531163544685,9471332,0.00024850,959.75000000,1
1531163544705,1531163544699,9471333,0.00024850,61.56000000,1
1531163555710,1531163555704,9471334,0.00024820,429.00000000,1
1531163558086,1531163558081,9471335,0.00024830,1456.96000000,0
1531163558099,1531163558093,9471336,0.00024820,1073.35000000,1
1531163558388,1531163558384,9471337,0.00024810,21.63000000,1
1531163559041,1531163559036,9471338,0.00024820,327.59000000,0
1531163570447,1531163570438,9471339,0.00024910,0.92000000,0
1531163570568,1531163570563,9471340,0.00024910,0.92000000,0
1531163578312,1531163578307,9471341,0.00024860,1187.14000000,0
1531163578326,1531163578320,9471342,0.00024880,1497.08000000,0
1531163578348,1531163578342,9471343,0.00024880,913.20000000,0
1531163592072,1531163592067,9471344,0.00024890,6.02000000,1
1531163612703,1531163612699,9471345,0.00024860,1073.64000000,1
1531163620224,1531163620218,9471346,0.00024870,901.69000000,1
1531163620249,1531163620242,9471347,0.00024870,1024.91000000,1
1531163623004,1531163622999,9471348,0.00024880,0.25000000,0
1531163626678,1531163626675,9471349,0.00024870,47.97000000,1
1531163626751,1531163626744,9471350,0.00024870,633.57000000,1
1531163631183,1531163631176,9471351,0.00024870,29.10000000,1
1531163632418,1531163632399,9471352,0.00024880,2766.44000000,0
1531163632418,1531163632411,9471353,0.00024870,14.45000000,1
1531163633163,1531163633157,9471354,0.00024850,2.30000000,1
1531163640392,1531163640385,9471355,0.00024860,1321.29000000,1
1531163640420,1531163640417,9471356,0.00024870,887.24000000,0
1531163643266,1531163643263,9471357,0.00024880,65.97000000,1
1531163644227,1531163644224,9471358,0.00024880,6.02000000,1
1531163646684,1531163646677,9471359,0.00024880,391.08000000,1
1531163646724,1531163646721,9471360,0.00024880,1287.96000000,1
1531163646744,1531163646741,9471361,0.00024880,96.57000000,1
1531163646766,1531163646761,9471362,0.00024870,14.45000000,1
1531163660766,1531163660761,9471363,0.00024850,1.76000000,1
1531163665755,1531163665750,9471364,0.00024860,2179.47000000,1
1531163665769,1531163665764,9471365,0.00024860,158.16000000,0
1531163665786,1531163665780,9471366,0.00024860,1307.22000000,1
1531163665807,1531163665802,9471367,0.00024860,872.25000000,1
1531163665827,1531163665822,9471368,0.00024870,887.24000000,0
1531163678411,1531163678404,9471369,0.00024880,877.89000000,1
1531163678421,1531163678416,9471370,0.00024880,506.43000000,1
1531163693398,1531163693391,9471371,0.00024860,118.37000000,1
1531163693409,1531163693402,9471372,0.00024860,51.53000000,1
1531163703692,1531163703685,9471373,0.00024860,29.97000000,1
1531163707106,1531163707100,9471374,0.00024870,589.75000000,0
1531163707120,1531163707115,9471375,0.00024860,708.00000000,1
1531163707140,1531163707136,9471376,0.00024860,186.85000000,1
1531163710409,1531163710405,9471377,0.00024860,6.03000000,0
1531163714717,1531163714710,9471378,0.00024850,0.10000000,1
1531163716104,1531163716098,9471379,0.00024860,5.00000000,0
1531163722303,1531163722297,9471380,0.00024860,4.82000000,0
1531163726192,1531163726186,9471381,0.00024850,295.84000000,1
1531163726207,1531163726201,9471382,0.00024850,469.60000000,0
1531163726227,1531163726221,9471383,0.00024860,14.11000000,0
1531163735462,1531163735456,9471384,0.00024850,929.25000000,1
1531163735479,1531163735474,9471385,0.00024850,582.09000000,1
1531163750951,1531163750945,9471386,0.00024880,30.00000000,0
1531163753300,1531163753294,9471387,0.00024860,545.95000000,1
1531163753320,1531163753314,9471388,0.00024860,1174.00000000,1
1531163764304,1531163764298,9471389,0.00024850,6.03000000,1
1531163768695,1531163768691,9471390,0.00024860,1461.20000000,1
1531163779331,1531163779325,9471391,0.00024870,3122.84000000,0
1531163779339,1531163779333,9471392,0.00024860,84.62000000,1
1531163779354,1531163779349,9471393,0.00024860,1115.28000000,1
1531163790842,1531163790835,9471394,0.00024860,740.87000000,1
1531163807593,1531163807588,9471395,0.00024860,1137.44000000,1
1531163813091,1531163813086,9471396,0.00024860,32.96000000,0
1531163820247,1531163820241,9471397,0.00024880,2653.16000000,0
1531163820260,1531163820254,9471398,0.00024860,1275.54000000,1
1531163832302,1531163832295,9471399,0.00024880,930.60000000,0
1531163832321,1531163832315,9471400,0.00024860,830.88000000,1
1531163839861,1531163839856,9471401,0.00024880,42.97000000,1
1531163844395,1531163844389,9471402,0.00024890,2269.11000000,0
1531163844402,1531163844397,9471403,0.00024880,617.95000000,1
1531163844424,1531163844418,9471404,0.00024880,767.42000000,1
1531163857495,1531163857488,9471405,0.00024880,16.08000000,0
1531163859289,1531163859284,9471406,0.00024880,26.88000000,0
1531163866862,1531163866855,9471407,0.00024900,563.00000000,0
1531163866862,1531163866855,9471408,0.00024910,639.00000000,0
1531163872242,1531163872237,9471409,0.00024890,93.40000000,1
1531163872265,1531163872260,9471410,0.00024880,783.49000000,1
1531163884147,1531163884142,9471411,0.00024870,6.02000000,1
1531163884166,1531163884160,9471412,0.00024870,2111.14000000,0
1531163884173,1531163884168,9471413,0.00024880,26.88000000,0
1531163895783,1531163895778,9471414,0.00024890,982.35000000,1
1531163895803,1531163895797,9471415,0.00024890,6.95000000,1
1531163895823,1531163895816,9471416,0.00024880,783.49000000,1
1531163895843,1531163895837,9471417,0.00024870,6.02000000,1
1531163899073,1531163899067,9471418,0.00024860,230.00000000,1
1531163911988,1531163911982,9471419,0.00024860,36.13000000,1
1531163912002,1531163911997,9471420,0.00024860,1424.88000000,0
1531163912012,1531163912005,9471421,0.00024870,2111.13000000,0
1531163912623,1531163912618,9471422,0.00024870,6.02000000,1
1531163924431,1531163924425,9471423,0.00024860,20.00000000,0
1531163934103,1531163934098,9471424,0.00024860,280.52000000,0
1531163934242,1531163934237,9471425,0.00024850,6.98000000,1
1531163940117,1531163940111,9471426,0.00024890,136.63000000,0
1531163940131,1531163940128,9471427,0.00024860,1373.47000000,1
1531163940153,1531163940148,9471428,0.00024860,131.37000000,1
1531163944239,1531163944233,9471429,0.00024850,6.02000000,1
1531163950569,1531163950564,9471430,0.00024890,920.01000000,0
1531163950583,1531163950577,9471431,0.00024860,821.45000000,1
1531163965133,1531163965129,9471432,0.00024890,2111.32000000,0
1531163965143,1531163965138,9471433,0.00024870,933.27000000,1
1531163965159,1531163965152,9471434,0.00024870,1426.55000000,1
1531163971768,1531163971763,9471435,0.00024860,8.50000000,1
1531163979262,1531163979256,9471436,0.00024900,114.88000000,0
1531163980171,1531163980166,9471437,0.00024880,2906.36000000,0
1531163980181,1531163980178,9471438,0.00024870,362.75000000,1
1531163980207,1531163980203,9471439,0.00024870,1345.52000000,1
1531163988158,1531163988156,9471440,0.00024900,15.40000000,0
1531163994259,1531163994254,9471441,0.00024880,1422.47000000,1
1531163997158,1531163997152,9471442,0.00024870,60.00000000,1
1531164002767,1531164002762,9471443,0.00024880,869.24000000,1
1531164007182,1531164007176,9471444,0.00024910,114.48000000,0
1531164009532,1531164009526,9471445,0.00024910,6.00000000,0
1531164017459,1531164017455,9471446,0.00024880,208.62000000,1
1531164035551,1531164035547,9471447,0.00024880,5.00000000,0
1531164035634,1531164035627,9471448,0.00024870,42.99000000,1
1531164061553,1531164061548,9471449,0.00024870,27.70000000,1
1531164063940,1531164063937,9471450,0.00024870,6.00000000,1
1531164129578,1531164129571,9471451,0.00024880,6.00000000,0
1531164134235,1531164134233,9471452,0.00024870,10.87000000,1
1531164175792,1531164175786,9471453,0.00024870,320.09000000,1
1531164176121,1531164176115,9471454,0.00024870,129.91000000,0
1531164185739,1531164185734,9471455,0.00024870,23.42000000,1
1531164185752,1531164185750,9471456,0.00024870,42.59000000,0
1531164185773,1531164185768,9471457,0.00024870,23.42000000,1
1531164194116,1531164194111,9471458,0.00024880,208.36000000,0
1531164213673,1531164213668,9471459,0.00024900,1138.50000000,1
1531164213690,1531164213685,9471460,0.00024900,1404.71000000,1
1531164222514,1531164222508,9471461,0.00024900,980.09000000,1
1531164222536,1531164222530,9471462,0.00024900,1000.50000000,1
1531164238223,1531164238218,9471463,0.00024900,120.48000000,1
1531164238433,1531164238429,9471464,0.00024900,28.02000000,1
1531164239957,1531164239952,9471465,0.00024900,417.12000000,1
1531164243151,1531164243148,9471466,0.00024890,5.12000000,1
1531164243394,1531164243387,9471467,0.00024890,4.21000000,1
1531164247175,1531164247169,9471468,0.00024900,148.50000000,0
1531164247246,1531164247242,9471469,0.00024900,40.16000000,1
1531164250727,1531164250720,9471470,0.00024900,40.16000000,1
1531164254209,1531164254205,9471471,0.00024910,40.14000000,1
1531164255023,1531164255016,9471472,0.00024910,226.03000000,1
1531164259691,1531164259689,9471473,0.00024910,604.63000000,1
1531164259711,1531164259705,9471474,0.00024900,336.80000000,1
1531164265765,1531164265759,9471475,0.00024890,73.65000000,1
1531164265781,1531164265776,9471476,0.00024890,2074.59000000,0
1531164265795,1531164265790,9471477,0.00024900,228.82000000,0
1531164271383,1531164271375,9471478,0.00024900,40.24000000,1
1531164278972,1531164278967,9471479,0.00024910,1432.91000000,1
1531164278995,1531164278989,9471480,0.00024910,620.89000000,1
1531164315565,1531164315559,9471481,0.00024900,250.00000000,0
1531164317037,1531164317032,9471482,0.00024890,35.00000000,1
1531164317069,1531164317064,9471483,0.00024880,35.00000000,1
1531164318808,1531164318802,9471484,0.00024900,5.00000000,0
1531164329972,1531164329967,9471485,0.00024880,201.10000000,1
1531164340081,1531164340074,9471486,0.00024890,169.52000000,1
1531164340104,1531164340100,9471487,0.00024890,82.70000000,1
1531164340122,1531164340117,9471488,0.00024890,126.51000000,1
1531164341206,1531164341201,9471489,0.00024900,5.00000000,0
1531164346978,1531164346971,9471490,0.00024900,100.00000000,0
1531164349392,1531164349387,9471491,0.00024890,1118.96000000,1
1531164356379,1531164356373,9471492,0.00024900,44.69000000,0
1531164356379,1531164356373,9471493,0.00024910,1180.76000000,0
1531164370732,1531164370727,9471494,0.00024910,286.73000000,1
1531164383442,1531164383437,9471495,0.00024910,941.75000000,1
1531164405324,1531164405319,9471496,0.00024920,50.00000000,0
1531164412572,1531164412567,9471497,0.00024920,577.40000000,0
1531164425805,1531164425799,9471498,0.00024930,10.10000000,0
1531164425874,1531164425870,9471499,0.00024930,69.90000000,1
1531164432612,1531164432606,9471500,0.00024940,151.59000000,0
1531164433988,1531164433984,9471501,0.00024940,119.48000000,0
1531164434029,1531164434023,9471502,0.00024940,81.52000000,1
1531164434044,1531164434038,9471503,0.00024920,81.52000000,1
1531164437548,1531164437542,9471504,0.00024920,6.65000000,1
1531164446272,1531164446266,9471505,0.00024950,9.90000000,0
1531164448906,1531164448902,9471506,0.00024920,5.98000000,1
1531164449705,1531164449700,9471507,0.00024930,371.03000000,1
1531164453289,1531164453285,9471508,0.00024930,259.61000000,1
1531164467522,1531164467517,9471509,0.00024920,1395.54000000,1
1531164467532,1531164467527,9471510,0.00024920,240.77000000,0
1531164467542,1531164467540,9471511,0.00024930,371.02000000,0
1531164472985,1531164472980,9471512,0.00024930,1110.96000000,0
1531164472995,1531164472988,9471513,0.00024920,483.01000000,1
1531164480991,1531164480986,9471514,0.00024930,3154.53000000,0
1531164481007,1531164481001,9471515,0.00024920,195.28000000,1
1531164481022,1531164481017,9471516,0.00024920,1126.60000000,1
1531164490906,1531164490902,9471517,0.00024930,100.00000000,0
1531164493071,1531164493066,9471518,0.00024930,23.88000000,0
1531164493160,1531164493157,9471519,0.00024920,807.55000000,1
1531164493171,1531164493167,9471520,0.00024920,985.23000000,0
1531164493183,1531164493177,9471521,0.00024920,807.54000000,1
1531164499699,1531164499693,9471522,0.00024910,1083.95000000,1
1531164499699,1531164499693,9471523,0.00024880,664.21000000,1
1531164505456,1531164505451,9471524,0.00024890,549.96000000,1
1531164505469,1531164505464,9471525,0.00024890,213.25000000,1
1531164514871,1531164514866,9471526,0.00024920,3.04000000,0
1531164515431,1531164515425,9471527,0.00024900,1010.64000000,0
1531164515441,1531164515440,9471528,0.00024890,1077.52000000,1
1531164515463,1531164515456,9471529,0.00024890,371.56000000,1
1531164518490,1531164518484,9471530,0.00024880,100.00000000,1
1531164533216,1531164533210,9471531,0.00024890,1390.18000000,1
1531164541559,1531164541555,9471532,0.00024920,3.04000000,0
1531164545451,1531164545445,9471533,0.00024910,1177.93000000,0
1531164545458,1531164545452,9471534,0.00024890,816.50000000,1
1531164545481,1531164545475,9471535,0.00024890,920.25000000,1
1531164548232,1531164548227,9471536,0.00024890,322.32000000,1
1531164551130,1531164551123,9471537,0.00024890,1124.47000000,1
1531164551146,1531164551139,9471538,0.00024890,691.19000000,1
1531164551367,1531164551363,9471539,0.00024890,5.27000000,0
1531164557251,1531164557245,9471540,0.00024890,21.00000000,0
1531164559982,1531164559977,9471541,0.00024890,84.04000000,0
1531164562119,1531164562112,9471542,0.00024880,1762.98000000,1
1531164562140,1531164562135,9471543,0.00024890,212.00000000,0
1531164573742,1531164573737,9471544,0.00024910,2034.00000000,0
1531164573754,1531164573749,9471545,0.00024900,224.46000000,1
1531164573773,1531164573770,9471546,0.00024900,706.25000000,1
1531164584401,1531164584396,9471547,0.00024910,2091.09000000,0
1531164584416,1531164584414,9471548,0.00024900,701.72000000,1
1531164600408,1531164600401,9471549,0.00024910,366.94000000,1
1531164600427,1531164600422,9471550,0.00024910,64.18000000,1
1531164614350,1531164614343,9471551,0.00024920,0.21000000,0
1531164616279,1531164616275,9471552,0.00024910,1108.42000000,1
1531164616292,1531164616287,9471553,0.00024910,665.03000000,0
1531164616301,1531164616299,9471554,0.00024910,1108.42000000,1
1531164625515,1531164625509,9471555,0.00024910,1233.31000000,1
1531164625538,1531164625531,9471556,0.00024910,1677.32000000,0
1531164625552,1531164625547,9471557,0.00024910,1233.30000000,1
1531164641268,1531164641261,9471558,0.00024910,0.01000000,1
1531164641282,1531164641276,9471559,0.00024910,686.56000000,0
1531164641296,1531164641295,9471560,0.00024910,0.01000000,1
1531164659625,1531164659620,9471561,0.00024910,61.64000000,1
1531164661844,1531164661842,9471562,0.00024910,716.06000000,1
1531164661859,1531164661853,9471563,0.00024910,733.25000000,1
1531164661876,1531164661870,9471564,0.00024910,525.31000000,1
1531164673228,1531164673220,9471565,0.00024910,335.55000000,0
1531164692714,1531164692708,9471566,0.00024910,251.40000000,1
1531164703676,1531164703670,9471567,0.00024900,77.23000000,1
1531164706639,1531164706632,9471568,0.00024910,335.55000000,0
1531164718349,1531164718345,9471569,0.00024910,8.08000000,1
1531164721956,1531164721950,9471570,0.00024910,64.00000000,1
1531164726061,1531164726055,9471571,0.00024920,4.18000000,0
1531164848524,1531164848518,9471572,0.00024920,124.71000000,0
1531164859467,1531164859462,9471573,0.00024930,1802.48000000,1
1531164859488,1531164859483,9471574,0.00024930,1305.92000000,1
1531164859507,1531164859502,9471575,0.00024930,850.24000000,1
1531164864981,1531164864975,9471576,0.00024930,1408.07000000,1
1531164864995,1531164864990,9471577,0.00024930,2112.12000000,0
1531164865011,1531164865005,9471578,0.00024930,1408.06000000,1
1531164865778,1531164865773,9471579,0.00024930,0.01000000,1
1531164880541,1531164880535,9471580,0.00024930,354.37000000,1
1531164880558,1531164880553,9471581,0.00024930,577.39000000,1
1531164880573,1531164880569,9471582,0.00024930,131.25000000,1
1531164910852,1531164910848,9471583,0.00024920,5.75000000,1
1531164925863,1531164925858,9471584,0.00024930,73.84000000,1
1531164925888,1531164925882,9471585,0.00024930,502.44000000,1
1531164925903,1531164925899,9471586,0.00024930,55.92000000,1
1531164929970,1531164929964,9471587,0.00024930,29.80000000,1
1531164929990,1531164929985,9471588,0.00024930,736.84000000,1
1531164932914,1531164932910,9471589,0.00024920,20.00000000,1
1531164939739,1531164939734,9471590,0.00024930,946.42000000,1
1531164939751,1531164939748,9471591,0.00024930,113.58000000,0
1531164939768,1531164939763,9471592,0.00024930,946.41000000,1
1531164956354,1531164956350,9471593,0.00024920,58.11000000,1
1531164963824,1531164963818,9471594,0.00024920,478.14000000,1
1531164968330,1531164968325,9471595,0.00024930,50.00000000,1
1531164970480,1531164970475,9471596,0.00024930,1345.81000000,1
1531164970494,1531164970489,9471597,0.00024930,245.42000000,0
1531164970507,1531164970502,9471598,0.00024930,1345.81000000,1
1531164981114,1531164981109,9471599,0.00024930,40.08000000,0
1531164984803,1531164984797,9471600,0.00024920,2719.05000000,1
1531164984832,1531164984827,9471601,0.00024930,9.91000000,0
1531164986425,1531164986420,9471602,0.00024950,2001.10000000,0
1531164989916,1531164989910,9471603,0.00024960,0.92000000,0
1531164989947,1531164989940,9471604,0.00024960,0.92000000,0
1531165003714,1531165003709,9471605,0.00024950,11.37000000,1
1531165003868,1531165003862,9471606,0.00024950,0.51000000,1
1531165012412,1531165012407,9471607,0.00024940,1284.49000000,0
1531165012424,1531165012418,9471608,0.00024930,1156.41000000,1
1531165012442,1531165012437,9471609,0.00024930,773.77000000,1
1531165024523,1531165024518,9471610,0.00024940,1000.90000000,0
1531165024535,1531165024528,9471611,0.00024930,278.05000000,1
1531165024548,1531165024543,9471612,0.00024930,490.62000000,1
1531165039032,1531165039027,9471613,0.00024930,496.73000000,1
1531165039049,1531165039045,9471614,0.00024930,238.62000000,1
1531165044742,1531165044737,9471615,0.00024930,529.23000000,1
1531165044762,1531165044755,9471616,0.00024930,842.97000000,1
1531165050883,1531165050877,9471617,0.00024930,40.00000000,0
1531165058498,1531165058492,9471618,0.00024950,4.03000000,0
1531165060076,1531165060071,9471619,0.00024940,432.37000000,0
1531165060093,1531165060087,9471620,0.00024930,189.62000000,1
1531165065252,1531165065246,9471621,0.00024950,30.89000000,0
1531165070963,1531165070957,9471622,0.00024940,274.75000000,1
1531165085670,1531165085665,9471623,0.00024930,300.55000000,1
1531165085686,1531165085681,9471624,0.00024930,743.23000000,1
1531165090079,1531165090073,9471625,0.00024930,706.52000000,1
1531165090098,1531165090093,9471626,0.00024930,480.45000000,0
1531165090118,1531165090113,9471627,0.00024930,706.51000000,1
1531165125631,1531165125625,9471628,0.00024950,54.11000000,0
1531165132855,1531165132850,9471629,0.00024940,1025.07000000,0
1531165132872,1531165132867,9471630,0.00024930,528.37000000,1
1531165145540,1531165145535,9471631,0.00024930,278.86000000,1
1531165145558,1531165145553,9471632,0.00024930,827.71000000,1
1531165157027,1531165157020,9471633,0.00024950,27.87000000,0
1531165159807,1531165159801,9471634,0.00024940,889.85000000,1
1531165159839,1531165159832,9471635,0.00024940,587.89000000,1
1531165159850,1531165159845,9471636,0.00024940,488.93000000,1
1531165164916,1531165164910,9471637,0.00024930,7.00000000,1
1531165169851,1531165169846,9471638,0.00024940,392.43000000,1
1531165184866,1531165184861,9471639,0.00024940,42.91000000,1
1531165187928,1531165187921,9471640,0.00024940,1394.67000000,1
1531165187952,1531165187949,9471641,0.00024940,1426.50000000,1
1531165187975,1531165187969,9471642,0.00024940,497.68000000,1
1531165193898,1531165193896,9471643,0.00024940,8.02000000,0
1531165197976,1531165197970,9471644,0.00024930,305.92000000,1
1531165197990,1531165197985,9471645,0.00024930,948.38000000,0
1531165198012,1531165198010,9471646,0.00024940,34.88000000,0
1531165198069,1531165198065,9471647,0.00024940,43.98000000,1
1531165204258,1531165204255,9471648,0.00024940,461.72000000,1
1531165207251,1531165207247,9471649,0.00024940,517.62000000,1
1531165212343,1531165212338,9471650,0.00024940,696.19000000,1
1531165212366,1531165212361,9471651,0.00024930,305.92000000,1
1531165213463,1531165213458,9471652,0.00024930,0.12000000,0
1531165227217,1531165227210,9471653,0.00024930,948.25000000,0
1531165232800,1531165232794,9471654,0.00024950,1861.00000000,0
1531165239513,1531165239506,9471655,0.00024940,126.56000000,1
1531165239526,1531165239521,9471656,0.00024940,680.12000000,1
1531165251516,1531165251509,9471657,0.00024930,1495.73000000,1
1531165256298,1531165256291,9471658,0.00024940,44.52000000,1
1531165285448,1531165285443,9471659,0.00024930,7.27000000,0
1531165289744,1531165289738,9471660,0.00024940,40.83000000,1
1531165289744,1531165289738,9471661,0.00024920,53.47000000,1
1531165298610,1531165298604,9471662,0.00024930,716.09000000,1
1531165298626,1531165298621,9471663,0.00024930,700.02000000,1
1531165313080,1531165313075,9471664,0.00024940,20.00000000,1
1531165313080,1531165313075,9471665,0.00024920,181.93000000,1
1531165321709,1531165321705,9471666,0.00024950,92.31000000,0
1531165321711,1531165321708,9471667,0.00024930,104.93000000,1
1531165321755,1531165321751,9471668,0.00024930,1178.28000000,1
1531165321770,1531165321764,9471669,0.00024930,1196.57000000,1
1531165322557,1531165322551,9471670,0.00024930,104.92000000,0
1531165322557,1531165322551,9471671,0.00024950,1732.69000000,0
1531165327150,1531165327144,9471672,0.00024960,37.11000000,0
1531165357709,1531165357706,9471673,0.00024950,17.50000000,1
1531165383187,1531165383181,9471674,0.00024950,328.57000000,1
1531165395830,1531165395826,9471675,0.00024950,22.90000000,1
1531165404732,1531165404728,9471676,0.00024930,50.00000000,1
1531165406445,1531165406439,9471677,0.00024930,683.87000000,1
1531165406466,1531165406461,9471678,0.00024930,926.41000000,1
1531165417258,1531165417251,9471679,0.00024930,969.10000000,0
1531165436766,1531165436761,9471680,0.00024930,57.88000000,0
1531165436766,1531165436761,9471681,0.00024950,1760.74000000,0
1531165441224,1531165441220,9471682,0.00024950,5.00000000,0
1531165446732,1531165446727,9471683,0.00024930,705.72000000,1
1531165446743,1531165446737,9471684,0.00024930,922.38000000,1
1531165457955,1531165457949,9471685,0.00024930,50.00000000,1
1531165458102,1531165458097,9471686,0.00024930,1081.13000000,1
1531165458130,1531165458125,9471687,0.00024930,1328.50000000,1
1531165458150,1531165458143,9471688,0.00024930,932.86000000,1
1531165471307,1531165471302,9471689,0.00024920,2.00000000,1
1531165475616,1531165475610,9471690,0.00024930,50.00000000,0
1531165487705,1531165487699,9471691,0.00024920,42.50000000,1
1531165494775,1531165494769,9471692,0.00024930,1424.66000000,1
1531165508830,1531165508824,9471693,0.00024930,945.27000000,1
1531165508858,1531165508853,9471694,0.00024930,870.20000000,1
1531165508874,1531165508869,9471695,0.00024930,638.71000000,1
1531165537717,1531165537712,9471696,0.00024930,800.00000000,0
1531165542507,1531165542502,9471697,0.00024930,86.49000000,0
1531165545998,1531165545995,9471698,0.00024920,0.23000000,1
1531165552701,1531165552695,9471699,0.00024920,6.00000000,1
1531165556885,1531165556878,9471700,0.00024920,1035.11000000,1
1531165558765,1531165558759,9471701,0.00024920,50.00000000,1
1531165573251,1531165573244,9471702,0.00024930,10.00000000,0
1531165590107,1531165590100,9471703,0.00024920,2.00000000,1
1531165590653,1531165590648,9471704,0.00024920,709.63000000,1
1531165595212,1531165595210,9471705,0.00024920,23.88000000,1
1531165601797,1531165601790,9471706,0.00024930,89.95000000,0
1531165601821,1531165601817,9471707,0.00024930,452.05000000,1
1531165601821,1531165601817,9471708,0.00024920,57.43000000,1
1531165620889,1531165620883,9471709,0.00024910,163.21000000,1
1531165620916,1531165620910,9471710,0.00024910,1040.92000000,1
1531165620940,1531165620935,9471711,0.00024910,138.31000000,1
1531165628690,1531165628684,9471712,0.00024910,1255.71000000,1
1531165628712,1531165628706,9471713,0.00024910,1506.82000000,0
1531165628721,1531165628716,9471714,0.00024910,1255.71000000,1
1531165629513,1531165629507,9471715,0.00024920,21.15000000,0
1531165646560,1531165646534,9471716,0.00024910,1278.81000000,1
1531165649062,1531165649058,9471717,0.00024910,4.01000000,0
1531165669002,1531165668996,9471718,0.00024900,474.96000000,1
1531165683373,1531165683367,9471719,0.00024900,100.00000000,1
1531165688610,1531165688604,9471720,0.00024900,54.00000000,1
1531165692179,1531165692150,9471721,0.00024910,3.04000000,0
1531165695833,1531165695827,9471722,0.00024910,3.04000000,0
1531165704827,1531165704820,9471723,0.00024910,120.00000000,0
1531165706357,1531165706351,9471724,0.00024910,6.08000000,0
1531165711135,1531165711130,9471725,0.00024900,6.53000000,1
1531165731866,1531165731860,9471726,0.00024900,132.68000000,1
1531165815957,1531165815952,9471727,0.00024910,0.16000000,0
1531165847585,1531165847578,9471728,0.00024900,583.99000000,1
1531165863693,1531165863686,9471729,0.00024880,224.09000000,1
1531165875046,1531165875041,9471730,0.00024880,500.00000000,1
1531165883704,1531165883700,9471731,0.00024880,338.19000000,1
1531165884632,1531165884626,9471732,0.00024890,4.92000000,0
1531165892369,1531165892366,9471733,0.00024870,362.81000000,1
1531165896565,1531165896558,9471734,0.00024860,16.28000000,1
1531165903625,1531165903620,9471735,0.00024870,331.11000000,1
1531165903638,1531165903633,9471736,0.00024870,192.09000000,1
1531165919919,1531165919894,9471737,0.00024880,2327.23000000,0
1531165919919,1531165919912,9471738,0.00024870,1203.52000000,1
1531165919939,1531165919932,9471739,0.00024870,1491.80000000,1
1531165934447,1531165934441,9471740,0.00024870,1288.90000000,1
1531165953644,1531165953638,9471741,0.00024870,927.86000000,1
1531165953656,1531165953651,9471742,0.00024870,400.37000000,1
1531165969416,1531165969411,9471743,0.00024880,2569.95000000,0
1531165969430,1531165969425,9471744,0.00024870,1107.75000000,1
1531165982860,1531165982855,9471745,0.00024890,4.02000000,0
1531165985442,1531165985435,9471746,0.00024870,1307.91000000,1
1531165985469,1531165985464,9471747,0.00024870,94.45000000,1
1531165992004,1531165991999,9471748,0.00024870,130.71000000,1
1531165992023,1531165992016,9471749,0.00024870,720.62000000,1
1531165993830,1531165993824,9471750,0.00024860,5.00000000,1
1531165997451,1531165997445,9471751,0.00024870,668.02000000,1
1531166010747,1531166010742,9471752,0.00024880,28.00000000,1
1531166011931,1531166011926,9471753,0.00024880,1908.57000000,1
1531166011948,1531166011942,9471754,0.00024880,377.76000000,0
1531166011962,1531166011955,9471755,0.00024880,847.83000000,1
1531166011974,1531166011970,9471756,0.00024880,1060.74000000,1
1531166020576,1531166020570,9471757,0.00024880,28.00000000,0
1531166032223,1531166032217,9471758,0.00024880,30.09000000,1
1531166041892,1531166041890,9471759,0.00024880,86.20000000,1
1531166051078,1531166051071,9471760,0.00024880,399.68000000,1
1531166058161,1531166058160,9471761,0.00024880,40.19000000,0
1531166076277,1531166076272,9471762,0.00024870,20.91000000,0
1531166082477,1531166082472,9471763,0.00024870,10.00000000,0
1531166111475,1531166111468,9471764,0.00024870,5.00000000,0
1531166137897,1531166137891,9471765,0.00024870,54.00000000,0
1531166139957,1531166139953,9471766,0.00024870,5.00000000,0
1531166158075,1531166158070,9471767,0.00024860,128.71000000,1
1531166253381,1531166253375,9471768,0.00024870,40.21000000,0
1531166261734,1531166261728,9471769,0.00024870,87.16000000,0
1531166283657,1531166283650,9471770,0.00024860,145.80000000,1
1531166283657,1531166283650,9471771,0.00024840,6.03000000,1
1531166283657,1531166283650,9471772,0.00024820,134.18000000,1
1531166283657,1531166283650,9471773,0.00024800,96.05000000,1
1531166286000,1531166285994,9471774,0.00024800,0.69000000,1
1531166287345,1531166287342,9471775,0.00024860,198.19000000,0
1531166289001,1531166288994,9471776,0.00024860,24.31000000,1
1531166289001,1531166288994,9471777,0.00024820,33.46000000,1
1531166289001,1531166288994,9471778,0.00024800,47.79000000,1
1531166289001,1531166288994,9471779,0.00024790,164.33000000,1
1531166289001,1531166288994,9471780,0.00024780,16.65000000,1
1531166299034,1531166299028,9471781,0.00024790,272.37000000,1
1531166299050,1531166299043,9471782,0.00024790,1089.82000000,1
1531166302848,1531166302842,9471783,0.00024780,859.64000000,1
1531166303308,1531166303301,9471784,0.00024790,25.80000000,1
1531166303320,1531166303314,9471785,0.00024790,247.70000000,0
1531166311344,1531166311339,9471786,0.00024810,2242.40000000,0
1531166311356,1531166311349,9471787,0.00024790,875.03000000,1
1531166311380,1531166311375,9471788,0.00024790,1218.71000000,1
1531166321871,1531166321864,9471789,0.00024810,48.02000000,1
1531166321871,1531166321864,9471790,0.00024790,10.00000000,1
1531166321871,1531166321864,9471791,0.00024780,1078.22000000,1
1531166321890,1531166321886,9471792,0.00024780,284.20000000,0
1531166321894,1531166321892,9471793,0.00024780,57.87000000,0
1531166321899,1531166321893,9471794,0.00024780,16.42000000,0
1531166321905,1531166321899,9471795,0.00024780,21.24000000,0
1531166321907,1531166321902,9471796,0.00024780,128.94000000,0
1531166321923,1531166321917,9471797,0.00024780,57.86000000,0
1531166321931,1531166321924,9471798,0.00024780,57.87000000,0
1531166322180,1531166322173,9471799,0.00024780,57.97000000,0
1531166322238,1531166322237,9471800,0.00024780,19.10000000,0
1531166322851,1531166322845,9471801,0.00024780,107.88000000,0
1531166322890,1531166322885,9471802,0.00024780,48.13000000,0
1531166323431,1531166323424,9471803,0.00024770,0.69000000,1
1531166328381,1531166328378,9471804,0.00024770,25.80000000,1
1531166330618,1531166330612,9471805,0.00024770,57.87000000,1
1531166343868,1531166343862,9471806,0.00024780,4.03000000,0
1531166362713,1531166362707,9471807,0.00024780,534.30000000,0
1531166368753,1531166368748,9471808,0.00024780,40.36000000,0
1531166378171,1531166378166,9471809,0.00024780,18.00000000,0
1531166392583,1531166392576,9471810,0.00024780,2017.76000000,0
1531166410433,1531166410426,9471811,0.00024780,5.00000000,0
1531166410470,1531166410465,9471812,0.00024780,74.23000000,0
1531166430304,1531166430298,9471813,0.00024780,24.15000000,0
1531166434986,1531166434981,9471814,0.00024780,5.00000000,0
1531166439035,1531166439029,9471815,0.00024780,300.00000000,0
1531166441333,1531166441327,9471816,0.00024770,220.00000000,1
1531166452654,1531166452652,9471817,0.00024780,57.92000000,0
1531166467615,1531166467612,9471818,0.00024770,113.24000000,1
1531166468011,1531166468006,9471819,0.00024780,493.49000000,0
1531166469952,1531166469946,9471820,0.00024780,200.00000000,0
1531166471397,1531166471390,9471821,0.00024780,746.91000000,0
1531166471905,1531166471901,9471822,0.00024780,4.44000000,1
1531166479166,1531166479161,9471823,0.00024790,531.37000000,1
1531166479185,1531166479179,9471824,0.00024790,1350.65000000,1
1531166496149,1531166496143,9471825,0.00024800,2917.80000000,0
1531166496167,1531166496161,9471826,0.00024790,1096.93000000,1
1531166514165,1531166514160,9471827,0.00024820,1212.19000000,0
1531166514180,1531166514174,9471828,0.00024800,891.33000000,1
1531166519390,1531166519385,9471829,0.00024820,42.98000000,1
1531166519670,1531166519665,9471830,0.00024830,72.81000000,0
1531166519687,1531166519681,9471831,0.00024820,931.70000000,1
1531166532697,1531166532692,9471832,0.00024820,16.02000000,0
1531166532740,1531166532736,9471833,0.00024820,41.81000000,1
1531166539103,1531166539098,9471834,0.00024830,44.14000000,1
1531166543079,1531166543072,9471835,0.00024830,1117.67000000,1
1531166543102,1531166543098,9471836,0.00024830,610.16000000,1
1531166543124,1531166543119,9471837,0.00024820,889.89000000,1
1531166550316,1531166550310,9471838,0.00024820,57.83000000,0
1531166558813,1531166558807,9471839,0.00024830,1414.71000000,1
1531166561545,1531166561544,9471840,0.00024850,48.05000000,0
1531166572314,1531166572307,9471841,0.00024850,320.40000000,0
1531166574821,1531166574817,9471842,0.00024840,2572.68000000,0
1531166574837,1531166574832,9471843,0.00024830,712.40000000,1
1531166574848,1531166574842,9471844,0.00024830,981.95000000,1
1531166588982,1531166588976,9471845,0.00024840,1466.27000000,0
1531166588991,1531166588986,9471846,0.00024830,145.15000000,1
1531166589017,1531166589011,9471847,0.00024830,939.90000000,1
1531166595817,1531166595813,9471848,0.00024820,144.77000000,1
1531166606222,1531166606217,9471849,0.00024830,989.37000000,1
1531166619070,1531166619063,9471850,0.00024830,236.07000000,1
1531166619442,1531166619437,9471851,0.00024840,3206.60000000,0
1531166619455,1531166619448,9471852,0.00024830,1234.86000000,1
1531166622392,1531166622385,9471853,0.00024820,84.23000000,1
1531166627822,1531166627819,9471854,0.00024820,0.59000000,1
1531166634363,1531166634357,9471855,0.00024830,629.74000000,1
1531166634388,1531166634382,9471856,0.00024830,1164.27000000,1
1531166637122,1531166637118,9471857,0.00024820,29.50000000,1
1531166637140,1531166637134,9471858,0.00024820,5.40000000,1
1531166637140,1531166637134,9471859,0.00024810,9.89000000,1
1531166637140,1531166637134,9471860,0.00024790,19.61000000,1
1531166637141,1531166637136,9471861,0.00024790,244.26000000,1
1531166637141,1531166637136,9471862,0.00024780,64.40000000,1
1531166637166,1531166637165,9471863,0.00024780,234.26000000,1
1531166637705,1531166637699,9471864,0.00024790,5.40000000,0
1531166638552,1531166638547,9471865,0.00024780,145.00000000,1
1531166639030,1531166639023,9471866,0.00024780,664.33000000,1
1531166644243,1531166644237,9471867,0.00024790,913.48000000,1
1531166648024,1531166648019,9471868,0.00024780,34.90000000,1
1531166649178,1531166649174,9471869,0.00024780,9.10000000,1
1531166649449,1531166649444,9471870,0.00024780,118.53000000,0
1531166661138,1531166661136,9471871,0.00024780,0.59000000,1
1531166665957,1531166665952,9471872,0.00024800,1337.70000000,0
1531166665972,1531166665966,9471873,0.00024790,594.25000000,1
1531166665995,1531166665989,9471874,0.00024790,868.62000000,1
1531166669721,1531166669716,9471875,0.00024790,38.32000000,1
1531166670945,1531166670939,9471876,0.00024790,459.55000000,1
1531166670961,1531166670955,9471877,0.00024790,16.07000000,1
1531166672385,1531166672379,9471878,0.00024790,275.89000000,1
1531166684184,1531166684178,9471879,0.00024780,34.90000000,1
1531166692360,1531166692354,9471880,0.00024780,210.62000000,1
1531166692384,1531166692377,9471881,0.00024790,513.94000000,0
1531166692419,1531166692413,9471882,0.00024790,31.82000000,1
1531166703319,1531166703314,9471883,0.00024790,31.55000000,1
1531166708672,1531166708666,9471884,0.00024800,313.13000000,0
1531166708684,1531166708678,9471885,0.00024790,109.51000000,1
1531166710444,1531166710438,9471886,0.00024790,5.00000000,0
1531166712708,1531166712702,9471887,0.00024780,0.08000000,1
1531166718596,1531166718589,9471888,0.00024780,193.99000000,1
1531166718608,1531166718602,9471889,0.00024780,1158.42000000,0
1531166718623,1531166718617,9471890,0.00024790,26.55000000,0
1531166718654,1531166718652,9471891,0.00024790,52.42000000,1
1531166719417,1531166719411,9471892,0.00024790,62.09000000,1
1531166723081,1531166723080,9471893,0.00024790,88.77000000,1
1531166723128,1531166723123,9471894,0.00024790,979.56000000,1
1531166723235,1531166723229,9471895,0.00024790,73.86000000,1
1531166723294,1531166723289,9471896,0.00024790,77.33000000,1
1531166723351,1531166723345,9471897,0.00024780,151.19000000,1
1531166728225,1531166728219,9471898,0.00024780,42.80000000,1
1531166730498,1531166730493,9471899,0.00024820,5.00000000,0
1531166740766,1531166740759,9471900,0.00024780,617.73000000,1
1531166742542,1531166742535,9471901,0.00024800,631.70000000,1
1531166742584,1531166742577,9471902,0.00024800,120.97000000,1
1531166742587,1531166742580,9471903,0.00024800,490.53000000,1
1531166742587,1531166742580,9471904,0.00024790,12.00000000,1
1531166759019,1531166759018,9471905,0.00024810,78.16000000,0
1531166760855,1531166760848,9471906,0.00024820,40.30000000,0
1531166761246,1531166761241,9471907,0.00024780,681.48000000,1
1531166761262,1531166761255,9471908,0.00024780,1450.52000000,1
1531166763647,1531166763641,9471909,0.00024790,209.20000000,1
1531166763669,1531166763662,9471910,0.00024790,129.09000000,1
1531166764329,1531166764326,9471911,0.00024790,646.58000000,1
1531166777704,1531166777698,9471912,0.00024790,218.27000000,0
1531166778240,1531166778234,9471913,0.00024780,40.36000000,1
1531166879780,1531166879778,9471914,0.00024790,7.45000000,0
1531166902123,1531166902117,9471915,0.00024780,15.16000000,1
1531166907234,1531166907221,9471916,0.00024780,228.30000000,1
1531166915604,1531166915599,9471917,0.00024780,2.06000000,1
1531166921800,1531166921793,9471918,0.00024790,0.02000000,0
1531166927320,1531166927313,9471919,0.00024780,2000.00000000,1
1531166941550,1531166941544,9471920,0.00024780,191.29000000,1
1531166963646,1531166963640,9471921,0.00024780,120.00000000,1
1531166964647,1531166964642,9471922,0.00024780,47.87000000,1
1531166970607,1531166970601,9471923,0.00024780,248.74000000,1
1531166972711,1531166972704,9471924,0.00024780,7.50000000,1
1531166987368,1531166987361,9471925,0.00024780,5743.34000000,1
1531166991499,1531166991493,9471926,0.00024770,865.44000000,1
1531166997793,1531166997786,9471927,0.00024770,899.14000000,1
1531167002195,1531167002189,9471928,0.00024780,6.23000000,0
1531167007553,1531167007549,9471929,0.00024770,128.37000000,1
1531167009812,1531167009808,9471930,0.00024770,813.92000000,1
1531167015908,1531167015906,9471931,0.00024760,0.34000000,1
1531167017948,1531167017941,9471932,0.00024770,5.00000000,0
1531167023445,1531167023442,9471933,0.00024760,294.19000000,1
1531167024291,1531167024287,9471934,0.00024770,433.32000000,0
1531167026211,1531167026209,9471935,0.00024760,62.44000000,1
1531167028389,1531167028382,9471936,0.00024770,144.44000000,0
1531167030853,1531167030848,9471937,0.00024770,144.48000000,0
1531167034013,1531167034007,9471938,0.00024770,48.15000000,0
1531167037168,1531167037164,9471939,0.00024770,48.15000000,0
1531167039295,1531167039288,9471940,0.00024770,178.13000000,0
1531167040326,1531167040319,9471941,0.00024770,48.15000000,0
1531167043474,1531167043469,9471942,0.00024770,433.37000000,0
1531167050970,1531167050962,9471943,0.00024770,5.00000000,0
1531167059338,1531167059332,9471944,0.00024770,326.29000000,0
1531167075482,1531167075475,9471945,0.00024770,3.00000000,0
1531167075508,1531167075507,9471946,0.00024770,117.60000000,0
1531167082796,1531167082789,9471947,0.00024770,0.59000000,1
1531167084131,1531167084124,9471948,0.00024770,2.41000000,1
1531167095137,1531167095131,9471949,0.00024770,644.50000000,0
1531167095884,1531167095882,9471950,0.00024770,48.16000000,0
1531167098992,1531167098990,9471951,0.00024770,433.42000000,0
1531167102048,1531167102042,9471952,0.00024760,0.58000000,1
1531167102098,1531167102092,9471953,0.00024770,433.42000000,0
1531167111055,1531167111053,9471954,0.00024760,0.59000000,1
1531167113044,1531167113036,9471955,0.00024760,405.29000000,1
1531167114107,1531167114106,9471956,0.00024760,220.53000000,1
1531167114783,1531167114778,9471957,0.00024770,674.00000000,0
1531167130142,1531167130137,9471958,0.00024770,441.56000000,0
1531167130170,1531167130163,9471959,0.00024770,1171.29000000,0
1531167145786,1531167145784,9471960,0.00024770,1450.71000000,0
1531167149604,1531167149603,9471961,0.00024770,48.19000000,0
1531167150296,1531167150289,9471962,0.00024770,182.00000000,0
1531167150708,1531167150703,9471963,0.00024770,141.03000000,0
1531167151819,1531167151813,9471964,0.00024760,500.92000000,1
1531167151857,1531167151852,9471965,0.00024770,46.21000000,0
1531167160111,1531167160108,9471966,0.00024770,421.22000000,1
1531167160130,1531167160127,9471967,0.00024770,1733.91000000,0
1531167160140,1531167160135,9471968,0.00024770,417.43000000,1
1531167162050,1531167162044,9471969,0.00024770,3.79000000,1
1531167193628,1531167193622,9471970,0.00024760,17.00000000,1
1531167194805,1531167194799,9471971,0.00024760,116.00000000,1
1531167217172,1531167217165,9471972,0.00024770,48.19000000,0
1531167220901,1531167220898,9471973,0.00024770,48.19000000,0
1531167224711,1531167224706,9471974,0.00024770,144.57000000,0
1531167229886,1531167229879,9471975,0.00024770,48.19000000,0
1531167235672,1531167235665,9471976,0.00024770,28.69000000,0
1531167235674,1531167235674,9471977,0.00024770,28.42000000,0
1531167235691,1531167235690,9471978,0.00024770,4.42000000,0
1531167236300,1531167236295,9471979,0.00024770,27.32000000,1
1531167240852,1531167240846,9471980,0.00024770,1124.88000000,1
1531167251508,1531167251503,9471981,0.00024770,27.32000000,0
1531167255104,1531167255100,9471982,0.00024770,1212.71000000,1
1531167255132,1531167255125,9471983,0.00024770,437.37000000,1
1531167257202,1531167257196,9471984,0.00024780,42.98000000,0
1531167261401,1531167261394,9471985,0.00024770,144.57000000,0
1531167264344,1531167264337,9471986,0.00024770,48.19000000,0
1531167266069,1531167266063,9471987,0.00024770,1184.39000000,0
1531167271508,1531167271502,9471988,0.00024770,192.76000000,1
1531167271594,1531167271592,9471989,0.00024770,48.19000000,0
1531167272378,1531167272371,9471990,0.00024770,103.97000000,0
1531167286293,1531167286287,9471991,0.00024770,1077.23000000,0
1531167302012,1531167302007,9471992,0.00024770,299.92000000,1
1531167302026,1531167302020,9471993,0.00024770,179.34000000,0
1531167302042,1531167302038,9471994,0.00024770,299.92000000,1
1531167310700,1531167310698,9471995,0.00024770,1077.23000000,0
1531167313842,1531167313836,9471996,0.00024770,0.24000000,1
1531167314379,1531167314372,9471997,0.00024780,5.00000000,0
1531167319133,1531167319127,9471998,0.00024770,299.68000000,1
1531167319150,1531167319145,9471999,0.00024770,68.72000000,0
1531167319165,1531167319160,9472000,0.00024770,299.68000000,1
1531167324872,1531167324867,9472001,0.00024770,100.00000000,0
1531167340340,1531167340335,9472002,0.00024760,606.92000000,1
1531167340356,1531167340351,9472003,0.00024760,1579.12000000,0
1531167340373,1531167340367,9472004,0.00024770,977.47000000,0
1531167346924,1531167346919,9472005,0.00024770,399.68000000,1
1531167346933,1531167346928,9472006,0.00024770,1261.24000000,0
1531167346943,1531167346937,9472007,0.00024770,399.68000000,1
1531167348561,1531167348557,9472008,0.00024750,0.69000000,1
1531167351291,1531167351291,9472009,0.00024770,5.00000000,0
1531167352806,1531167352806,9472010,0.00024770,282.00000000,0
1531167359357,1531167359351,9472011,0.00024760,200.00000000,1
1531167364019,1531167364014,9472012,0.00024770,690.47000000,0
1531167370653,1531167370645,9472013,0.00024770,324.03000000,1
1531167370675,1531167370670,9472014,0.00024770,686.68000000,1
1531167386817,1531167386812,9472015,0.00024760,1283.54000000,1
1531167386833,1531167386827,9472016,0.00024760,1771.30000000,0
1531167386847,1531167386841,9472017,0.00024760,1283.53000000,1
1531167386873,1531167386866,9472018,0.00024770,690.47000000,0
1531167391479,1531167391472,9472019,0.00024770,686.68000000,1
1531167413735,1531167413728,9472020,0.00024760,1105.52000000,1
1531167413754,1531167413752,9472021,0.00024760,425.25000000,1
1531167420312,1531167420307,9472022,0.00024770,67.69000000,0
1531167429951,1531167429946,9472023,0.00024770,717.39000000,0
1531167429958,1531167429953,9472024,0.00024760,526.87000000,1
1531167429976,1531167429970,9472025,0.00024760,607.97000000,1
1531167437524,1531167437519,9472026,0.00024770,314.25000000,0
1531167437536,1531167437532,9472027,0.00024760,1195.00000000,1
1531167437558,1531167437552,9472028,0.00024760,302.18000000,1
1531167454790,1531167454783,9472029,0.00024760,388.81000000,1
1531167467257,1531167467252,9472030,0.00024770,582.86000000,1
1531167467264,1531167467259,9472031,0.00024770,711.06000000,0
1531167467277,1531167467271,9472032,0.00024770,582.86000000,1
1531167473156,1531167473152,9472033,0.00024780,27.31000000,0
1531167473278,1531167473271,9472034,0.00024780,144.44000000,0
1531167473710,1531167473704,9472035,0.00024780,219.24000000,0
1531167480946,1531167480941,9472036,0.00024770,962.37000000,1
1531167480963,1531167480957,9472037,0.00024770,1353.15000000,1
1531167491948,1531167491945,9472038,0.00024760,220.53000000,1
1531167492680,1531167492675,9472039,0.00024780,20.00000000,0
1531167499362,1531167499355,9472040,0.00024760,681.25000000,1
1531167499379,1531167499376,9472041,0.00024760,1255.57000000,1
1531167508884,1531167508878,9472042,0.00024760,82.62000000,1
1531167510344,1531167510338,9472043,0.00024770,1988.00000000,0
1531167510344,1531167510338,9472044,0.00024780,449.07000000,0
1531167531271,1531167531265,9472045,0.00024780,1.01000000,0
1531167531586,1531167531579,9472046,0.00024760,862.01000000,1
1531167544008,1531167544004,9472047,0.00024770,1783.43000000,0
1531167544020,1531167544014,9472048,0.00024760,1001.91000000,1
1531167552492,1531167552485,9472049,0.00024760,513.50000000,1
1531167552509,1531167552502,9472050,0.00024760,473.36000000,1
1531167566574,1531167566569,9472051,0.00024760,330.68000000,1
1531167576273,1531167576268,9472052,0.00024770,657.60000000,1
1531167587016,1531167587014,9472053,0.00024770,83.48000000,0
1531167587032,1531167587026,9472054,0.00024760,46.89000000,1
1531167593541,1531167593534,9472055,0.00024780,40.35000000,0
1531167595931,1531167595926,9472056,0.00024770,158.75000000,1
1531167595950,1531167595945,9472057,0.00024770,422.31000000,1
1531167611416,1531167611410,9472058,0.00024780,5.00000000,0
1531167612483,1531167612477,9472059,0.00024770,877.86000000,1
1531167612498,1531167612493,9472060,0.00024770,485.44000000,1
1531167613608,1531167613601,9472061,0.00024760,0.36000000,1
1531167618569,1531167618565,9472062,0.00024780,26.58000000,0
1531167619834,1531167619828,9472063,0.00024770,1757.69000000,1
1531167619851,1531167619845,9472064,0.00024770,928.08000000,0
1531167619858,1531167619853,9472065,0.00024770,298.01000000,1
1531167619871,1531167619864,9472066,0.00024770,1459.67000000,1
1531167631583,1531167631582,9472067,0.00024770,0.01000000,1
1531167638260,1531167638254,9472068,0.00024770,10.36000000,0
1531167638590,1531167638585,9472069,0.00024770,2675.39000000,0
1531167648171,1531167648166,9472070,0.00024770,16.67000000,1
1531167654231,1531167654230,9472071,0.00024770,10.31000000,1
1531167667992,1531167667990,9472072,0.00024780,296.53000000,0
1531167667992,1531167667990,9472073,0.00024790,142.81000000,0
1531167681158,1531167681151,9472074,0.00024780,160.68000000,1
1531167688356,1531167688350,9472075,0.00024770,43.53000000,1
1531167691234,1531167691231,9472076,0.00024780,160.68000000,0
1531167691261,1531167691255,9472077,0.00024780,103.78000000,1
1531167691291,1531167691285,9472078,0.00024780,118.53000000,1
1531167693841,1531167693834,9472079,0.00024760,367.50000000,1
1531167707800,1531167707795,9472080,0.00024760,1148.93000000,1
1531167713465,1531167713460,9472081,0.00024760,1248.67000000,1
1531167713489,1531167713482,9472082,0.00024760,307.25000000,1
1531167724591,1531167724587,9472083,0.00024760,88.50000000,1
1531167724602,1531167724595,9472084,0.00024760,241.56000000,1
1531167729918,1531167729913,9472085,0.00024770,2043.35000000,0
1531167729937,1531167729932,9472086,0.00024760,1064.25000000,1
1531167746396,1531167746390,9472087,0.00024770,899.16000000,0
1531167746409,1531167746402,9472088,0.00024760,848.25000000,1
1531167761529,1531167761516,9472089,0.00024770,568.93000000,1
1531167761552,1531167761545,9472090,0.00024770,647.59000000,1
1531167761580,1531167761573,9472091,0.00024770,194.84000000,1
1531167781285,1531167781283,9472092,0.00024770,671.36000000,1
1531167781308,1531167781303,9472093,0.00024770,1464.80000000,1
1531167781331,1531167781325,9472094,0.00024770,409.37000000,1
1531167796044,1531167796040,9472095,0.00024770,66.84000000,1
1531167796054,1531167796049,9472096,0.00024770,82.07000000,0
1531167796066,1531167796061,9472097,0.00024770,50.32000000,1
1531167805529,1531167805522,9472098,0.00024770,16.52000000,1
1531167805551,1531167805544,9472099,0.00024770,2918.06000000,0
1531167805565,1531167805562,9472100,0.00024770,16.52000000,1
1531167819117,1531167819111,9472101,0.00024760,629.64000000,1
1531167819131,1531167819125,9472102,0.00024760,2756.61000000,0
