event_time,trade_time,trade_id,price,quantity,maker
1531160355415,1531160355412,2401659,0.00000981,846.00000000,0
1531160376199,1531160376197,2401660,0.00000982,135.00000000,0
1531160453696,1531160453692,2401661,0.00000985,1888.00000000,0
1531160453696,1531160453692,2401662,0.00000986,4575.00000000,0
1531160453696,1531160453692,2401663,0.00000987,1120.00000000,0
1531160453696,1531160453692,2401664,0.00000988,617.00000000,0
1531160471227,1531160471223,2401665,0.00000983,102.00000000,1
1531160480908,1531160480903,2401666,0.00000986,103.00000000,0
1531160480938,1531160480938,2401667,0.00000986,205.00000000,0
1531160481317,1531160481314,2401668,0.00000986,103.00000000,0
1531160482260,1531160482259,2401669,0.00000984,169.00000000,1
1531160522289,1531160522285,2401670,0.00000984,177.00000000,0
1531160544016,1531160544014,2401671,0.00000983,845.00000000,1
1531160562636,1531160562632,2401672,0.00000983,103.00000000,0
1531160684422,1531160684417,2401673,0.00000983,103.00000000,0
1531160714568,1531160714565,2401674,0.00000982,1120.00000000,1
1531160724294,1531160724291,2401675,0.00000981,846.00000000,1
1531160725010,1531160725006,2401676,0.00000981,206.00000000,0
1531160811395,1531160811392,2401677,0.00000980,6093.00000000,1
1531160846654,1531160846650,2401678,0.00000980,1083.00000000,1
1531160882172,1531160882167,2401679,0.00000980,1677.00000000,1
1531160899533,1531160899529,2401680,0.00000981,172.00000000,0
1531160954266,1531160954261,2401681,0.00000982,846.00000000,0
1531160954266,1531160954261,2401682,0.00000985,706.00000000,0
1531160954266,1531160954261,2401683,0.00000986,2000.00000000,0
1531160954266,1531160954261,2401684,0.00000987,8434.00000000,0
1531160954292,1531160954292,2401685,0.00000987,10547.00000000,1
1531160954307,1531160954303,2401686,0.00000980,10547.00000000,1
1531160957251,1531160957247,2401687,0.00000987,455.00000000,0
1531161007064,1531161007061,2401688,0.00000986,103.00000000,0
1531161007714,1531161007711,2401689,0.00000986,205.00000000,0
1531161018041,1531161018038,2401690,0.00000983,234.00000000,1
1531161028613,1531161028609,2401691,0.00000986,103.00000000,0
1531161148021,1531161148016,2401692,0.00000983,611.00000000,1
1531161181901,1531161181896,2401693,0.00000982,2185.00000000,1
1531161220312,1531161220308,2401694,0.00000981,846.00000000,1
1531161220312,1531161220308,2401695,0.00000980,5896.00000000,1
1531161289721,1531161289719,2401696,0.00000981,846.00000000,0
1531161291287,1531161291284,2401697,0.00000982,529.00000000,1
1531161297886,1531161297883,2401698,0.00000982,317.00000000,1
1531161298304,1531161298303,2401699,0.00000984,500.00000000,0
1531161298304,1531161298303,2401700,0.00000986,29.00000000,0
1531161310161,1531161310157,2401701,0.00000983,161.00000000,1
1531161328526,1531161328522,2401702,0.00000981,25.00000000,1
1531161328526,1531161328522,2401703,0.00000980,1166.00000000,1
1531161356807,1531161356802,2401704,0.00000979,1129.00000000,1
1531161364287,1531161364283,2401705,0.00000978,1493.00000000,1
1531161382173,1531161382169,2401706,0.00000979,174.00000000,1
1531161419066,1531161419062,2401707,0.00000979,310.00000000,1
1531161441174,1531161441171,2401708,0.00000980,144.00000000,0
1531161560307,1531161560305,2401709,0.00000980,669.00000000,0
1531161725102,1531161725098,2401710,0.00000981,846.00000000,0
1531161725134,1531161725130,2401711,0.00000982,637.00000000,1
1531161725144,1531161725139,2401712,0.00000982,778.00000000,1
1531161752867,1531161752863,2401713,0.00000983,1125.00000000,0
1531161752867,1531161752863,2401714,0.00000984,844.00000000,0
1531161752867,1531161752863,2401715,0.00000985,339.00000000,0
1531161770440,1531161770435,2401716,0.00000986,764.00000000,0
1531161770440,1531161770435,2401717,0.00000987,13551.00000000,0
1531161770456,1531161770452,2401718,0.00000987,10252.00000000,1
1531161771052,1531161771048,2401719,0.00000987,18107.00000000,1
1531161772405,1531161772403,2401720,0.00000986,137.00000000,1
1531161772907,1531161772902,2401721,0.00000986,705.00000000,1
1531161855483,1531161855479,2401722,0.00000984,128.00000000,0
1531161876046,1531161876041,2401723,0.00000986,500.00000000,1
1531161876911,1531161876907,2401724,0.00000986,500.00000000,1
1531161897912,1531161897908,2401725,0.00000987,572.00000000,0
1531161900537,1531161900536,2401726,0.00000986,154.00000000,0
1531161925811,1531161925806,2401727,0.00000987,103.00000000,0
1531161925845,1531161925840,2401728,0.00000987,103.00000000,0
1531161925955,1531161925952,2401729,0.00000987,63.00000000,0
1531161925955,1531161925952,2401730,0.00000988,40.00000000,0
1531161927386,1531161927383,2401731,0.00000988,779.00000000,0
1531161927386,1531161927383,2401732,0.00000988,1184.00000000,0
1531161927405,1531161927400,2401733,0.00000988,888.00000000,0
1531161927405,1531161927401,2401734,0.00000988,2.00000000,0
1531161934853,1531161934849,2401735,0.00000989,100.00000000,0
1531161942021,1531161942016,2401736,0.00000989,603.00000000,0
1531161945694,1531161945692,2401737,0.00000989,205.00000000,0
1531161965074,1531161965070,2401738,0.00000989,205.00000000,0
1531161968533,1531161968526,2401739,0.00000988,133.00000000,0
1531161968659,1531161968655,2401740,0.00000989,1818.00000000,0
1531161969563,1531161969559,2401741,0.00000989,73.00000000,0
1531161971766,1531161971760,2401742,0.00000989,5502.00000000,0
1531161971785,1531161971780,2401743,0.00000989,5502.00000000,0
1531161971818,1531161971814,2401744,0.00000989,5496.00000000,0
1531162007320,1531162007315,2401745,0.00000990,348.00000000,0
1531162010848,1531162010845,2401746,0.00000990,669.00000000,0
1531162018540,1531162018539,2401747,0.00000988,136.00000000,0
1531162046262,1531162046258,2401748,0.00000990,102.00000000,0
1531162052256,1531162052251,2401749,0.00000990,5735.00000000,0
1531162120554,1531162120551,2401750,0.00000988,127.00000000,0
1531162168554,1531162168551,2401751,0.00000989,130.00000000,1
1531162239697,1531162239692,2401752,0.00000989,200.00000000,1
1531162249241,1531162249237,2401753,0.00000989,257.00000000,1
1531162265076,1531162265071,2401754,0.00000986,842.00000000,1
1531162265076,1531162265071,2401755,0.00000985,147.00000000,1
1531162265076,1531162265071,2401756,0.00000984,911.00000000,1
1531162284670,1531162284666,2401757,0.00000986,146.00000000,0
1531162294895,1531162294889,2401758,0.00000988,1233.00000000,0
1531162294896,1531162294893,2401759,0.00000988,12.00000000,0
1531162298539,1531162298533,2401760,0.00000987,12.00000000,1
1531162371763,1531162371758,2401761,0.00000988,161.00000000,1
1531162389677,1531162389673,2401762,0.00000989,103.00000000,0
1531162392792,1531162392790,2401763,0.00000988,157.00000000,0
1531162402718,1531162402713,2401764,0.00000987,829.00000000,1
1531162457012,1531162457007,2401765,0.00000987,669.00000000,1
1531162465973,1531162465968,2401766,0.00000987,472.00000000,1
1531162471929,1531162471926,2401767,0.00000988,839.00000000,0
1531162472640,1531162472636,2401768,0.00000988,1.00000000,0
1531162496592,1531162496587,2401769,0.00000988,499.00000000,1
1531162496592,1531162496587,2401770,0.00000987,170.00000000,1
1531162516926,1531162516923,2401771,0.00000988,130.00000000,0
1531162521412,1531162521406,2401772,0.00000987,400.00000000,1
1531162579127,1531162579122,2401773,0.00000987,112.00000000,1
1531162594022,1531162594017,2401774,0.00000988,137.00000000,0
1531162701199,1531162701194,2401775,0.00000988,329.00000000,0
1531162733254,1531162733249,2401776,0.00000989,103.00000000,0
1531162749111,1531162749107,2401777,0.00000988,106.00000000,1
1531162750750,1531162750746,2401778,0.00000988,65.00000000,1
1531162750750,1531162750746,2401779,0.00000987,133.00000000,1
1531162770666,1531162770663,2401780,0.00000988,163.00000000,0
1531162773665,1531162773659,2401781,0.00000989,44.00000000,0
1531162773665,1531162773659,2401782,0.00000990,59.00000000,0
1531162793627,1531162793620,2401783,0.00000990,102.00000000,0
1531162846246,1531162846241,2401784,0.00000990,1420.00000000,0
1531162884736,1531162884731,2401785,0.00000988,151.00000000,1
1531162906485,1531162906479,2401786,0.00000987,846.00000000,1
1531162967733,1531162967727,2401787,0.00000988,128.00000000,0
1531162981176,1531162981172,2401788,0.00000990,2500.00000000,0
1531162983900,1531162983892,2401789,0.00000990,16963.00000000,0
1531162983900,1531162983892,2401790,0.00000991,1425.00000000,0
1531162983900,1531162983892,2401791,0.00000992,205.00000000,0
1531162983900,1531162983892,2401792,0.00000993,1466.00000000,0
1531162983900,1531162983892,2401793,0.00000994,41.00000000,0
1531162983900,1531162983892,2401794,0.00000994,3126.00000000,0
1531162983900,1531162983892,2401795,0.00000995,807.00000000,0
1531162988102,1531162988097,2401796,0.00000993,474.00000000,0
1531162990606,1531162990601,2401797,0.00000991,102.00000000,1
1531163009787,1531163009784,2401798,0.00000992,143.00000000,1
1531163072180,1531163072175,2401799,0.00000994,835.00000000,0
1531163072180,1531163072175,2401800,0.00000995,123.00000000,0
1531163076370,1531163076367,2401801,0.00000995,1006.00000000,0
1531163081790,1531163081786,2401802,0.00000992,156.00000000,1
1531163088994,1531163088988,2401803,0.00000995,7343.00000000,0
1531163096481,1531163096476,2401804,0.00000994,27364.00000000,1
1531163096521,1531163096516,2401805,0.00000994,779.00000000,1
1531163096609,1531163096604,2401806,0.00000994,12698.00000000,1
1531163118840,1531163118838,2401807,0.00000993,168.00000000,1
1531163122192,1531163122187,2401808,0.00000994,2081.00000000,1
1531163139299,1531163139293,2401809,0.00000993,836.00000000,1
1531163155940,1531163155932,2401810,0.00000994,11330.00000000,0
1531163155940,1531163155932,2401811,0.00000995,7126.00000000,0
1531163155940,1531163155932,2401812,0.00000996,3603.00000000,0
1531163155956,1531163155950,2401813,0.00000996,26816.00000000,1
1531163155963,1531163155960,2401814,0.00000996,6198.00000000,1
1531163156915,1531163156908,2401815,0.00000996,500.00000000,1
1531163160637,1531163160631,2401816,0.00000997,102.00000000,0
1531163160826,1531163160822,2401817,0.00000997,102.00000000,0
1531163161137,1531163161131,2401818,0.00000997,47.00000000,0
1531163161137,1531163161131,2401819,0.00000998,55.00000000,0
1531163165154,1531163165147,2401820,0.00000998,102.00000000,0
1531163167129,1531163167125,2401821,0.00000998,203.00000000,0
1531163167147,1531163167142,2401822,0.00000998,102.00000000,0
1531163170199,1531163170196,2401823,0.00000996,2912.00000000,1
1531163171374,1531163171369,2401824,0.00000998,883.00000000,0
1531163178633,1531163178625,2401825,0.00000998,2085.00000000,0
1531163178633,1531163178625,2401826,0.00000999,1533.00000000,0
1531163178633,1531163178625,2401827,0.00001000,26014.00000000,0
1531163180382,1531163180377,2401828,0.00001001,530.00000000,0
1531163184278,1531163184272,2401829,0.00001000,368.00000000,1
1531163184278,1531163184272,2401830,0.00000998,675.00000000,1
1531163190311,1531163190306,2401831,0.00000998,157.00000000,1
1531163204605,1531163204600,2401832,0.00000997,786.00000000,0
1531163208419,1531163208414,2401833,0.00000997,457.00000000,0
1531163209294,1531163209291,2401834,0.00000996,255.00000000,1
1531163210318,1531163210314,2401835,0.00000996,155.00000000,1
1531163211933,1531163211928,2401836,0.00000997,2394.00000000,0
1531163211933,1531163211928,2401837,0.00000998,1309.00000000,0
1531163217008,1531163216996,2401838,0.00001001,1489.00000000,0
1531163217008,1531163216996,2401839,0.00001002,923.00000000,0
1531163217008,1531163216996,2401840,0.00001003,102.00000000,0
1531163217009,1531163216996,2401841,0.00001004,4827.00000000,0
1531163217009,1531163216996,2401842,0.00001005,1650.00000000,0
1531163217009,1531163216996,2401843,0.00001006,4080.00000000,0
1531163217009,1531163216996,2401844,0.00001007,9738.00000000,0
1531163217009,1531163216996,2401845,0.00001008,3787.00000000,0
1531163217009,1531163216996,2401846,0.00001009,27316.00000000,0
1531163217009,1531163216996,2401847,0.00001010,1425.00000000,0
1531163217028,1531163217026,2401848,0.00001002,809.00000000,1
1531163219761,1531163219755,2401849,0.00001006,521.00000000,1
1531163221336,1531163221303,2401850,0.00001006,120.00000000,1
1531163222038,1531163222033,2401851,0.00001006,500.00000000,1
1531163224560,1531163224555,2401852,0.00001010,522.00000000,0
1531163224823,1531163224816,2401853,0.00001002,814.00000000,1
1531163225299,1531163225294,2401854,0.00001002,744.00000000,1
1531163225299,1531163225294,2401855,0.00001001,386.00000000,1
1531163225299,1531163225294,2401856,0.00001000,1100.00000000,1
1531163225299,1531163225294,2401857,0.00000998,2830.00000000,1
1531163228390,1531163228384,2401858,0.00001000,71.00000000,0
1531163229915,1531163229910,2401859,0.00000999,25.00000000,0
1531163234421,1531163234415,2401860,0.00000999,1371.00000000,0
1531163235463,1531163235456,2401861,0.00000999,32.00000000,0
1531163238136,1531163238130,2401862,0.00001000,179.00000000,0
1531163247952,1531163247947,2401863,0.00001000,1533.00000000,0
1531163248916,1531163248912,2401864,0.00001002,198.00000000,0
1531163254333,1531163254326,2401865,0.00001002,345.00000000,0
1531163254333,1531163254326,2401866,0.00001005,256.00000000,0
1531163259253,1531163259247,2401867,0.00001002,642.00000000,1
1531163260498,1531163260494,2401868,0.00001002,105.00000000,1
1531163260691,1531163260685,2401869,0.00001005,1344.00000000,0
1531163260691,1531163260685,2401870,0.00001006,4.00000000,0
1531163262892,1531163262885,2401871,0.00001006,733.00000000,0
1531163262892,1531163262885,2401872,0.00001008,359.00000000,0
1531163262921,1531163262917,2401873,0.00001008,339.00000000,0
1531163263384,1531163263379,2401874,0.00001006,500.00000000,0
1531163263403,1531163263399,2401875,0.00001006,191.00000000,1
1531163265663,1531163265658,2401876,0.00001006,1716.00000000,1
1531163265950,1531163265944,2401877,0.00001007,191.00000000,0
1531163266607,1531163266602,2401878,0.00001007,769.00000000,0
1531163266607,1531163266602,2401879,0.00001008,1730.00000000,0
1531163267666,1531163267660,2401880,0.00001007,336.00000000,0
1531163268689,1531163268686,2401881,0.00001006,1532.00000000,1
1531163269533,1531163269527,2401882,0.00001006,403.00000000,1
1531163271594,1531163271589,2401883,0.00001007,112.00000000,0
1531163272588,1531163272582,2401884,0.00001006,1267.00000000,1
1531163272942,1531163272935,2401885,0.00001006,265.00000000,0
1531163272942,1531163272935,2401886,0.00001007,212.00000000,0
1531163272942,1531163272935,2401887,0.00001008,1594.00000000,0
1531163272942,1531163272935,2401888,0.00001009,8484.00000000,0
1531163272942,1531163272935,2401889,0.00001010,30898.00000000,0
1531163278406,1531163278401,2401890,0.00001010,656.00000000,0
1531163280672,1531163280667,2401891,0.00001010,1629.00000000,0
1531163281185,1531163281180,2401892,0.00001010,10403.00000000,0
1531163281818,1531163281811,2401893,0.00001010,25808.00000000,0
1531163290714,1531163290710,2401894,0.00001010,1946.00000000,0
1531163293144,1531163293141,2401895,0.00001007,155.00000000,1
1531163293782,1531163293776,2401896,0.00001010,3716.00000000,0
1531163295623,1531163295619,2401897,0.00001004,530.00000000,1
1531163301427,1531163301425,2401898,0.00001006,100.00000000,1
1531163301992,1531163301987,2401899,0.00001006,400.00000000,1
1531163301992,1531163301987,2401900,0.00001004,388.00000000,1
1531163305497,1531163305491,2401901,0.00001007,529.00000000,0
1531163305537,1531163305535,2401902,0.00001006,490.00000000,1
1531163306354,1531163306349,2401903,0.00001006,10.00000000,1
1531163306354,1531163306349,2401904,0.00001005,129.00000000,1
1531163306880,1531163306874,2401905,0.00001005,16.00000000,1
1531163306880,1531163306874,2401906,0.00001004,304.00000000,1
1531163307309,1531163307305,2401907,0.00001005,572.00000000,1
1531163316244,1531163316238,2401908,0.00001006,190.00000000,0
1531163323666,1531163323661,2401909,0.00001006,3375.00000000,0
1531163324674,1531163324667,2401910,0.00001006,1435.00000000,0
1531163324674,1531163324667,2401911,0.00001009,5412.00000000,0
1531163324674,1531163324667,2401912,0.00001010,13400.00000000,0
1531163324686,1531163324680,2401913,0.00001010,5780.00000000,1
1531163324695,1531163324689,2401914,0.00001010,530.00000000,1
1531163325268,1531163325263,2401915,0.00001010,150.00000000,1
1531163325638,1531163325635,2401916,0.00001010,1007.00000000,1
1531163326749,1531163326745,2401917,0.00001010,500.00000000,1
1531163327031,1531163327028,2401918,0.00001011,490.00000000,0
1531163327253,1531163327248,2401919,0.00001010,388.00000000,1
1531163328568,1531163328563,2401920,0.00001011,337.00000000,0
1531163328571,1531163328567,2401921,0.00001011,500.00000000,0
1531163329477,1531163329470,2401922,0.00001010,618.00000000,1
1531163330067,1531163330062,2401923,0.00001010,457.00000000,1
1531163330201,1531163330196,2401924,0.00001011,112.00000000,0
1531163330653,1531163330649,2401925,0.00001010,594.00000000,1
1531163332139,1531163332134,2401926,0.00001011,4370.00000000,0
1531163332705,1531163332702,2401927,0.00001011,618.00000000,1
1531163333149,1531163333143,2401928,0.00001011,530.00000000,1
1531163335065,1531163335060,2401929,0.00001011,114.00000000,1
1531163335422,1531163335419,2401930,0.00001011,111.00000000,1
1531163337413,1531163337408,2401931,0.00001012,544.00000000,0
1531163339498,1531163339494,2401932,0.00001012,2772.00000000,0
1531163339725,1531163339719,2401933,0.00001012,7510.00000000,0
1531163344857,1531163344851,2401934,0.00001012,1341.00000000,0
1531163344857,1531163344851,2401935,0.00001013,2190.00000000,0
1531163349629,1531163349624,2401936,0.00001013,1624.00000000,0
1531163350931,1531163350926,2401937,0.00001011,847.00000000,1
1531163350931,1531163350926,2401938,0.00001010,274.00000000,1
1531163352959,1531163352955,2401939,0.00001013,124.00000000,0
1531163353597,1531163353590,2401940,0.00001013,2945.00000000,0
1531163353597,1531163353590,2401941,0.00001014,325.00000000,0
1531163357986,1531163357979,2401942,0.00001016,148.00000000,0
1531163357986,1531163357979,2401943,0.00001018,5460.00000000,0
1531163363536,1531163363532,2401944,0.00001016,39.00000000,0
1531163365759,1531163365752,2401945,0.00001016,461.00000000,0
1531163365759,1531163365752,2401946,0.00001018,1167.00000000,0
1531163365759,1531163365752,2401947,0.00001019,2995.00000000,0
1531163365759,1531163365752,2401948,0.00001020,304.00000000,0
1531163366477,1531163366470,2401949,0.00001016,500.00000000,0
1531163366477,1531163366470,2401950,0.00001020,43814.00000000,0
1531163367081,1531163367076,2401951,0.00001019,295.00000000,0
1531163367081,1531163367076,2401952,0.00001020,205.00000000,0
1531163368324,1531163368319,2401953,0.00001017,500.00000000,0
1531163368340,1531163368337,2401954,0.00001017,155.00000000,1
1531163371153,1531163371148,2401955,0.00001017,2051.00000000,1
1531163371164,1531163371160,2401956,0.00001014,2051.00000000,1
1531163373907,1531163373901,2401957,0.00001018,1174.00000000,0
1531163373907,1531163373901,2401958,0.00001019,500.00000000,0
1531163373907,1531163373901,2401959,0.00001020,5719.00000000,0
1531163373921,1531163373917,2401960,0.00001020,1437.00000000,1
1531163373935,1531163373932,2401961,0.00001017,572.00000000,1
1531163373935,1531163373932,2401962,0.00001015,865.00000000,1
1531163375022,1531163375017,2401963,0.00001021,1139.00000000,0
1531163376160,1531163376156,2401964,0.00001021,371.00000000,0
1531163380070,1531163380065,2401965,0.00001019,3379.00000000,0
1531163381393,1531163381388,2401966,0.00001018,1000.00000000,0
1531163381875,1531163381871,2401967,0.00001015,203.00000000,1
1531163382117,1531163382111,2401968,0.00001018,44.00000000,0
1531163382191,1531163382186,2401969,0.00001018,1301.00000000,1
1531163382252,1531163382246,2401970,0.00001018,1185.00000000,0
1531163383154,1531163383147,2401971,0.00001015,173.00000000,1
1531163383942,1531163383939,2401972,0.00001018,116.00000000,1
1531163384962,1531163384956,2401973,0.00001019,852.00000000,0
1531163385937,1531163385931,2401974,0.00001019,130.00000000,0
1531163385937,1531163385931,2401975,0.00001020,722.00000000,0
1531163386985,1531163386982,2401976,0.00001018,49.00000000,1
1531163386985,1531163386982,2401977,0.00001017,81.00000000,1
1531163387210,1531163387207,2401978,0.00001017,110.00000000,1
1531163387210,1531163387207,2401979,0.00001015,144.00000000,1
1531163390457,1531163390451,2401980,0.00001020,213.00000000,0
1531163393744,1531163393739,2401981,0.00001020,52.00000000,0
1531163395479,1531163395474,2401982,0.00001020,18.00000000,0
1531163396012,1531163396006,2401983,0.00001018,3220.00000000,1
1531163397337,1531163397332,2401984,0.00001020,2782.00000000,0
1531163407039,1531163407036,2401985,0.00001017,164.00000000,0
1531163410770,1531163410765,2401986,0.00001018,1383.00000000,0
1531163410793,1531163410790,2401987,0.00001018,1260.00000000,1
1531163414182,1531163414176,2401988,0.00001020,3536.00000000,0
1531163414846,1531163414839,2401989,0.00001020,2485.00000000,0
1531163414846,1531163414839,2401990,0.00001021,2143.00000000,0
1531163414846,1531163414839,2401991,0.00001024,211.00000000,0
1531163414846,1531163414839,2401992,0.00001025,16400.00000000,0
1531163414862,1531163414857,2401993,0.00001025,7287.00000000,1
1531163414890,1531163414885,2401994,0.00001025,779.00000000,1
1531163415061,1531163415058,2401995,0.00001025,1914.00000000,1
1531163415070,1531163415065,2401996,0.00001025,3809.00000000,1
1531163415070,1531163415065,2401997,0.00001018,1926.00000000,1
1531163416460,1531163416454,2401998,0.00001020,279.00000000,1
1531163423224,1531163423219,2401999,0.00001025,405.00000000,0
1531163424487,1531163424484,2402000,0.00001025,237.00000000,1
1531163425841,1531163425837,2402001,0.00001025,1107.00000000,1
1531163427155,1531163427149,2402002,0.00001026,1950.00000000,0
1531163428843,1531163428837,2402003,0.00001026,107.00000000,0
1531163428869,1531163428863,2402004,0.00001027,10.00000000,0
1531163430311,1531163430306,2402005,0.00001026,350.00000000,1
1531163430344,1531163430337,2402006,0.00001027,137.00000000,0
1531163430344,1531163430337,2402007,0.00001028,2987.00000000,0
1531163430344,1531163430337,2402008,0.00001029,1876.00000000,0
1531163430613,1531163430607,2402009,0.00001029,469.00000000,0
1531163430706,1531163430701,2402010,0.00001027,630.00000000,1
1531163431876,1531163431870,2402011,0.00001029,117.00000000,0
1531163432619,1531163432613,2402012,0.00001027,136.00000000,1
1531163432726,1531163432720,2402013,0.00001027,250.00000000,1
1531163432732,1531163432726,2402014,0.00001029,2829.00000000,0
1531163432865,1531163432860,2402015,0.00001029,460.00000000,0
1531163433172,1531163433167,2402016,0.00001029,4078.00000000,0
1531163433490,1531163433484,2402017,0.00001029,29.00000000,0
1531163434546,1531163434539,2402018,0.00001029,8735.00000000,0
1531163434550,1531163434546,2402019,0.00001029,457.00000000,0
1531163434796,1531163434791,2402020,0.00001029,944.00000000,0
1531163437253,1531163437248,2402021,0.00001029,7203.00000000,0
1531163437806,1531163437802,2402022,0.00001030,600.00000000,0
1531163437986,1531163437979,2402023,0.00001029,1147.00000000,1
1531163438129,1531163438124,2402024,0.00001029,1147.00000000,1
1531163440736,1531163440731,2402025,0.00001030,1658.00000000,0
1531163441554,1531163441547,2402026,0.00001030,8063.00000000,0
1531163441554,1531163441547,2402027,0.00001031,15028.00000000,0
1531163443702,1531163443695,2402028,0.00001030,1700.00000000,1
1531163443724,1531163443718,2402029,0.00001031,659.00000000,0
1531163444385,1531163444379,2402030,0.00001031,1281.00000000,1
1531163444385,1531163444379,2402031,0.00001030,3719.00000000,1
1531163444719,1531163444713,2402032,0.00001031,638.00000000,1
1531163445093,1531163445056,2402033,0.00001032,300.00000000,0
1531163445093,1531163445056,2402034,0.00001033,230.00000000,0
1531163446356,1531163446353,2402035,0.00001033,120.00000000,0
1531163446914,1531163446907,2402036,0.00001031,791.00000000,1
1531163446914,1531163446907,2402037,0.00001030,4009.00000000,1
1531163447038,1531163447032,2402038,0.00001030,882.00000000,1
1531163448297,1531163448291,2402039,0.00001031,216.00000000,1
1531163448297,1531163448291,2402040,0.00001030,784.00000000,1
1531163449169,1531163449165,2402041,0.00001033,120.00000000,0
1531163449712,1531163449709,2402042,0.00001033,120.00000000,0
1531163450266,1531163450260,2402043,0.00001033,20.00000000,0
1531163450266,1531163450260,2402044,0.00001034,100.00000000,0
1531163450585,1531163450578,2402045,0.00001034,12904.00000000,0
1531163450585,1531163450578,2402046,0.00001035,7824.00000000,0
1531163451287,1531163451282,2402047,0.00001035,1400.00000000,1
1531163452093,1531163452088,2402048,0.00001036,539.00000000,0
1531163454102,1531163454096,2402049,0.00001037,160.00000000,0
1531163454102,1531163454096,2402050,0.00001038,7740.00000000,0
1531163454347,1531163454342,2402051,0.00001038,2336.00000000,0
1531163455742,1531163455737,2402052,0.00001038,2663.00000000,0
1531163455883,1531163455879,2402053,0.00001036,837.00000000,1
1531163455932,1531163455927,2402054,0.00001038,3143.00000000,0
1531163456568,1531163456563,2402055,0.00001038,773.00000000,0
1531163456695,1531163456690,2402056,0.00001038,2000.00000000,0
1531163456901,1531163456895,2402057,0.00001037,450.00000000,1
1531163457019,1531163457013,2402058,0.00001038,888.00000000,0
1531163457296,1531163457289,2402059,0.00001038,1102.00000000,0
1531163457296,1531163457289,2402060,0.00001039,287.00000000,0
1531163457296,1531163457289,2402061,0.00001040,1062.00000000,0
1531163458480,1531163458475,2402062,0.00001040,346.00000000,0
1531163461066,1531163461060,2402063,0.00001040,14998.00000000,0
1531163461896,1531163461890,2402064,0.00001040,2169.00000000,0
1531163461926,1531163461922,2402065,0.00001040,530.00000000,1
1531163462131,1531163462126,2402066,0.00001040,113.00000000,1
1531163462442,1531163462437,2402067,0.00001040,530.00000000,1
1531163462479,1531163462476,2402068,0.00001042,264.00000000,0
1531163462479,1531163462476,2402069,0.00001043,316.00000000,0
1531163462934,1531163462928,2402070,0.00001043,690.00000000,0
1531163463007,1531163463001,2402071,0.00001040,4881.00000000,1
1531163464452,1531163464447,2402072,0.00001039,8997.00000000,0
1531163465393,1531163465389,2402073,0.00001039,942.00000000,0
1531163466031,1531163466025,2402074,0.00001036,826.00000000,1
1531163466745,1531163466739,2402075,0.00001038,500.00000000,1
1531163466745,1531163466739,2402076,0.00001036,4616.00000000,1
1531163467951,1531163467945,2402077,0.00001036,400.00000000,1
1531163470722,1531163470716,2402078,0.00001039,6774.00000000,0
1531163471979,1531163471973,2402079,0.00001036,5000.00000000,1
1531163472160,1531163472154,2402080,0.00001036,645.00000000,1
1531163473346,1531163473340,2402081,0.00001036,1532.00000000,1
1531163473346,1531163473340,2402082,0.00001035,862.00000000,1
1531163473376,1531163473371,2402083,0.00001035,2000.00000000,1
1531163473637,1531163473632,2402084,0.00001035,500.00000000,1
1531163473916,1531163473910,2402085,0.00001035,110.00000000,1
1531163474429,1531163474423,2402086,0.00001035,130.00000000,1
1531163474704,1531163474699,2402087,0.00001035,571.00000000,1
1531163476922,1531163476916,2402088,0.00001039,1497.00000000,0
1531163476922,1531163476916,2402089,0.00001041,73.00000000,0
1531163477819,1531163477817,2402090,0.00001035,1036.00000000,1
1531163478575,1531163478569,2402091,0.00001036,515.00000000,0
1531163479359,1531163479353,2402092,0.00001036,98.00000000,0
1531163479387,1531163479381,2402093,0.00001036,195.00000000,0
1531163479655,1531163479652,2402094,0.00001036,195.00000000,0
1531163479666,1531163479661,2402095,0.00001036,166.00000000,0
1531163479779,1531163479774,2402096,0.00001036,138.00000000,0
1531163480051,1531163480047,2402097,0.00001036,98.00000000,0
1531163480124,1531163480119,2402098,0.00001036,120.00000000,0
1531163480165,1531163480160,2402099,0.00001035,123.00000000,1
1531163480969,1531163480964,2402100,0.00001036,138.00000000,0
1531163481303,1531163481297,2402101,0.00001036,3558.00000000,0
1531163481316,1531163481310,2402102,0.00001039,848.00000000,0
1531163482522,1531163482516,2402103,0.00001039,528.00000000,0
1531163482522,1531163482516,2402104,0.00001040,98.00000000,0
1531163484026,1531163484020,2402105,0.00001041,68.00000000,0
1531163484879,1531163484875,2402106,0.00001040,6696.00000000,1
1531163488985,1531163488978,2402107,0.00001040,98.00000000,0
1531163490288,1531163490285,2402108,0.00001036,530.00000000,1
1531163490879,1531163490875,2402109,0.00001040,1230.00000000,0
1531163491487,1531163491481,2402110,0.00001040,1172.00000000,0
1531163493121,1531163493116,2402111,0.00001041,195.00000000,0
1531163493122,1531163493116,2402112,0.00001043,1238.00000000,0
1531163493438,1531163493433,2402113,0.00001040,3103.00000000,1
1531163494430,1531163494425,2402114,0.00001040,474.00000000,0
1531163498051,1531163498045,2402115,0.00001040,148.00000000,1
1531163500793,1531163500786,2402116,0.00001041,98.00000000,1
1531163500793,1531163500786,2402117,0.00001040,1184.00000000,1
1531163503911,1531163503905,2402118,0.00001040,1945.00000000,1
1531163507383,1531163507376,2402119,0.00001040,145.00000000,1
1531163511809,1531163511802,2402120,0.00001041,8020.00000000,0
1531163511809,1531163511802,2402121,0.00001043,19188.00000000,0
1531163511809,1531163511802,2402122,0.00001043,2000.00000000,1
1531163511830,1531163511824,2402123,0.00001044,192.00000000,0
1531163512608,1531163512603,2402124,0.00001044,338.00000000,0
1531163513525,1531163513518,2402125,0.00001043,145.00000000,1
1531163513742,1531163513739,2402126,0.00001043,169.00000000,1
1531163516403,1531163516396,2402127,0.00001043,145.00000000,1
1531163516714,1531163516707,2402128,0.00001044,59803.00000000,0
1531163516714,1531163516707,2402129,0.00001045,35795.00000000,0
1531163518030,1531163518027,2402130,0.00001043,401.00000000,1
1531163520343,1531163520338,2402131,0.00001045,466.00000000,0
1531163521648,1531163521642,2402132,0.00001043,100.00000000,1
1531163521941,1531163521936,2402133,0.00001043,423.00000000,1
1531163523190,1531163523183,2402134,0.00001043,298.00000000,1
1531163523354,1531163523350,2402135,0.00001043,148.00000000,1
1531163523647,1531163523642,2402136,0.00001045,45.00000000,0
1531163526979,1531163526966,2402137,0.00001045,30696.00000000,0
1531163526979,1531163526966,2402138,0.00001046,5285.00000000,0
1531163526979,1531163526966,2402139,0.00001047,20299.00000000,0
1531163526979,1531163526966,2402140,0.00001048,60812.00000000,0
1531163526979,1531163526966,2402141,0.00001049,24950.00000000,0
1531163526979,1531163526966,2402142,0.00001050,85165.00000000,0
1531163526979,1531163526966,2402143,0.00001050,613.00000000,1
1531163527028,1531163527023,2402144,0.00001050,138.00000000,1
1531163527055,1531163527049,2402145,0.00001050,388.00000000,1
1531163527121,1531163527117,2402146,0.00001050,99.00000000,1
1531163527276,1531163527273,2402147,0.00001050,148.00000000,1
1531163528033,1531163528027,2402148,0.00001050,164.00000000,1
1531163528219,1531163528212,2402149,0.00001050,100.00000000,1
1531163528494,1531163528487,2402150,0.00001050,100.00000000,1
1531163529999,1531163529994,2402151,0.00001051,208.00000000,0
1531163529999,1531163529994,2402152,0.00001052,275.00000000,0
1531163530953,1531163530947,2402153,0.00001052,161.00000000,0
1531163531540,1531163531533,2402154,0.00001052,122.00000000,0
1531163531763,1531163531756,2402155,0.00001050,4860.00000000,1
1531163532159,1531163532153,2402156,0.00001052,2184.00000000,0
1531163532277,1531163532272,2402157,0.00001052,1923.00000000,0
1531163533887,1531163533881,2402158,0.00001052,10927.00000000,0
1531163534725,1531163534721,2402159,0.00001052,304.00000000,1
1531163535979,1531163535973,2402160,0.00001052,315.00000000,1
1531163537371,1531163537367,2402161,0.00001052,5000.00000000,1
1531163538412,1531163538406,2402162,0.00001052,225.00000000,1
1531163538879,1531163538873,2402163,0.00001052,200.00000000,1
1531163540654,1531163540649,2402164,0.00001052,7216.00000000,1
1531163542281,1531163542274,2402165,0.00001053,12876.00000000,0
1531163543339,1531163543332,2402166,0.00001054,990.00000000,0
1531163543371,1531163543366,2402167,0.00001054,500.00000000,1
1531163543532,1531163543527,2402168,0.00001054,1483.00000000,1
1531163546459,1531163546454,2402169,0.00001055,10783.00000000,0
1531163547279,1531163547273,2402170,0.00001055,24425.00000000,0
1531163548619,1531163548613,2402171,0.00001055,650.00000000,0
1531163548727,1531163548721,2402172,0.00001055,83790.00000000,0
1531163548765,1531163548759,2402173,0.00001054,2569.00000000,1
1531163548823,1531163548817,2402174,0.00001054,848.00000000,1
1531163548911,1531163548908,2402175,0.00001055,1831.00000000,0
1531163548952,1531163548947,2402176,0.00001055,1503.00000000,0
1531163549152,1531163549149,2402177,0.00001055,17251.00000000,0
1531163549235,1531163549229,2402178,0.00001054,755.00000000,1
1531163549290,1531163549284,2402179,0.00001055,9917.00000000,0
1531163549391,1531163549384,2402180,0.00001054,148.00000000,1
1531163549491,1531163549484,2402181,0.00001055,8053.00000000,0
1531163549670,1531163549664,2402182,0.00001055,4217.00000000,0
1531163550939,1531163550932,2402183,0.00001055,25453.00000000,0
1531163551514,1531163551508,2402184,0.00001055,96.00000000,0
1531163551577,1531163551572,2402185,0.00001055,13107.00000000,0
1531163551721,1531163551715,2402186,0.00001056,564.00000000,0
1531163551754,1531163551746,2402187,0.00001056,525.00000000,0
1531163552355,1531163552349,2402188,0.00001056,465.00000000,0
1531163552355,1531163552349,2402189,0.00001057,334.00000000,0
1531163552355,1531163552349,2402190,0.00001058,201.00000000,0
1531163553044,1531163553037,2402191,0.00001056,8510.00000000,1
1531163553044,1531163553037,2402192,0.00001055,16922.00000000,1
1531163553044,1531163553037,2402193,0.00001054,9357.00000000,1
1531163553044,1531163553037,2402194,0.00001053,409.00000000,1
1531163553044,1531163553037,2402195,0.00001052,2081.00000000,1
1531163553044,1531163553037,2402196,0.00001051,639.00000000,1
1531163553044,1531163553037,2402197,0.00001050,13312.00000000,1
1531163553044,1531163553037,2402198,0.00001050,1658.00000000,1
1531163553491,1531163553486,2402199,0.00001058,3793.00000000,0
1531163554007,1531163554001,2402200,0.00001052,44.00000000,1
1531163555621,1531163555615,2402201,0.00001054,128.00000000,0
1531163556554,1531163556548,2402202,0.00001052,192.00000000,1
1531163557271,1531163557266,2402203,0.00001054,8541.00000000,0
1531163557779,1531163557773,2402204,0.00001054,3937.00000000,0
1531163557810,1531163557803,2402205,0.00001054,615.00000000,0
1531163558219,1531163558212,2402206,0.00001054,565.00000000,0
1531163558481,1531163558478,2402207,0.00001052,443.00000000,1
1531163558481,1531163558478,2402208,0.00001050,20.00000000,1
1531163558711,1531163558707,2402209,0.00001050,10042.00000000,1
1531163559385,1531163559380,2402210,0.00001050,614.00000000,1
1531163560937,1531163560933,2402211,0.00001050,254.00000000,1
1531163561447,1531163561441,2402212,0.00001054,528.00000000,0
1531163563284,1531163563279,2402213,0.00001050,154.00000000,1
1531163563435,1531163563428,2402214,0.00001050,128.00000000,1
1531163563605,1531163563601,2402215,0.00001050,215.00000000,1
1531163568732,1531163568728,2402216,0.00001051,398.00000000,1
1531163570741,1531163570734,2402217,0.00001051,304.00000000,1
1531163570741,1531163570734,2402218,0.00001050,25149.00000000,1
1531163570863,1531163570858,2402219,0.00001054,9989.00000000,0
1531163571070,1531163571066,2402220,0.00001054,101.00000000,0
1531163571223,1531163571217,2402221,0.00001054,192.00000000,0
1531163571485,1531163571480,2402222,0.00001050,4310.00000000,1
1531163571731,1531163571726,2402223,0.00001049,163.00000000,0
1531163572013,1531163572008,2402224,0.00001049,1218.00000000,0
1531163572703,1531163572697,2402225,0.00001048,96.00000000,1
1531163572703,1531163572697,2402226,0.00001046,291.00000000,1
1531163572703,1531163572697,2402227,0.00001045,613.00000000,1
1531163572704,1531163572697,2402228,0.00001045,89.00000000,1
1531163572704,1531163572697,2402229,0.00001044,5558.00000000,1
1531163572704,1531163572697,2402230,0.00001044,128.00000000,1
1531163572757,1531163572751,2402231,0.00001047,100.00000000,0
1531163572758,1531163572753,2402232,0.00001047,100.00000000,0
1531163572784,1531163572779,2402233,0.00001047,490.00000000,0
1531163573168,1531163573164,2402234,0.00001047,528.00000000,0
1531163573187,1531163573180,2402235,0.00001048,1469.00000000,0
1531163573849,1531163573843,2402236,0.00001045,479.00000000,1
1531163573849,1531163573843,2402237,0.00001044,1426.00000000,1
1531163573983,1531163573977,2402238,0.00001044,655.00000000,1
1531163574374,1531163574367,2402239,0.00001048,500.00000000,0
1531163574628,1531163574622,2402240,0.00001048,2336.00000000,0
1531163574628,1531163574622,2402241,0.00001050,1124.00000000,0
1531163575010,1531163575003,2402242,0.00001044,230.00000000,1
1531163575010,1531163575003,2402243,0.00001043,379.00000000,1
1531163575041,1531163575035,2402244,0.00001041,3889.00000000,0
1531163575044,1531163575039,2402245,0.00001041,1338.00000000,0
1531163575054,1531163575048,2402246,0.00001041,349.00000000,1
1531163575054,1531163575048,2402247,0.00001040,572.00000000,1
1531163575054,1531163575048,2402248,0.00001039,854.00000000,1
1531163575054,1531163575048,2402249,0.00001038,676.00000000,1
1531163575068,1531163575063,2402250,0.00001040,300.00000000,0
1531163575174,1531163575171,2402251,0.00001042,525.00000000,1
1531163575438,1531163575432,2402252,0.00001045,100.00000000,0
1531163575469,1531163575464,2402253,0.00001045,100.00000000,0
1531163576443,1531163576438,2402254,0.00001043,247.00000000,0
1531163576443,1531163576438,2402255,0.00001045,596.00000000,0
1531163576493,1531163576486,2402256,0.00001040,525.00000000,1
1531163576493,1531163576486,2402257,0.00001038,3948.00000000,1
1531163576493,1531163576486,2402258,0.00001037,2891.00000000,1
1531163576493,1531163576486,2402259,0.00001036,1146.00000000,1
1531163576811,1531163576798,2402260,0.00001040,500.00000000,1
1531163576811,1531163576798,2402261,0.00001036,1957.00000000,1
1531163576811,1531163576798,2402262,0.00001035,8537.00000000,1
1531163576811,1531163576798,2402263,0.00001034,5320.00000000,1
1531163576811,1531163576798,2402264,0.00001033,1695.00000000,1
1531163576811,1531163576798,2402265,0.00001032,5234.00000000,1
1531163576811,1531163576798,2402266,0.00001031,8319.00000000,1
1531163576811,1531163576798,2402267,0.00001030,2031.00000000,1
1531163577114,1531163577109,2402268,0.00001034,510.00000000,1
1531163577390,1531163577385,2402269,0.00001034,600.00000000,1
1531163577502,1531163577497,2402270,0.00001036,1497.00000000,0
1531163577654,1531163577649,2402271,0.00001037,153.00000000,0
1531163577957,1531163577952,2402272,0.00001038,482.00000000,0
1531163577957,1531163577952,2402273,0.00001039,48.00000000,0
1531163578229,1531163578225,2402274,0.00001036,144.00000000,1
1531163578229,1531163578225,2402275,0.00001033,386.00000000,1
1531163578479,1531163578473,2402276,0.00001039,500.00000000,0
1531163578680,1531163578675,2402277,0.00001038,1553.00000000,0
1531163579030,1531163579025,2402278,0.00001036,500.00000000,0
1531163579098,1531163579092,2402279,0.00001036,1902.00000000,0
1531163579158,1531163579155,2402280,0.00001036,951.00000000,0
1531163579394,1531163579390,2402281,0.00001036,122.00000000,0
1531163579741,1531163579735,2402282,0.00001035,204.00000000,1
1531163579805,1531163579800,2402283,0.00001035,500.00000000,0
1531163579945,1531163579941,2402284,0.00001035,960.00000000,0
1531163580382,1531163580377,2402285,0.00001033,96.00000000,1
1531163580545,1531163580540,2402286,0.00001035,222.00000000,0
1531163581930,1531163581926,2402287,0.00001033,1021.00000000,1
1531163582254,1531163582249,2402288,0.00001033,5646.00000000,1
1531163582309,1531163582302,2402289,0.00001033,1011.00000000,1
1531163582367,1531163582362,2402290,0.00001034,97.00000000,0
1531163582479,1531163582474,2402291,0.00001033,1004.00000000,1
1531163582615,1531163582611,2402292,0.00001033,5055.00000000,1
1531163582655,1531163582649,2402293,0.00001033,1013.00000000,1
1531163582893,1531163582889,2402294,0.00001033,382.00000000,1
1531163582893,1531163582889,2402295,0.00001030,645.00000000,1
1531163582982,1531163582976,2402296,0.00001034,453.00000000,0
1531163583112,1531163583107,2402297,0.00001033,118.00000000,1
1531163583112,1531163583107,2402298,0.00001030,890.00000000,1
1531163583274,1531163583269,2402299,0.00001030,1019.00000000,1
1531163583305,1531163583300,2402300,0.00001030,1006.00000000,1
1531163583429,1531163583424,2402301,0.00001033,97.00000000,0
1531163583790,1531163583785,2402302,0.00001030,990.00000000,1
1531163583854,1531163583848,2402303,0.00001033,484.00000000,0
1531163583864,1531163583860,2402304,0.00001030,1020.00000000,1
1531163583998,1531163583994,2402305,0.00001030,1014.00000000,1
1531163584018,1531163584012,2402306,0.00001030,118.00000000,1
1531163584107,1531163584102,2402307,0.00001030,379.00000000,1
1531163584107,1531163584102,2402308,0.00001029,617.00000000,1
1531163584563,1531163584559,2402309,0.00001032,448.00000000,0
1531163584592,1531163584586,2402310,0.00001032,464.00000000,0
1531163584844,1531163584840,2402311,0.00001029,2496.00000000,1
1531163585000,1531163584995,2402312,0.00001029,1010.00000000,1
1531163585042,1531163585037,2402313,0.00001029,1014.00000000,1
1531163585132,1531163585128,2402314,0.00001029,5950.00000000,1
1531163585292,1531163585287,2402315,0.00001029,987.00000000,1
1531163585354,1531163585349,2402316,0.00001030,118.00000000,0
1531163585354,1531163585349,2402317,0.00001033,413.00000000,0
1531163585424,1531163585418,2402318,0.00001029,1949.00000000,1
1531163586083,1531163586078,2402319,0.00001028,1006.00000000,1
1531163586691,1531163586662,2402320,0.00001028,1416.00000000,1
1531163586757,1531163586749,2402321,0.00001030,382.00000000,0
1531163586757,1531163586749,2402322,0.00001032,935.00000000,0
1531163586757,1531163586749,2402323,0.00001033,9650.00000000,0
1531163586780,1531163586774,2402324,0.00001033,707.00000000,1
1531163586780,1531163586774,2402325,0.00001028,298.00000000,1
1531163586814,1531163586809,2402326,0.00001028,1004.00000000,1
1531163586987,1531163586982,2402327,0.00001028,148.00000000,1
1531163587480,1531163587474,2402328,0.00001028,1005.00000000,1
1531163587646,1531163587641,2402329,0.00001028,1005.00000000,1
1531163587909,1531163587903,2402330,0.00001028,1003.00000000,1
1531163588053,1531163588048,2402331,0.00001028,999.00000000,1
1531163588212,1531163588204,2402332,0.00001030,999.00000000,1
1531163588491,1531163588484,2402333,0.00001030,986.00000000,1
1531163589591,1531163589586,2402334,0.00001032,530.00000000,1
1531163590000,1531163589997,2402335,0.00001033,135.00000000,0
1531163590125,1531163590119,2402336,0.00001033,959.00000000,0
1531163590431,1531163590424,2402337,0.00001033,662.00000000,0
1531163590431,1531163590424,2402338,0.00001034,379.00000000,0
1531163590431,1531163590424,2402339,0.00001035,709.00000000,0
1531163590527,1531163590524,2402340,0.00001035,8774.00000000,1
1531163590546,1531163590539,2402341,0.00001035,150.00000000,1
1531163590850,1531163590847,2402342,0.00001035,1091.00000000,1
1531163591133,1531163591126,2402343,0.00001036,98.00000000,0
1531163591154,1531163591150,2402344,0.00001035,7558.00000000,1
1531163591259,1531163591226,2402345,0.00001035,2393.00000000,1
1531163591508,1531163591503,2402346,0.00001036,98.00000000,0
1531163591564,1531163591557,2402347,0.00001036,499.00000000,0
1531163591850,1531163591845,2402348,0.00001036,1439.00000000,0
1531163592039,1531163592034,2402349,0.00001036,2463.00000000,0
1531163592133,1531163592128,2402350,0.00001036,1692.00000000,0
1531163592239,1531163592235,2402351,0.00001036,2921.00000000,1
1531163592280,1531163592274,2402352,0.00001036,1543.00000000,1
1531163592280,1531163592274,2402353,0.00001035,8457.00000000,1
1531163592299,1531163592295,2402354,0.00001035,1733.00000000,1
1531163592984,1531163592979,2402355,0.00001036,108.00000000,1
1531163592984,1531163592979,2402356,0.00001035,850.00000000,1
1531163594401,1531163594394,2402357,0.00001035,45089.00000000,1
1531163594401,1531163594394,2402358,0.00001034,1773.00000000,1
1531163594401,1531163594394,2402359,0.00001033,133.00000000,1
1531163594401,1531163594394,2402360,0.00001030,6607.00000000,1
1531163594401,1531163594394,2402361,0.00001029,2197.00000000,1
1531163594401,1531163594394,2402362,0.00001028,821.00000000,1
1531163594986,1531163594981,2402363,0.00001032,530.00000000,0
1531163595217,1531163595212,2402364,0.00001031,2248.00000000,1
1531163596055,1531163596050,2402365,0.00001032,529.00000000,0
1531163596990,1531163596984,2402366,0.00001032,1.00000000,0
1531163597046,1531163597039,2402367,0.00001031,529.00000000,1
1531163597144,1531163597138,2402368,0.00001036,12737.00000000,0
1531163601820,1531163601814,2402369,0.00001033,500.00000000,1
1531163601865,1531163601861,2402370,0.00001032,349.00000000,0
1531163602382,1531163602378,2402371,0.00001033,499.00000000,1
1531163607104,1531163607098,2402372,0.00001033,1.00000000,1
1531163607104,1531163607098,2402373,0.00001032,499.00000000,1
1531163608568,1531163608562,2402374,0.00001032,134.00000000,1
1531163608568,1531163608562,2402375,0.00001031,1695.00000000,1
1531163608746,1531163608740,2402376,0.00001035,1173.00000000,0
1531163608746,1531163608740,2402377,0.00001035,698.00000000,0
1531163610127,1531163610122,2402378,0.00001035,117.00000000,0
1531163611015,1531163611009,2402379,0.00001031,1950.00000000,1
1531163611015,1531163611009,2402380,0.00001030,8050.00000000,1
1531163611149,1531163611145,2402381,0.00001035,98.00000000,0
1531163611582,1531163611576,2402382,0.00001031,968.00000000,1
1531163612271,1531163612266,2402383,0.00001031,2034.00000000,1
1531163612976,1531163612971,2402384,0.00001031,831.00000000,1
1531163613683,1531163613677,2402385,0.00001031,965.00000000,1
1531163614553,1531163614548,2402386,0.00001034,126.00000000,1
1531163615037,1531163615031,2402387,0.00001031,500.00000000,1
1531163616659,1531163616656,2402388,0.00001031,450.00000000,1
1531163616948,1531163616942,2402389,0.00001035,879.00000000,0
1531163618359,1531163618356,2402390,0.00001031,1286.00000000,1
1531163619311,1531163619308,2402391,0.00001035,493.00000000,0
1531163619394,1531163619390,2402392,0.00001035,2207.00000000,1
1531163619715,1531163619710,2402393,0.00001035,4209.00000000,1
1531163619736,1531163619730,2402394,0.00001035,8643.00000000,1
1531163621333,1531163621327,2402395,0.00001034,216.00000000,0
1531163622131,1531163622121,2402396,0.00001034,232.00000000,0
1531163622131,1531163622121,2402397,0.00001035,4209.00000000,0
1531163622131,1531163622121,2402398,0.00001036,8591.00000000,0
1531163622131,1531163622121,2402399,0.00001037,1585.00000000,0
1531163622131,1531163622121,2402400,0.00001038,422.00000000,0
1531163622131,1531163622121,2402401,0.00001039,1077.00000000,0
1531163622131,1531163622121,2402402,0.00001040,8994.00000000,0
1531163622131,1531163622121,2402403,0.00001041,4756.00000000,0
1531163623871,1531163623865,2402404,0.00001041,72.00000000,0
1531163626887,1531163626880,2402405,0.00001040,813.00000000,0
1531163627502,1531163627498,2402406,0.00001040,2238.00000000,0
1531163628537,1531163628530,2402407,0.00001038,6156.00000000,1
1531163629478,1531163629473,2402408,0.00001040,1.00000000,0
1531163630406,1531163630401,2402409,0.00001040,777.00000000,0
1531163631915,1531163631909,2402410,0.00001038,1660.00000000,0
1531163635680,1531163635675,2402411,0.00001038,633.00000000,0
1531163635920,1531163635915,2402412,0.00001038,170.00000000,0
1531163635920,1531163635915,2402413,0.00001040,737.00000000,0
1531163636712,1531163636706,2402414,0.00001037,530.00000000,1
1531163636720,1531163636715,2402415,0.00001037,304.00000000,1
1531163636720,1531163636715,2402416,0.00001036,46.00000000,1
1531163636773,1531163636768,2402417,0.00001040,1434.00000000,0
1531163637673,1531163637667,2402418,0.00001038,163.00000000,1
1531163637931,1531163637922,2402419,0.00001037,292.00000000,0
1531163637987,1531163637981,2402420,0.00001037,121.00000000,0
1531163637987,1531163637981,2402421,0.00001040,451.00000000,0
1531163638158,1531163638153,2402422,0.00001040,359.00000000,0
1531163639801,1531163639795,2402423,0.00001040,89.00000000,0
1531163642612,1531163642607,2402424,0.00001039,962.00000000,0
1531163647646,1531163647640,2402425,0.00001038,10000.00000000,1
1531163650124,1531163650120,2402426,0.00001038,573.00000000,1
1531163650761,1531163650758,2402427,0.00001038,499.00000000,1
1531163651464,1531163651460,2402428,0.00001039,329.00000000,0
1531163651503,1531163651497,2402429,0.00001040,170.00000000,0
1531163651518,1531163651512,2402430,0.00001040,499.00000000,0
1531163651556,1531163651551,2402431,0.00001040,98.00000000,0
1531163654546,1531163654541,2402432,0.00001039,530.00000000,0
1531163654870,1531163654864,2402433,0.00001038,850.00000000,1
1531163654870,1531163654864,2402434,0.00001036,7563.00000000,1
1531163655037,1531163655033,2402435,0.00001036,562.00000000,1
1531163655086,1531163655080,2402436,0.00001036,10.00000000,0
1531163655086,1531163655080,2402437,0.00001039,502.00000000,0
1531163655086,1531163655080,2402438,0.00001040,1710.00000000,0
1531163655912,1531163655907,2402439,0.00001035,7894.00000000,1
1531163655912,1531163655907,2402440,0.00001034,3780.00000000,1
1531163657219,1531163657212,2402441,0.00001035,500.00000000,1
1531163657219,1531163657212,2402442,0.00001034,30.00000000,1
1531163660270,1531163660263,2402443,0.00001038,8090.00000000,0
1531163661190,1531163661186,2402444,0.00001038,834.00000000,1
1531163661607,1531163661605,2402445,0.00001038,1579.00000000,1
1531163662101,1531163662094,2402446,0.00001038,144.00000000,1
1531163665776,1531163665771,2402447,0.00001039,633.00000000,1
1531163668464,1531163668460,2402448,0.00001040,13542.00000000,0
1531163670875,1531163670870,2402449,0.00001039,153.00000000,1
1531163671931,1531163671925,2402450,0.00001040,1000.00000000,0
1531163674442,1531163674437,2402451,0.00001040,200.00000000,0
1531163677886,1531163677880,2402452,0.00001039,571.00000000,1
1531163678944,1531163678938,2402453,0.00001039,142.00000000,1
1531163683457,1531163683452,2402454,0.00001040,200.00000000,0
1531163687100,1531163687095,2402455,0.00001040,1697.00000000,0
1531163688466,1531163688461,2402456,0.00001040,11392.00000000,0
1531163688805,1531163688798,2402457,0.00001039,2225.00000000,1
1531163690780,1531163690776,2402458,0.00001039,90.00000000,1
1531163694295,1531163694290,2402459,0.00001037,44.00000000,1
1531163694407,1531163694401,2402460,0.00001039,2605.00000000,0
1531163694407,1531163694401,2402461,0.00001040,1395.00000000,0
1531163703832,1531163703826,2402462,0.00001039,380.00000000,1
1531163703832,1531163703826,2402463,0.00001037,184.00000000,1
1531163708952,1531163708946,2402464,0.00001038,447.00000000,0
1531163712006,1531163712003,2402465,0.00001037,3245.00000000,1
1531163714721,1531163714715,2402466,0.00001037,5518.00000000,1
1531163717852,1531163717846,2402467,0.00001037,576.00000000,1
1531163717860,1531163717854,2402468,0.00001038,130.00000000,0
1531163719896,1531163719891,2402469,0.00001037,3806.00000000,1
1531163721936,1531163721932,2402470,0.00001037,1731.00000000,1
1531163722814,1531163722808,2402471,0.00001037,29866.00000000,1
1531163723555,1531163723550,2402472,0.00001037,29644.00000000,1
1531163725353,1531163725348,2402473,0.00001035,228.00000000,1
1531163726729,1531163726722,2402474,0.00001037,746.00000000,0
1531163727314,1531163727310,2402475,0.00001035,3793.00000000,1
1531163727573,1531163727568,2402476,0.00001035,1934.00000000,1
1531163727938,1531163727934,2402477,0.00001035,272.00000000,1
1531163728030,1531163728027,2402478,0.00001035,635.00000000,1
1531163728187,1531163728181,2402479,0.00001035,1732.00000000,1
1531163728430,1531163728424,2402480,0.00001035,843.00000000,1
1531163731035,1531163731031,2402481,0.00001036,144.00000000,0
1531163731035,1531163731031,2402482,0.00001037,54661.00000000,0
1531163731294,1531163731289,2402483,0.00001035,485.00000000,1
1531163731495,1531163731489,2402484,0.00001035,745.00000000,0
1531163733776,1531163733773,2402485,0.00001034,500.00000000,1
1531163733776,1531163733773,2402486,0.00001032,907.00000000,1
1531163733813,1531163733810,2402487,0.00001032,574.00000000,1
1531163734720,1531163734714,2402488,0.00001034,306.00000000,1
1531163736800,1531163736795,2402489,0.00001034,194.00000000,1
1531163736800,1531163736795,2402490,0.00001032,142.00000000,1
1531163739059,1531163739054,2402491,0.00001032,171.00000000,1
1531163739427,1531163739422,2402492,0.00001031,200.00000000,1
1531163740794,1531163740786,2402493,0.00001031,521.00000000,1
1531163740794,1531163740786,2402494,0.00001030,98.00000000,1
1531163740794,1531163740786,2402495,0.00001029,294.00000000,1
1531163740794,1531163740786,2402496,0.00001028,1358.00000000,1
1531163740794,1531163740786,2402497,0.00001027,7729.00000000,1
1531163740794,1531163740786,2402498,0.00001027,4159.00000000,1
1531163740821,1531163740816,2402499,0.00001028,224.00000000,0
1531163740856,1531163740851,2402500,0.00001028,168.00000000,0
1531163741052,1531163741046,2402501,0.00001028,200.00000000,1
1531163742124,1531163742118,2402502,0.00001028,224.00000000,1
1531163742927,1531163742921,2402503,0.00001029,315.00000000,0
1531163748511,1531163748502,2402504,0.00001028,4221.00000000,1
1531163748511,1531163748502,2402505,0.00001027,7670.00000000,1
1531163748511,1531163748502,2402506,0.00001026,1816.00000000,1
1531163748511,1531163748502,2402507,0.00001025,4451.00000000,1
1531163748511,1531163748502,2402508,0.00001024,5090.00000000,1
1531163748511,1531163748502,2402509,0.00001023,537.00000000,1
1531163748511,1531163748502,2402510,0.00001022,10438.00000000,1
1531163748512,1531163748502,2402511,0.00001021,16389.00000000,1
1531163748512,1531163748502,2402512,0.00001020,10223.00000000,1
1531163748512,1531163748502,2402513,0.00001020,4275.00000000,1
1531163748531,1531163748524,2402514,0.00001024,256.00000000,0
1531163749718,1531163749712,2402515,0.00001025,453.00000000,0
1531163749840,1531163749837,2402516,0.00001024,223.00000000,1
1531163751058,1531163751055,2402517,0.00001024,222.00000000,1
1531163751281,1531163751273,2402518,0.00001024,42.00000000,1
1531163751281,1531163751273,2402519,0.00001021,902.00000000,1
1531163751281,1531163751273,2402520,0.00001020,14832.00000000,1
1531163751281,1531163751273,2402521,0.00001019,5226.00000000,1
1531163751281,1531163751273,2402522,0.00001018,2352.00000000,1
1531163751281,1531163751273,2402523,0.00001017,1047.00000000,1
1531163751281,1531163751273,2402524,0.00001017,190.00000000,1
1531163751285,1531163751273,2402525,0.00001017,3091.00000000,1
1531163751285,1531163751273,2402526,0.00001016,2887.00000000,1
1531163751788,1531163751781,2402527,0.00001022,580.00000000,0
1531163751788,1531163751781,2402528,0.00001023,20.00000000,0
1531163752066,1531163752064,2402529,0.00001019,194.00000000,0
1531163752074,1531163752069,2402530,0.00001021,207.00000000,1
1531163752446,1531163752442,2402531,0.00001021,5.00000000,1
1531163752501,1531163752492,2402532,0.00001021,244.00000000,1
1531163752518,1531163752512,2402533,0.00001019,5719.00000000,0
1531163752519,1531163752515,2402534,0.00001019,530.00000000,0
1531163752548,1531163752544,2402535,0.00001019,530.00000000,0
1531163752558,1531163752554,2402536,0.00001019,111.00000000,0
1531163752738,1531163752731,2402537,0.00001019,990.00000000,0
1531163753685,1531163753679,2402538,0.00001019,100.00000000,0
1531163753822,1531163753817,2402539,0.00001019,453.00000000,0
1531163754365,1531163754362,2402540,0.00001017,144.00000000,1
1531163755051,1531163755044,2402541,0.00001018,500.00000000,0
1531163755889,1531163755883,2402542,0.00001018,146.00000000,0
1531163756058,1531163756051,2402543,0.00001017,63.00000000,1
1531163756301,1531163756295,2402544,0.00001015,147.00000000,1
1531163756301,1531163756295,2402545,0.00001014,383.00000000,1
1531163756406,1531163756402,2402546,0.00001017,366.00000000,0
1531163756406,1531163756402,2402547,0.00001018,4.00000000,0
1531163756406,1531163756402,2402548,0.00001019,82.00000000,0
1531163756585,1531163756580,2402549,0.00001015,800.00000000,0
1531163757148,1531163757143,2402550,0.00001014,500.00000000,1
1531163757158,1531163757151,2402551,0.00001015,3216.00000000,0
1531163759014,1531163759006,2402552,0.00001017,433.00000000,0
1531163759014,1531163759006,2402553,0.00001019,144.00000000,0
1531163759368,1531163759362,2402554,0.00001016,232.00000000,0
1531163759863,1531163759857,2402555,0.00001015,1045.00000000,1
1531163760147,1531163760141,2402556,0.00001015,2989.00000000,0
1531163762736,1531163762729,2402557,0.00001019,780.00000000,0
1531163763706,1531163763700,2402558,0.00001018,127.00000000,1
1531163763706,1531163763700,2402559,0.00001015,571.00000000,1
1531163764953,1531163764947,2402560,0.00001019,868.00000000,0
1531163765007,1531163764998,2402561,0.00001019,3198.00000000,0
1531163765007,1531163764998,2402562,0.00001020,554.00000000,0
1531163765007,1531163764998,2402563,0.00001021,844.00000000,0
1531163765007,1531163764998,2402564,0.00001022,1347.00000000,0
1531163765007,1531163764998,2402565,0.00001023,1274.00000000,0
1531163765007,1531163764998,2402566,0.00001024,428.00000000,0
1531163765007,1531163764998,2402567,0.00001025,1007.00000000,0
1531163768724,1531163768718,2402568,0.00001020,200.00000000,0
1531163769162,1531163769156,2402569,0.00001018,123.00000000,0
1531163771687,1531163771681,2402570,0.00001017,1799.00000000,1
1531163771984,1531163771978,2402571,0.00001017,100.00000000,0
1531163772344,1531163772338,2402572,0.00001017,1791.00000000,0
1531163773415,1531163773411,2402573,0.00001017,100.00000000,0
1531163773608,1531163773605,2402574,0.00001017,590.00000000,0
1531163779268,1531163779263,2402575,0.00001017,5627.00000000,0
1531163779806,1531163779801,2402576,0.00001017,1685.00000000,0
1531163780999,1531163780993,2402577,0.00001016,885.00000000,1
1531163780999,1531163780993,2402578,0.00001014,588.00000000,1
1531163780999,1531163780993,2402579,0.00001013,2572.00000000,1
1531163780999,1531163780993,2402580,0.00001012,29.00000000,1
1531163781083,1531163781078,2402581,0.00001016,397.00000000,1
1531163781521,1531163781516,2402582,0.00001017,646.00000000,0
1531163782489,1531163782482,2402583,0.00001013,530.00000000,1
1531163782800,1531163782795,2402584,0.00001015,569.00000000,0
1531163783358,1531163783353,2402585,0.00001015,1.00000000,0
1531163783460,1531163783455,2402586,0.00001015,568.00000000,0
1531163783708,1531163783701,2402587,0.00001015,1.00000000,0
1531163789119,1531163789114,2402588,0.00001017,1142.00000000,0
1531163790237,1531163790230,2402589,0.00001018,585.00000000,1
1531163790367,1531163790362,2402590,0.00001020,578.00000000,0
1531163792444,1531163792438,2402591,0.00001020,1955.00000000,0
1531163793890,1531163793885,2402592,0.00001020,946.00000000,0
1531163793909,1531163793906,2402593,0.00001020,3336.00000000,1
1531163793918,1531163793912,2402594,0.00001015,590.00000000,1
1531163796407,1531163796402,2402595,0.00001021,530.00000000,0
1531163809618,1531163809612,2402596,0.00001019,152.00000000,1
1531163812464,1531163812458,2402597,0.00001021,1692.00000000,1
1531163812573,1531163812566,2402598,0.00001021,487.00000000,1
1531163812956,1531163812950,2402599,0.00001021,3996.00000000,1
1531163813999,1531163813994,2402600,0.00001022,590.00000000,0
1531163813999,1531163813994,2402601,0.00001023,728.00000000,0
1531163813999,1531163813994,2402602,0.00001024,729.00000000,0
1531163813999,1531163813994,2402603,0.00001025,3793.00000000,0
1531163814189,1531163814185,2402604,0.00001025,5334.00000000,0
1531163814189,1531163814185,2402605,0.00001026,1371.00000000,0
1531163814219,1531163814213,2402606,0.00001026,530.00000000,1
1531163814220,1531163814215,2402607,0.00001026,779.00000000,1
1531163814266,1531163814261,2402608,0.00001026,530.00000000,1
1531163814508,1531163814502,2402609,0.00001026,135.00000000,1
1531163814524,1531163814519,2402610,0.00001026,530.00000000,1
1531163814687,1531163814685,2402611,0.00001026,500.00000000,1
1531163814800,1531163814795,2402612,0.00001026,750.00000000,1
1531163815309,1531163815303,2402613,0.00001026,5931.00000000,1
1531163815698,1531163815692,2402614,0.00001026,530.00000000,1
1531163815714,1531163815707,2402615,0.00001027,530.00000000,0
1531163815897,1531163815892,2402616,0.00001026,486.00000000,1
1531163815973,1531163815966,2402617,0.00001026,500.00000000,1
1531163816267,1531163816260,2402618,0.00001026,3868.00000000,1
1531163816689,1531163816683,2402619,0.00001026,2190.00000000,1
1531163817030,1531163817022,2402620,0.00001027,530.00000000,0
1531163818135,1531163818132,2402621,0.00001027,500.00000000,0
1531163822321,1531163822316,2402622,0.00001027,4363.00000000,0
1531163824311,1531163824306,2402623,0.00001027,3734.00000000,0
1531163825560,1531163825555,2402624,0.00001026,450.00000000,1
1531163828365,1531163828358,2402625,0.00001026,2011.00000000,1
1531163829359,1531163829354,2402626,0.00001026,147.00000000,1
1531163829565,1531163829558,2402627,0.00001027,334.00000000,0
1531163829565,1531163829558,2402628,0.00001028,1460.00000000,0
1531163829565,1531163829558,2402629,0.00001029,10871.00000000,0
1531163829565,1531163829558,2402630,0.00001033,15779.00000000,0
1531163829587,1531163829584,2402631,0.00001033,530.00000000,1
1531163829650,1531163829644,2402632,0.00001033,530.00000000,1
1531163829704,1531163829699,2402633,0.00001033,563.00000000,1
1531163830723,1531163830719,2402634,0.00001030,577.00000000,0
1531163830723,1531163830719,2402635,0.00001034,1251.00000000,0
1531163831116,1531163831110,2402636,0.00001030,500.00000000,1
1531163831516,1531163831512,2402637,0.00001030,30.00000000,1
1531163831516,1531163831512,2402638,0.00001027,707.00000000,1
1531163832369,1531163832364,2402639,0.00001033,707.00000000,0
1531163832653,1531163832646,2402640,0.00001033,165.00000000,1
1531163833338,1531163833333,2402641,0.00001033,234.00000000,1
1531163833436,1531163833430,2402642,0.00001034,361.00000000,0
1531163834559,1531163834554,2402643,0.00001033,825.00000000,1
1531163837434,1531163837428,2402644,0.00001029,1069.00000000,1
1531163837775,1531163837771,2402645,0.00001030,246.00000000,0
1531163837865,1531163837859,2402646,0.00001033,577.00000000,0
1531163837865,1531163837859,2402647,0.00001034,85.00000000,0
1531163839951,1531163839945,2402648,0.00001028,499.00000000,1
1531163854309,1531163854303,2402649,0.00001028,1826.00000000,1
1531163858662,1531163858656,2402650,0.00001030,142.00000000,0
1531163863472,1531163863469,2402651,0.00001029,447.00000000,1
1531163865113,1531163865110,2402652,0.00001031,499.00000000,0
1531163866110,1531163866104,2402653,0.00001029,452.00000000,1
1531163867613,1531163867609,2402654,0.00001032,883.00000000,0
1531163868078,1531163868073,2402655,0.00001030,578.00000000,1
1531163871248,1531163871241,2402656,0.00001030,147.00000000,0
1531163874839,1531163874833,2402657,0.00001030,3693.00000000,0
1531163882488,1531163882482,2402658,0.00001030,3934.00000000,0
1531163895756,1531163895752,2402659,0.00001030,423.00000000,1
1531163899802,1531163899796,2402660,0.00001031,1142.00000000,1
1531163901358,1531163901353,2402661,0.00001031,803.00000000,1
1531163908338,1531163908332,2402662,0.00001031,147.00000000,1
1531163910682,1531163910675,2402663,0.00001032,626.00000000,0
1531163910926,1531163910920,2402664,0.00001032,2813.00000000,1
1531163920646,1531163920602,2402665,0.00001034,530.00000000,0
1531163921112,1531163921107,2402666,0.00001034,1239.00000000,0
1531163926976,1531163926969,2402667,0.00001034,3314.00000000,1
1531163928054,1531163928048,2402668,0.00001035,147.00000000,0
1531163932004,1531163931999,2402669,0.00001035,100.00000000,0
1531163932840,1531163932833,2402670,0.00001035,46.00000000,0
1531163932840,1531163932833,2402671,0.00001036,484.00000000,0
1531163933731,1531163933724,2402672,0.00001033,6843.00000000,1
1531163934773,1531163934767,2402673,0.00001036,195.00000000,0
1531163949628,1531163949622,2402674,0.00001036,530.00000000,0
1531163954466,1531163954464,2402675,0.00001035,218.00000000,1
1531163954466,1531163954464,2402676,0.00001032,353.00000000,1
1531163957021,1531163957015,2402677,0.00001032,1204.00000000,1
1531163957299,1531163957293,2402678,0.00001032,404.00000000,1
1531163957299,1531163957293,2402679,0.00001031,1565.00000000,1
1531163959030,1531163959025,2402680,0.00001031,1204.00000000,1
1531163959620,1531163959617,2402681,0.00001031,430.00000000,1
1531163960538,1531163960532,2402682,0.00001031,144.00000000,1
1531163960538,1531163960532,2402683,0.00001030,3413.00000000,1
1531163960538,1531163960532,2402684,0.00001029,3946.00000000,1
1531163960840,1531163960834,2402685,0.00001029,126.00000000,1
1531163961120,1531163961117,2402686,0.00001029,4182.00000000,1
1531163961144,1531163961138,2402687,0.00001029,1656.00000000,0
1531163961370,1531163961365,2402688,0.00001029,2.00000000,0
1531163962996,1531163962990,2402689,0.00001029,292.00000000,1
1531163963439,1531163963433,2402690,0.00001033,3730.00000000,0
1531163963795,1531163963788,2402691,0.00001033,499.00000000,1
1531163965673,1531163965670,2402692,0.00001033,2078.00000000,1
1531163973711,1531163973706,2402693,0.00001036,53.00000000,0
1531163975955,1531163975949,2402694,0.00001037,98.00000000,0
1531163986704,1531163986701,2402695,0.00001037,1032.00000000,0
1531163986771,1531163986770,2402696,0.00001036,246.00000000,1
1531163986977,1531163986972,2402697,0.00001036,254.00000000,1
1531163986977,1531163986972,2402698,0.00001033,21454.00000000,1
1531163987411,1531163987405,2402699,0.00001037,122.00000000,0
1531163988053,1531163988048,2402700,0.00001033,30067.00000000,1
1531163990562,1531163990556,2402701,0.00001033,26572.00000000,1
1531163991451,1531163991446,2402702,0.00001033,246.00000000,1
1531163991700,1531163991694,2402703,0.00001033,254.00000000,1
1531163992583,1531163992580,2402704,0.00001037,161.00000000,0
1531163992583,1531163992580,2402705,0.00001038,784.00000000,0
1531163993190,1531163993187,2402706,0.00001038,663.00000000,1
1531163996538,1531163996531,2402707,0.00001039,854.00000000,0
1531163996538,1531163996531,2402708,0.00001040,503.00000000,0
1531163997195,1531163997191,2402709,0.00001038,530.00000000,1
1531163997548,1531163997543,2402710,0.00001039,450.00000000,0
1531164001542,1531164001538,2402711,0.00001038,292.00000000,1
1531164004448,1531164004443,2402712,0.00001039,337.00000000,0
1531164004448,1531164004443,2402713,0.00001040,193.00000000,0
1531164005630,1531164005624,2402714,0.00001040,365.00000000,0
1531164007952,1531164007949,2402715,0.00001040,655.00000000,0
1531164013163,1531164013157,2402716,0.00001040,109.00000000,0
1531164015500,1531164015494,2402717,0.00001035,1149.00000000,1
1531164015500,1531164015494,2402718,0.00001034,5111.00000000,1
1531164015528,1531164015522,2402719,0.00001034,138.00000000,0
1531164015556,1531164015552,2402720,0.00001034,2960.00000000,0
1531164015583,1531164015579,2402721,0.00001034,642.00000000,0
1531164015967,1531164015961,2402722,0.00001040,195.00000000,0
1531164016169,1531164016167,2402723,0.00001040,98.00000000,0
1531164016198,1531164016194,2402724,0.00001040,98.00000000,0
1531164016224,1531164016220,2402725,0.00001040,98.00000000,0
1531164016342,1531164016337,2402726,0.00001040,1607.00000000,0
1531164016760,1531164016755,2402727,0.00001034,500.00000000,1
1531164022454,1531164022451,2402728,0.00001036,154.00000000,1
1531164030669,1531164030663,2402729,0.00001039,115.00000000,0
1531164031559,1531164031556,2402730,0.00001036,4981.00000000,1
1531164031653,1531164031649,2402731,0.00001039,144.00000000,0
1531164031666,1531164031660,2402732,0.00001039,144.00000000,0
1531164035085,1531164035079,2402733,0.00001036,25382.00000000,1
1531164035296,1531164035291,2402734,0.00001036,2713.00000000,0
1531164036278,1531164036274,2402735,0.00001033,388.00000000,1
1531164067490,1531164067484,2402736,0.00001033,813.00000000,1
1531164070899,1531164070893,2402737,0.00001033,4532.00000000,1
1531164072349,1531164072343,2402738,0.00001032,246.00000000,1
1531164072419,1531164072413,2402739,0.00001033,2162.00000000,0
1531164080893,1531164080883,2402740,0.00001036,500.00000000,0
1531164080893,1531164080883,2402741,0.00001037,984.00000000,0
1531164080893,1531164080883,2402742,0.00001038,1127.00000000,0
1531164080893,1531164080883,2402743,0.00001039,2138.00000000,0
1531164080893,1531164080883,2402744,0.00001040,3198.00000000,0
1531164080893,1531164080883,2402745,0.00001041,1568.00000000,0
1531164080893,1531164080883,2402746,0.00001042,9710.00000000,0
1531164080893,1531164080883,2402747,0.00001043,1264.00000000,0
1531164080893,1531164080883,2402748,0.00001044,572.00000000,0
1531164080893,1531164080883,2402749,0.00001045,883.00000000,0
1531164080893,1531164080883,2402750,0.00001046,243.00000000,0
1531164081046,1531164081037,2402751,0.00001035,530.00000000,1
1531164081195,1531164081189,2402752,0.00001035,45.00000000,1
1531164081195,1531164081189,2402753,0.00001034,1285.00000000,1
1531164081195,1531164081189,2402754,0.00001033,1082.00000000,1
1531164081195,1531164081189,2402755,0.00001032,3618.00000000,1
1531164081502,1531164081497,2402756,0.00001032,1461.00000000,1
1531164082379,1531164082377,2402757,0.00001035,500.00000000,0
1531164082413,1531164082407,2402758,0.00001035,726.00000000,0
1531164083365,1531164083362,2402759,0.00001035,59.00000000,0
1531164083365,1531164083362,2402760,0.00001036,471.00000000,0
1531164085131,1531164085126,2402761,0.00001036,29.00000000,0
1531164087324,1531164087319,2402762,0.00001040,2501.00000000,0
1531164087324,1531164087319,2402763,0.00001045,500.00000000,0
1531164087324,1531164087319,2402764,0.00001046,1253.00000000,0
1531164087324,1531164087319,2402765,0.00001047,1147.00000000,0
1531164089435,1531164089430,2402766,0.00001045,500.00000000,0
1531164089435,1531164089430,2402767,0.00001046,1143.00000000,0
1531164089435,1531164089430,2402768,0.00001047,101.00000000,0
1531164090714,1531164090708,2402769,0.00001043,500.00000000,0
1531164090714,1531164090708,2402770,0.00001046,59.00000000,0
1531164090889,1531164090883,2402771,0.00001046,104.00000000,0
1531164090889,1531164090883,2402772,0.00001047,402.00000000,0
1531164092715,1531164092708,2402773,0.00001043,500.00000000,0
1531164092715,1531164092708,2402774,0.00001047,3685.00000000,0
1531164092715,1531164092708,2402775,0.00001048,3020.00000000,0
1531164092715,1531164092708,2402776,0.00001049,14201.00000000,0
1531164092715,1531164092708,2402777,0.00001050,84173.00000000,0
1531164092730,1531164092725,2402778,0.00001050,3449.00000000,1
1531164092879,1531164092875,2402779,0.00001050,530.00000000,1
1531164092972,1531164092965,2402780,0.00001050,214.00000000,1
1531164093156,1531164093150,2402781,0.00001050,450.00000000,1
1531164093371,1531164093368,2402782,0.00001052,97.00000000,0
1531164095184,1531164095175,2402783,0.00001054,195.00000000,0
1531164095184,1531164095175,2402784,0.00001055,1051.00000000,0
1531164095184,1531164095175,2402785,0.00001056,227.00000000,0
1531164095184,1531164095175,2402786,0.00001057,653.00000000,0
1531164095184,1531164095175,2402787,0.00001058,3874.00000000,0
1531164095484,1531164095477,2402788,0.00001058,113.00000000,0
1531164095562,1531164095557,2402789,0.00001050,7.00000000,1
1531164096274,1531164096268,2402790,0.00001051,500.00000000,0
1531164097362,1531164097357,2402791,0.00001056,501.00000000,1
1531164097362,1531164097357,2402792,0.00001051,3995.00000000,1
1531164097362,1531164097357,2402793,0.00001050,3564.00000000,1
1531164098137,1531164098131,2402794,0.00001049,530.00000000,0
1531164098139,1531164098135,2402795,0.00001049,529.00000000,0
1531164099070,1531164099064,2402796,0.00001047,115.00000000,1
1531164099082,1531164099077,2402797,0.00001049,500.00000000,0
1531164099843,1531164099839,2402798,0.00001047,117.00000000,1
1531164099843,1531164099839,2402799,0.00001046,412.00000000,1
1531164101213,1531164101209,2402800,0.00001046,88.00000000,1
1531164102114,1531164102109,2402801,0.00001045,144.00000000,1
1531164105878,1531164105872,2402802,0.00001046,410.00000000,0
1531164109396,1531164109392,2402803,0.00001049,894.00000000,0
1531164109396,1531164109392,2402804,0.00001049,182.00000000,0
1531164112040,1531164112035,2402805,0.00001049,1360.00000000,0
1531164113699,1531164113694,2402806,0.00001049,450.00000000,1
1531164117062,1531164117055,2402807,0.00001050,164.00000000,0
1531164117926,1531164117922,2402808,0.00001049,119.00000000,1
1531164118068,1531164118062,2402809,0.00001049,498.00000000,1
1531164122009,1531164122003,2402810,0.00001049,569.00000000,1
1531164129649,1531164129644,2402811,0.00001049,3818.00000000,1
1531164130465,1531164130460,2402812,0.00001049,2941.00000000,0
1531164132128,1531164132121,2402813,0.00001051,97.00000000,0
1531164132362,1531164132358,2402814,0.00001051,30.00000000,0
1531164138605,1531164138603,2402815,0.00001051,569.00000000,1
1531164141615,1531164141610,2402816,0.00001051,570.00000000,1
1531164150306,1531164150300,2402817,0.00001051,68.00000000,1
1531164150579,1531164150571,2402818,0.00001051,1429.00000000,1
1531164150579,1531164150571,2402819,0.00001050,2695.00000000,1
1531164150579,1531164150571,2402820,0.00001046,658.00000000,1
1531164150579,1531164150571,2402821,0.00001045,3759.00000000,1
1531164150579,1531164150571,2402822,0.00001045,894.00000000,1
1531164156618,1531164156613,2402823,0.00001048,142.00000000,1
1531164157643,1531164157638,2402824,0.00001048,142.00000000,1
1531164158116,1531164158112,2402825,0.00001049,407.00000000,0
1531164158220,1531164158218,2402826,0.00001048,142.00000000,1
1531164159037,1531164159030,2402827,0.00001048,74.00000000,1
1531164159037,1531164159030,2402828,0.00001045,49.00000000,1
1531164161561,1531164161557,2402829,0.00001045,142.00000000,1
1531164163081,1531164163076,2402830,0.00001045,331.00000000,1
1531164163324,1531164163319,2402831,0.00001045,662.00000000,1
1531164174009,1531164174003,2402832,0.00001045,177.00000000,1
1531164178646,1531164178641,2402833,0.00001045,1946.00000000,1
1531164179250,1531164179247,2402834,0.00001046,140.00000000,0
1531164183070,1531164183067,2402835,0.00001047,840.00000000,0
1531164184297,1531164184292,2402836,0.00001045,314.00000000,1
1531164195229,1531164195224,2402837,0.00001045,1508.00000000,1
1531164195862,1531164195856,2402838,0.00001045,2127.00000000,1
1531164196677,1531164196670,2402839,0.00001047,569.00000000,0
1531164196677,1531164196670,2402840,0.00001048,202.00000000,0
1531164201669,1531164201663,2402841,0.00001045,10000.00000000,1
1531164206817,1531164206811,2402842,0.00001046,564.00000000,1
1531164206817,1531164206811,2402843,0.00001045,1063.00000000,1
1531164213380,1531164213375,2402844,0.00001045,10000.00000000,1
1531164216856,1531164216851,2402845,0.00001045,500.00000000,1
1531164224213,1531164224207,2402846,0.00001045,183.00000000,1
1531164228755,1531164228749,2402847,0.00001048,8.00000000,0
1531164244706,1531164244702,2402848,0.00001045,27313.00000000,1
1531164248314,1531164248311,2402849,0.00001045,20.00000000,0
1531164248314,1531164248311,2402850,0.00001048,713.00000000,0
1531164251378,1531164251372,2402851,0.00001048,1092.00000000,0
1531164262090,1531164262086,2402852,0.00001048,665.00000000,0
1531164275612,1531164275606,2402853,0.00001047,569.00000000,0
1531164275612,1531164275606,2402854,0.00001048,1391.00000000,0
1531164285763,1531164285757,2402855,0.00001045,100.00000000,1
1531164288221,1531164288215,2402856,0.00001045,304.00000000,1
1531164288317,1531164288311,2402857,0.00001045,18502.00000000,1
1531164294183,1531164294179,2402858,0.00001045,1154.00000000,1
1531164296445,1531164296441,2402859,0.00001044,194.00000000,1
1531164296445,1531164296441,2402860,0.00001044,94.00000000,1
1531164296445,1531164296441,2402861,0.00001043,63.00000000,1
1531164308185,1531164308179,2402862,0.00001045,2637.00000000,0
1531164308653,1531164308647,2402863,0.00001045,140.00000000,1
1531164308653,1531164308647,2402864,0.00001043,2636.00000000,1
1531164308653,1531164308647,2402865,0.00001042,1211.00000000,1
1531164308653,1531164308647,2402866,0.00001040,998.00000000,1
1531164308681,1531164308677,2402867,0.00001040,530.00000000,0
1531164308686,1531164308682,2402868,0.00001040,418.00000000,0
1531164310182,1531164310176,2402869,0.00001039,230.00000000,1
1531164310182,1531164310176,2402870,0.00001038,300.00000000,1
1531164311827,1531164311823,2402871,0.00001038,267.00000000,1
1531164311849,1531164311844,2402872,0.00001038,174.00000000,0
1531164312258,1531164312253,2402873,0.00001040,5.00000000,0
1531164313653,1531164313636,2402874,0.00001038,97.00000000,1
1531164317646,1531164317641,2402875,0.00001038,97.00000000,1
1531164319160,1531164319156,2402876,0.00001039,97.00000000,1
1531164319647,1531164319644,2402877,0.00001038,306.00000000,1
1531164321222,1531164321217,2402878,0.00001036,306.00000000,1
1531164322909,1531164322903,2402879,0.00001038,2128.00000000,0
1531164322909,1531164322903,2402880,0.00001040,1035.00000000,0
1531164327291,1531164327283,2402881,0.00001040,1374.00000000,0
1531164327291,1531164327283,2402882,0.00001042,935.00000000,0
1531164327291,1531164327283,2402883,0.00001044,203.00000000,0
1531164327291,1531164327283,2402884,0.00001045,1209.00000000,0
1531164327291,1531164327283,2402885,0.00001046,887.00000000,0
1531164327291,1531164327283,2402886,0.00001047,242.00000000,0
1531164327291,1531164327283,2402887,0.00001048,2478.00000000,0
1531164329798,1531164329791,2402888,0.00001043,530.00000000,1
1531164333009,1531164333002,2402889,0.00001043,500.00000000,0
1531164333009,1531164333002,2402890,0.00001045,909.00000000,0
1531164333009,1531164333002,2402891,0.00001046,3824.00000000,0
1531164333009,1531164333002,2402892,0.00001048,2006.00000000,0
1531164340254,1531164340252,2402893,0.00001047,97.00000000,0
1531164341946,1531164341940,2402894,0.00001048,530.00000000,0
1531164353537,1531164353533,2402895,0.00001045,131.00000000,0
1531164358862,1531164358857,2402896,0.00001046,97.00000000,0
1531164363492,1531164363486,2402897,0.00001043,3547.00000000,1
1531164382595,1531164382590,2402898,0.00001046,737.00000000,0
1531164382595,1531164382590,2402899,0.00001047,384.00000000,0
1531164383977,1531164383973,2402900,0.00001047,278.00000000,0
1531164384061,1531164384054,2402901,0.00001043,5761.00000000,1
1531164384061,1531164384054,2402902,0.00001040,5011.00000000,1
1531164385268,1531164385262,2402903,0.00001047,91.00000000,0
1531164385988,1531164385984,2402904,0.00001041,295.00000000,1
1531164417598,1531164417595,2402905,0.00001043,126.00000000,1
1531164439496,1531164439490,2402906,0.00001041,143.00000000,1
1531164439496,1531164439490,2402907,0.00001040,5019.00000000,1
1531164439513,1531164439507,2402908,0.00001040,473.00000000,0
1531164439532,1531164439527,2402909,0.00001040,123.00000000,0
1531164439557,1531164439550,2402910,0.00001040,473.00000000,0
1531164439764,1531164439757,2402911,0.00001039,194.00000000,1
1531164439764,1531164439757,2402912,0.00001038,130.00000000,1
1531164439764,1531164439757,2402913,0.00001037,856.00000000,1
1531164439764,1531164439757,2402914,0.00001036,309.00000000,1
1531164439871,1531164439865,2402915,0.00001040,144.00000000,0
1531164441307,1531164441304,2402916,0.00001037,530.00000000,0
1531164441962,1531164441955,2402917,0.00001037,3.00000000,0
1531164443307,1531164443302,2402918,0.00001037,497.00000000,1
1531164443307,1531164443302,2402919,0.00001036,33.00000000,1
1531164452745,1531164452739,2402920,0.00001036,1218.00000000,1
1531164466909,1531164466907,2402921,0.00001037,12136.00000000,1
1531164472997,1531164472992,2402922,0.00001037,100.00000000,1
1531164479059,1531164479054,2402923,0.00001036,4340.00000000,1
1531164500132,1531164500126,2402924,0.00001039,98.00000000,0
1531164503273,1531164503267,2402925,0.00001036,8.00000000,1
1531164510249,1531164510241,2402926,0.00001039,306.00000000,0
1531164510249,1531164510241,2402927,0.00001040,7032.00000000,0
1531164510249,1531164510241,2402928,0.00001044,997.00000000,0
1531164510249,1531164510241,2402929,0.00001045,809.00000000,0
1531164510249,1531164510241,2402930,0.00001046,2844.00000000,0
1531164519889,1531164519885,2402931,0.00001042,97.00000000,0
1531164521981,1531164521977,2402932,0.00001042,500.00000000,0
1531164525063,1531164525058,2402933,0.00001042,403.00000000,0
1531164528852,1531164528847,2402934,0.00001042,500.00000000,0
1531164528852,1531164528847,2402935,0.00001046,373.00000000,0
1531164530192,1531164530186,2402936,0.00001040,130.00000000,0
1531164532128,1531164532121,2402937,0.00001042,97.00000000,0
1531164532128,1531164532121,2402938,0.00001047,1709.00000000,0
1531164532128,1531164532121,2402939,0.00001048,16520.00000000,0
1531164532141,1531164532140,2402940,0.00001048,860.00000000,1
1531164535381,1531164535374,2402941,0.00001042,97.00000000,0
1531164535455,1531164535451,2402942,0.00001042,920.00000000,0
1531164535455,1531164535451,2402943,0.00001045,569.00000000,0
1531164535455,1531164535451,2402944,0.00001049,2097.00000000,0
1531164535455,1531164535451,2402945,0.00001050,67724.00000000,0
1531164536998,1531164536995,2402946,0.00001050,306.00000000,0
1531164539862,1531164539856,2402947,0.00001049,97.00000000,0
1531164541653,1531164541648,2402948,0.00001045,97.00000000,1
1531164541653,1531164541648,2402949,0.00001042,3.00000000,1
1531164555106,1531164555099,2402950,0.00001042,1235.00000000,1
1531164555106,1531164555099,2402951,0.00001041,570.00000000,1
1531164562149,1531164562144,2402952,0.00001042,645.00000000,0
1531164562149,1531164562144,2402953,0.00001046,471.00000000,0
1531164565294,1531164565289,2402954,0.00001046,368.00000000,0
1531164579968,1531164579963,2402955,0.00001046,100.00000000,0
1531164601103,1531164601097,2402956,0.00001047,97.00000000,0
1531164602071,1531164602065,2402957,0.00001047,97.00000000,0
1531164609514,1531164609513,2402958,0.00001046,287.00000000,1
1531164610709,1531164610703,2402959,0.00001046,192.00000000,0
1531164616431,1531164616425,2402960,0.00001046,2175.00000000,0
1531164623324,1531164623322,2402961,0.00001046,97.00000000,0
1531164624066,1531164624062,2402962,0.00001044,157.00000000,1
1531164645358,1531164645352,2402963,0.00001046,1334.00000000,0
1531164646214,1531164646209,2402964,0.00001045,125.00000000,1
1531164653242,1531164653236,2402965,0.00001045,283.00000000,1
1531164659000,1531164658993,2402966,0.00001044,131.00000000,1
1531164659000,1531164658993,2402967,0.00001043,96.00000000,1
1531164659000,1531164658993,2402968,0.00001042,288.00000000,1
1531164659000,1531164658993,2402969,0.00001040,1509.00000000,1
1531164661669,1531164661666,2402970,0.00001041,33.00000000,1
1531164663590,1531164663585,2402971,0.00001046,250.00000000,0
1531164664266,1531164664260,2402972,0.00001040,812.00000000,1
1531164677166,1531164677161,2402973,0.00001041,500.00000000,1
1531164677182,1531164677175,2402974,0.00001040,1427.00000000,0
1531164677249,1531164677246,2402975,0.00001040,20.00000000,0
1531164677692,1531164677686,2402976,0.00001040,633.00000000,0
1531164677704,1531164677696,2402977,0.00001040,634.00000000,0
1531164677916,1531164677914,2402978,0.00001040,500.00000000,0
1531164678044,1531164678038,2402979,0.00001040,205.00000000,0
1531164681875,1531164681869,2402980,0.00001039,500.00000000,1
1531164681917,1531164681911,2402981,0.00001038,419.00000000,1
1531164682923,1531164682921,2402982,0.00001037,483.00000000,1
1531164682923,1531164682921,2402983,0.00001036,17.00000000,1
1531164689664,1531164689658,2402984,0.00001038,203.00000000,1
1531164689664,1531164689658,2402985,0.00001036,262.00000000,1
1531164693625,1531164693616,2402986,0.00001036,1520.00000000,1
1531164693625,1531164693616,2402987,0.00001035,2216.00000000,1
1531164693625,1531164693616,2402988,0.00001034,1288.00000000,1
1531164693625,1531164693616,2402989,0.00001033,1783.00000000,1
1531164693679,1531164693673,2402990,0.00001035,397.00000000,0
1531164694442,1531164694435,2402991,0.00001034,162.00000000,1
1531164694442,1531164694435,2402992,0.00001033,368.00000000,1
1531164694442,1531164694435,2402993,0.00001032,912.00000000,1
1531164694982,1531164694977,2402994,0.00001035,229.00000000,0
1531164694982,1531164694977,2402995,0.00001038,299.00000000,0
1531164696075,1531164696070,2402996,0.00001038,45.00000000,1
1531164699133,1531164699129,2402997,0.00001037,100.00000000,0
1531164701610,1531164701603,2402998,0.00001033,774.00000000,1
1531164701610,1531164701603,2402999,0.00001032,708.00000000,1
1531164703448,1531164703442,2403000,0.00001036,4.00000000,0
1531164704734,1531164704727,2403001,0.00001036,180.00000000,0
1531164704734,1531164704727,2403002,0.00001037,112.00000000,0
1531164707522,1531164707517,2403003,0.00001035,125.00000000,1
1531164707522,1531164707517,2403004,0.00001034,1603.00000000,1
1531164712422,1531164712416,2403005,0.00001036,236.00000000,0
1531164732089,1531164732086,2403006,0.00001036,2059.00000000,0
1531164734331,1531164734329,2403007,0.00001035,335.00000000,1
1531164734339,1531164734336,2403008,0.00001035,757.00000000,1
1531164734819,1531164734816,2403009,0.00001035,560.00000000,1
1531164735537,1531164735531,2403010,0.00001035,1281.00000000,1
1531164735537,1531164735531,2403011,0.00001034,8402.00000000,1
1531164746966,1531164746962,2403012,0.00001034,511.00000000,1
1531164752082,1531164752078,2403013,0.00001034,5674.00000000,1
1531164752272,1531164752267,2403014,0.00001034,164.00000000,1
1531164754718,1531164754712,2403015,0.00001035,129.00000000,1
1531164756350,1531164756344,2403016,0.00001034,700.00000000,1
1531164757365,1531164757361,2403017,0.00001034,431.00000000,1
1531164771720,1531164771714,2403018,0.00001034,161.00000000,0
1531164792523,1531164792520,2403019,0.00001034,2974.00000000,1
1531164828548,1531164828542,2403020,0.00001034,190.00000000,1
1531164848475,1531164848471,2403021,0.00001035,774.00000000,0
1531164857304,1531164857298,2403022,0.00001036,2450.00000000,0
1531164859824,1531164859817,2403023,0.00001037,520.00000000,0
1531164862419,1531164862413,2403024,0.00001038,439.00000000,0
1531164863502,1531164863498,2403025,0.00001038,500.00000000,0
1531164863583,1531164863582,2403026,0.00001038,278.00000000,0
1531164863620,1531164863615,2403027,0.00001038,226.00000000,0
1531164864857,1531164864852,2403028,0.00001038,131.00000000,0
1531164864857,1531164864852,2403029,0.00001039,234.00000000,0
1531164865155,1531164865147,2403030,0.00001039,689.00000000,0
1531164865155,1531164865147,2403031,0.00001041,398.00000000,0
1531164865155,1531164865147,2403032,0.00001042,495.00000000,0
1531164865155,1531164865147,2403033,0.00001043,1187.00000000,0
1531164865155,1531164865147,2403034,0.00001044,2031.00000000,0
1531164865155,1531164865147,2403035,0.00001045,268.00000000,0
1531164865155,1531164865147,2403036,0.00001046,4988.00000000,0
1531164866242,1531164866238,2403037,0.00001042,125.00000000,0
1531164874482,1531164874477,2403038,0.00001042,375.00000000,0
1531164877873,1531164877872,2403039,0.00001045,375.00000000,0
1531164879174,1531164879168,2403040,0.00001045,155.00000000,0
1531164884207,1531164884201,2403041,0.00001042,3585.00000000,1
1531164884207,1531164884201,2403042,0.00001041,131.00000000,1
1531164884207,1531164884201,2403043,0.00001039,728.00000000,1
1531164884207,1531164884201,2403044,0.00001038,1915.00000000,1
1531164884743,1531164884738,2403045,0.00001043,142.00000000,1
1531164885231,1531164885228,2403046,0.00001043,52.00000000,1
1531164885254,1531164885249,2403047,0.00001039,478.00000000,0
1531164888206,1531164888200,2403048,0.00001039,478.00000000,1
1531164889548,1531164889545,2403049,0.00001039,110.00000000,1
1531164889551,1531164889548,2403050,0.00001039,165.00000000,1
1531164891644,1531164891641,2403051,0.00001039,110.00000000,1
1531164891908,1531164891903,2403052,0.00001039,142.00000000,1
1531164901900,1531164901893,2403053,0.00001042,839.00000000,0
1531164906551,1531164906545,2403054,0.00001042,253.00000000,1
1531164906551,1531164906545,2403055,0.00001041,144.00000000,1
1531164906551,1531164906545,2403056,0.00001040,723.00000000,1
1531164908769,1531164908764,2403057,0.00001043,1192.00000000,0
1531164909468,1531164909462,2403058,0.00001043,445.00000000,1
1531164919518,1531164919512,2403059,0.00001043,1.00000000,0
1531164919518,1531164919512,2403060,0.00001044,500.00000000,0
1531164919550,1531164919544,2403061,0.00001044,250.00000000,1
1531164919563,1531164919558,2403062,0.00001044,67.00000000,1
1531164924941,1531164924935,2403063,0.00001042,317.00000000,0
1531164924941,1531164924935,2403064,0.00001043,317.00000000,0
1531164924987,1531164924980,2403065,0.00001043,184.00000000,1
1531164926633,1531164926626,2403066,0.00001041,121.00000000,0
1531164930912,1531164930906,2403067,0.00001043,609.00000000,0
1531164931712,1531164931711,2403068,0.00001043,530.00000000,0
1531164933029,1531164933022,2403069,0.00001043,500.00000000,0
1531164935754,1531164935748,2403070,0.00001040,1883.00000000,1
1531164935754,1531164935748,2403071,0.00001039,2117.00000000,1
1531164944516,1531164944511,2403072,0.00001044,97.00000000,0
1531164945202,1531164945196,2403073,0.00001040,1227.00000000,1
1531164977973,1531164977967,2403074,0.00001039,250.00000000,1
1531164990148,1531164990142,2403075,0.00001038,97.00000000,1
1531164990148,1531164990142,2403076,0.00001037,653.00000000,1
1531165004415,1531165004409,2403077,0.00001037,811.00000000,1
1531165004415,1531165004409,2403078,0.00001036,8182.00000000,1
1531165004461,1531165004458,2403079,0.00001036,278.00000000,0
1531165007543,1531165007537,2403080,0.00001035,4117.00000000,1
1531165014146,1531165014140,2403081,0.00001036,1531.00000000,0
1531165014950,1531165014945,2403082,0.00001036,509.00000000,0
1531165016715,1531165016709,2403083,0.00001036,965.00000000,0
1531165033541,1531165033535,2403084,0.00001035,1794.00000000,1
1531165035460,1531165035456,2403085,0.00001034,573.00000000,1
1531165045436,1531165045429,2403086,0.00001035,98.00000000,0
1531165045546,1531165045540,2403087,0.00001035,98.00000000,0
1531165047278,1531165047272,2403088,0.00001034,2219.00000000,1
1531165053509,1531165053503,2403089,0.00001034,1647.00000000,1
1531165066724,1531165066720,2403090,0.00001034,3241.00000000,0
1531165069583,1531165069577,2403091,0.00001033,582.00000000,1
1531165076687,1531165076681,2403092,0.00001033,58.00000000,1
1531165079720,1531165079715,2403093,0.00001032,1394.00000000,1
1531165090378,1531165090368,2403094,0.00001032,45.00000000,1
1531165090378,1531165090368,2403095,0.00001031,665.00000000,1
1531165090378,1531165090368,2403096,0.00001029,224.00000000,1
1531165090378,1531165090368,2403097,0.00001028,1866.00000000,1
1531165090378,1531165090368,2403098,0.00001027,147.00000000,1
1531165090378,1531165090368,2403099,0.00001026,818.00000000,1
1531165090378,1531165090368,2403100,0.00001025,23844.00000000,1
1531165090378,1531165090368,2403101,0.00001025,398.00000000,0
1531165090393,1531165090388,2403102,0.00001025,1128.00000000,0
1531165090414,1531165090410,2403103,0.00001030,735.00000000,0
1531165090935,1531165090929,2403104,0.00001030,2191.00000000,0
1531165091236,1531165091232,2403105,0.00001030,739.00000000,0
1531165091412,1531165091406,2403106,0.00001030,398.00000000,0
1531165092357,1531165092353,2403107,0.00001028,113.00000000,0
1531165093233,1531165093226,2403108,0.00001026,530.00000000,1
1531165093715,1531165093708,2403109,0.00001026,4.00000000,1
1531165093797,1531165093791,2403110,0.00001026,113.00000000,1
1531165094056,1531165094053,2403111,0.00001026,417.00000000,1
1531165097750,1531165097745,2403112,0.00001026,592.00000000,1
1531165109948,1531165109941,2403113,0.00001029,148.00000000,1
1531165117871,1531165117867,2403114,0.00001026,2126.00000000,1
1531165125614,1531165125607,2403115,0.00001028,98.00000000,0
1531165135557,1531165135551,2403116,0.00001026,649.00000000,1
1531165149658,1531165149651,2403117,0.00001026,14259.00000000,1
1531165149658,1531165149651,2403118,0.00001025,4005.00000000,1
1531165149658,1531165149651,2403119,0.00001024,736.00000000,1
1531165150526,1531165150521,2403120,0.00001026,499.00000000,0
1531165154777,1531165154771,2403121,0.00001025,500.00000000,1
1531165156782,1531165156778,2403122,0.00001025,500.00000000,0
1531165157569,1531165157564,2403123,0.00001025,343.00000000,0
1531165158694,1531165158689,2403124,0.00001025,500.00000000,1
1531165158723,1531165158719,2403125,0.00001024,312.00000000,1
1531165165349,1531165165346,2403126,0.00001024,500.00000000,1
1531165169632,1531165169625,2403127,0.00001024,10765.00000000,1
1531165169842,1531165169836,2403128,0.00001024,7037.00000000,1
1531165171377,1531165171370,2403129,0.00001021,618.00000000,1
1531165171377,1531165171370,2403130,0.00001020,1557.00000000,1
1531165172969,1531165172963,2403131,0.00001021,500.00000000,1
1531165172969,1531165172963,2403132,0.00001020,30.00000000,1
1531165173593,1531165173590,2403133,0.00001022,556.00000000,0
1531165173655,1531165173651,2403134,0.00001023,25.00000000,1
1531165176163,1531165176158,2403135,0.00001022,126.00000000,0
1531165178260,1531165178257,2403136,0.00001020,369.00000000,1
1531165183158,1531165183153,2403137,0.00001024,2087.00000000,0
1531165183442,1531165183437,2403138,0.00001024,51.00000000,0
1531165184309,1531165184303,2403139,0.00001022,4229.00000000,1
1531165184309,1531165184303,2403140,0.00001021,1771.00000000,1
1531165185668,1531165185662,2403141,0.00001024,950.00000000,0
1531165192474,1531165192467,2403142,0.00001024,3615.00000000,0
1531165218763,1531165218758,2403143,0.00001022,115.00000000,1
1531165239925,1531165239919,2403144,0.00001022,1000.00000000,1
1531165247960,1531165247954,2403145,0.00001022,1628.00000000,1
1531165253195,1531165253188,2403146,0.00001021,4775.00000000,1
1531165253460,1531165253455,2403147,0.00001021,1265.00000000,0
1531165253460,1531165253455,2403148,0.00001022,3010.00000000,0
1531165258597,1531165258591,2403149,0.00001022,4000.00000000,0
1531165259705,1531165259699,2403150,0.00001020,2022.00000000,1
1531165260186,1531165260183,2403151,0.00001020,1932.00000000,0
1531165260314,1531165260311,2403152,0.00001020,155.00000000,0
1531165260808,1531165260802,2403153,0.00001022,146.00000000,0
1531165271839,1531165271834,2403154,0.00001020,530.00000000,1
1531165273599,1531165273592,2403155,0.00001021,174.00000000,0
1531165323352,1531165323346,2403156,0.00001021,3956.00000000,1
1531165348328,1531165348320,2403157,0.00001021,146.00000000,1
1531165372017,1531165372014,2403158,0.00001021,956.00000000,1
1531165390257,1531165390253,2403159,0.00001022,1619.00000000,0
1531165409739,1531165409734,2403160,0.00001022,128.00000000,0
1531165426285,1531165426279,2403161,0.00001022,3694.00000000,0
1531165447338,1531165447331,2403162,0.00001023,482.00000000,1
1531165448397,1531165448391,2403163,0.00001022,24.00000000,0
1531165460916,1531165460907,2403164,0.00001028,5349.00000000,0
1531165460916,1531165460907,2403165,0.00001029,696.00000000,0
1531165460916,1531165460907,2403166,0.00001030,6715.00000000,0
1531165460916,1531165460907,2403167,0.00001031,2591.00000000,0
1531165460916,1531165460907,2403168,0.00001032,2646.00000000,0
1531165460939,1531165460932,2403169,0.00001032,4959.00000000,1
1531165460942,1531165460937,2403170,0.00001032,1739.00000000,1
1531165460957,1531165460955,2403171,0.00001032,5948.00000000,1
1531165460958,1531165460955,2403172,0.00001032,776.00000000,1
1531165460986,1531165460980,2403173,0.00001032,3888.00000000,1
1531165461085,1531165461081,2403174,0.00001032,450.00000000,1
1531165461206,1531165461200,2403175,0.00001032,711.00000000,1
1531165461301,1531165461296,2403176,0.00001032,4144.00000000,1
1531165461353,1531165461347,2403177,0.00001032,155.00000000,1
1531165461451,1531165461446,2403178,0.00001032,2007.00000000,1
1531165461720,1531165461714,2403179,0.00001032,500.00000000,1
1531165462879,1531165462872,2403180,0.00001032,1440.00000000,1
1531165465919,1531165465913,2403181,0.00001032,820.00000000,1
1531165479990,1531165479984,2403182,0.00001033,210.00000000,0
1531165479990,1531165479984,2403183,0.00001034,3636.00000000,0
1531165479990,1531165479984,2403184,0.00001035,17646.00000000,0
1531165479990,1531165479984,2403185,0.00001036,7508.00000000,0
1531165479990,1531165479984,2403186,0.00001037,19918.00000000,0
1531165481519,1531165481516,2403187,0.00001031,100.00000000,1
1531165487447,1531165487441,2403188,0.00001036,76.00000000,0
1531165491254,1531165491248,2403189,0.00001036,530.00000000,0
1531165495243,1531165495236,2403190,0.00001032,204.00000000,1
1531165500251,1531165500247,2403191,0.00001033,121.00000000,0
1531165504896,1531165504891,2403192,0.00001032,2087.00000000,1
1531165523873,1531165523867,2403193,0.00001032,132.00000000,1
1531165523873,1531165523867,2403194,0.00001031,430.00000000,1
1531165523873,1531165523867,2403195,0.00001029,4838.00000000,1
1531165545351,1531165545345,2403196,0.00001030,122.00000000,0
1531165581719,1531165581713,2403197,0.00001030,628.00000000,0
1531165582577,1531165582572,2403198,0.00001030,1.00000000,0
1531165640421,1531165640417,2403199,0.00001030,169.00000000,1
1531165697937,1531165697931,2403200,0.00001028,500.00000000,1
1531165697971,1531165697965,2403201,0.00001028,1000.00000000,0
1531165697985,1531165697979,2403202,0.00001028,1000.00000000,0
1531165697995,1531165697989,2403203,0.00001028,779.00000000,0
1531165702096,1531165702090,2403204,0.00001028,371.00000000,0
1531165708490,1531165708483,2403205,0.00001026,438.00000000,1
1531165708490,1531165708483,2403206,0.00001025,62.00000000,1
1531165713372,1531165713368,2403207,0.00001025,956.00000000,0
1531165730438,1531165730432,2403208,0.00001027,176.00000000,1
1531165761574,1531165761570,2403209,0.00001027,800.00000000,0
1531165779974,1531165779968,2403210,0.00001027,1144.00000000,0
1531165787381,1531165787377,2403211,0.00001027,721.00000000,0
1531165789282,1531165789276,2403212,0.00001026,7910.00000000,1
1531165792906,1531165792901,2403213,0.00001028,2095.00000000,0
1531165806179,1531165806175,2403214,0.00001027,1000.00000000,1
1531165808304,1531165808301,2403215,0.00001028,1459.00000000,0
1531165808389,1531165808386,2403216,0.00001028,608.00000000,0
1531165811532,1531165811528,2403217,0.00001028,500.00000000,0
1531165811851,1531165811844,2403218,0.00001028,889.00000000,1
1531165811908,1531165811905,2403219,0.00001028,1390.00000000,1
1531165812623,1531165812616,2403220,0.00001028,15827.00000000,1
1531165812623,1531165812616,2403221,0.00001027,4539.00000000,1
1531165816837,1531165816830,2403222,0.00001027,1389.00000000,0
1531165817321,1531165817316,2403223,0.00001027,500.00000000,0
1531165824338,1531165824332,2403224,0.00001027,728.00000000,0
1531165828959,1531165828954,2403225,0.00001027,4340.00000000,0
1531165830806,1531165830801,2403226,0.00001027,542.00000000,0
1531165878696,1531165878691,2403227,0.00001027,10010.00000000,1
1531165882747,1531165882742,2403228,0.00001029,438.00000000,0
1531165882747,1531165882742,2403229,0.00001031,199.00000000,0
1531165890205,1531165890201,2403230,0.00001028,129.00000000,0
1531165920259,1531165920254,2403231,0.00001028,10000.00000000,1
1531165925483,1531165925477,2403232,0.00001028,2873.00000000,1
1531165953239,1531165953234,2403233,0.00001028,180.00000000,0
1531165982474,1531165982469,2403234,0.00001031,500.00000000,0
1531165982474,1531165982469,2403235,0.00001032,215.00000000,0
1531165993366,1531165993360,2403236,0.00001027,212.00000000,1
1531165994983,1531165994979,2403237,0.00001031,98.00000000,0
1531166011394,1531166011388,2403238,0.00001027,87.00000000,1
1531166011423,1531166011421,2403239,0.00001027,779.00000000,1
1531166015137,1531166015131,2403240,0.00001030,98.00000000,0
1531166015756,1531166015750,2403241,0.00001028,173.00000000,0
1531166016162,1531166016155,2403242,0.00001027,606.00000000,1
1531166053498,1531166053492,2403243,0.00001028,98.00000000,1
1531166086894,1531166086891,2403244,0.00001028,941.00000000,1
1531166099725,1531166099718,2403245,0.00001028,2718.00000000,1
1531166123750,1531166123745,2403246,0.00001029,174.00000000,1
1531166130773,1531166130769,2403247,0.00001028,143.00000000,1
1531166130773,1531166130769,2403248,0.00001027,28.00000000,1
1531166156326,1531166156323,2403249,0.00001027,217.00000000,1
1531166164757,1531166164751,2403250,0.00001029,160.00000000,0
1531166178396,1531166178390,2403251,0.00001028,335.00000000,1
1531166178396,1531166178390,2403252,0.00001027,5237.00000000,1
1531166199659,1531166199653,2403253,0.00001026,112.00000000,1
1531166201099,1531166201094,2403254,0.00001027,800.00000000,0
1531166210063,1531166210059,2403255,0.00001027,973.00000000,0
1531166211550,1531166211543,2403256,0.00001027,800.00000000,0
1531166214848,1531166214843,2403257,0.00001026,829.00000000,1
1531166231447,1531166231440,2403258,0.00001026,412.00000000,1
1531166244633,1531166244627,2403259,0.00001026,8831.00000000,1
1531166253767,1531166253761,2403260,0.00001024,102.00000000,1
1531166264460,1531166264457,2403261,0.00001025,178.00000000,0
1531166278898,1531166278892,2403262,0.00001024,807.00000000,1
