event_time,trade_time,trade_id,price,quantity,maker
1531160272908,1531160272905,18756922,0.00007050,407.00000000,1
1531160272931,1531160272926,18756923,0.00007050,435.00000000,1
1531160274626,1531160274621,18756924,0.00007049,1474.00000000,1
1531160274626,1531160274621,18756925,0.00007048,3001.00000000,1
1531160274626,1531160274621,18756926,0.00007047,278.00000000,1
1531160274626,1531160274621,18756927,0.00007043,15.00000000,1
1531160274626,1531160274621,18756928,0.00007039,176.00000000,1
1531160274626,1531160274621,18756929,0.00007036,2146.00000000,1
1531160276109,1531160276105,18756930,0.00007055,25.00000000,0
1531160278103,1531160278101,18756931,0.00007046,84.00000000,0
1531160278117,1531160278114,18756932,0.00007041,57.00000000,1
1531160294157,1531160294154,18756933,0.00007047,15.00000000,0
1531160294175,1531160294172,18756934,0.00007043,15.00000000,1
1531160298491,1531160298488,18756935,0.00007047,630.00000000,0
1531160298503,1531160298500,18756936,0.00007044,363.00000000,1
1531160301377,1531160301373,18756937,0.00007051,300.00000000,0
1531160302520,1531160302517,18756938,0.00007043,263.00000000,1
1531160315614,1531160315613,18756939,0.00007051,250.00000000,0
1531160315614,1531160315613,18756940,0.00007053,50.00000000,0
1531160317098,1531160317095,18756941,0.00007049,644.00000000,0
1531160317115,1531160317113,18756942,0.00007045,620.00000000,1
1531160323568,1531160323565,18756943,0.00007053,1132.00000000,0
1531160323576,1531160323572,18756944,0.00007053,1132.00000000,0
1531160327509,1531160327504,18756945,0.00007047,1468.00000000,0
1531160327527,1531160327522,18756946,0.00007052,693.00000000,0
1531160335946,1531160335942,18756947,0.00007053,1085.00000000,0
1531160337262,1531160337259,18756948,0.00007051,427.00000000,0
1531160338268,1531160338264,18756949,0.00007052,388.00000000,0
1531160339251,1531160339248,18756950,0.00007052,301.00000000,0
1531160339251,1531160339248,18756951,0.00007053,1224.00000000,0
1531160339931,1531160339926,18756952,0.00007052,28.00000000,1
1531160345456,1531160345453,18756953,0.00007053,1525.00000000,0
1531160346563,1531160346559,18756954,0.00007053,170.00000000,0
1531160347063,1531160347060,18756955,0.00007052,16.00000000,1
1531160348557,1531160348553,18756956,0.00007053,169.00000000,0
1531160351665,1531160351661,18756957,0.00007053,169.00000000,0
1531160352105,1531160352101,18756958,0.00007052,50.00000000,1
1531160354765,1531160354761,18756959,0.00007053,169.00000000,0
1531160355681,1531160355678,18756960,0.00007053,2101.00000000,0
1531160356610,1531160356606,18756961,0.00007054,1481.00000000,0
1531160357875,1531160357872,18756962,0.00007054,508.00000000,0
1531160361668,1531160361665,18756963,0.00007054,1525.00000000,0
1531160364831,1531160364826,18756964,0.00007054,1525.00000000,0
1531160367664,1531160367660,18756965,0.00007051,1210.00000000,0
1531160367676,1531160367673,18756966,0.00007049,588.00000000,1
1531160370867,1531160370864,18756967,0.00007054,1276.00000000,0
1531160374848,1531160374846,18756968,0.00007052,705.00000000,0
1531160374857,1531160374855,18756969,0.00007051,447.00000000,1
1531160375295,1531160375292,18756970,0.00007054,2611.00000000,0
1531160375295,1531160375292,18756971,0.00007055,2394.00000000,0
1531160376533,1531160376530,18756972,0.00007050,127.00000000,1
1531160381740,1531160381737,18756973,0.00007055,10107.00000000,0
1531160382123,1531160382119,18756974,0.00007054,640.00000000,0
1531160382564,1531160382559,18756975,0.00007054,135.00000000,0
1531160383821,1531160383818,18756976,0.00007054,22.00000000,0
1531160385865,1531160385864,18756977,0.00007054,65.00000000,0
1531160387933,1531160387929,18756978,0.00007054,202.00000000,0
1531160390964,1531160390961,18756979,0.00007053,175.00000000,1
1531160392265,1531160392263,18756980,0.00007053,57.00000000,0
1531160393364,1531160393361,18756981,0.00007053,118.00000000,0
1531160396120,1531160396118,18756982,0.00007054,15.00000000,1
1531160396137,1531160396133,18756983,0.00007054,14.00000000,0
1531160396154,1531160396150,18756984,0.00007054,15.00000000,1
1531160396198,1531160396193,18756985,0.00007055,5.00000000,0
1531160401732,1531160401727,18756986,0.00007055,494.00000000,0
1531160401745,1531160401742,18756987,0.00007055,493.00000000,0
1531160402857,1531160402854,18756988,0.00007053,60.00000000,1
1531160402857,1531160402854,18756989,0.00007052,179.00000000,1
1531160402857,1531160402854,18756990,0.00007051,19.00000000,1
1531160406897,1531160406897,18756991,0.00007052,493.00000000,1
1531160414880,1531160414880,18756992,0.00007055,871.00000000,0
1531160414880,1531160414880,18756993,0.00007056,4140.00000000,0
1531160415107,1531160415103,18756994,0.00007056,1888.00000000,0
1531160419505,1531160419502,18756995,0.00007055,162.00000000,1
1531160419519,1531160419517,18756996,0.00007055,128.00000000,0
1531160419535,1531160419532,18756997,0.00007055,162.00000000,1
1531160420524,1531160420521,18756998,0.00007056,9440.00000000,0
1531160420524,1531160420521,18756999,0.00007057,73.00000000,0
1531160420530,1531160420526,18757000,0.00007057,6.00000000,0
1531160420584,1531160420582,18757001,0.00007058,1083.00000000,0
1531160424310,1531160424305,18757002,0.00007058,19.00000000,1
1531160424324,1531160424321,18757003,0.00007058,20.00000000,0
1531160424336,1531160424333,18757004,0.00007058,19.00000000,1
1531160425871,1531160425869,18757005,0.00007058,26.00000000,0
1531160426538,1531160426533,18757006,0.00007058,300.00000000,0
1531160427056,1531160427052,18757007,0.00007058,205.00000000,0
1531160427056,1531160427052,18757008,0.00007059,29.00000000,0
1531160427056,1531160427052,18757009,0.00007060,66.00000000,0
1531160427626,1531160427622,18757010,0.00007060,24.00000000,0
1531160433646,1531160433643,18757011,0.00007058,6.00000000,1
1531160434151,1531160434147,18757012,0.00007058,8.00000000,1
1531160435519,1531160435515,18757013,0.00007058,429.00000000,1
1531160443717,1531160443713,18757014,0.00007057,1015.00000000,1
1531160448401,1531160448398,18757015,0.00007057,12.00000000,0
1531160459364,1531160459361,18757016,0.00007056,56.00000000,1
1531160479021,1531160479018,18757017,0.00007056,8.00000000,1
1531160479552,1531160479550,18757018,0.00007056,8.00000000,1
1531160495411,1531160495409,18757019,0.00007057,735.00000000,0
1531160509664,1531160509659,18757020,0.00007057,765.00000000,1
1531160509664,1531160509659,18757021,0.00007056,326.00000000,1
1531160515853,1531160515849,18757022,0.00007056,127.00000000,1
1531160518429,1531160518427,18757023,0.00007057,138.00000000,0
1531160520793,1531160520789,18757024,0.00007056,1124.00000000,1
1531160520803,1531160520798,18757025,0.00007056,3718.00000000,0
1531160520817,1531160520814,18757026,0.00007057,2456.00000000,0
1531160520835,1531160520831,18757027,0.00007057,2333.00000000,0
1531160527755,1531160527751,18757028,0.00007057,8.00000000,1
1531160528378,1531160528373,18757029,0.00007057,6.00000000,1
1531160537922,1531160537919,18757030,0.00007057,124.00000000,1
1531160541748,1531160541745,18757031,0.00007055,9659.00000000,0
1531160541760,1531160541756,18757032,0.00007054,6484.00000000,1
1531160541777,1531160541775,18757033,0.00007054,5032.00000000,1
1531160541798,1531160541793,18757034,0.00007057,2347.00000000,0
1531160542070,1531160542065,18757035,0.00007053,384.00000000,1
1531160542070,1531160542065,18757036,0.00007052,2614.00000000,1
1531160553724,1531160553719,18757037,0.00007053,3162.00000000,1
1531160554234,1531160554229,18757038,0.00007060,73.00000000,0
1531160558467,1531160558462,18757039,0.00007060,76.00000000,0
1531160566101,1531160566096,18757040,0.00007057,374.00000000,0
1531160566118,1531160566115,18757041,0.00007055,375.00000000,1
1531160579234,1531160579231,18757042,0.00007058,9720.00000000,0
1531160579244,1531160579240,18757043,0.00007056,3797.00000000,1
1531160582261,1531160582257,18757044,0.00007060,1052.00000000,0
1531160586564,1531160586561,18757045,0.00007055,50.00000000,1
1531160588825,1531160588824,18757046,0.00007055,246.00000000,0
1531160595120,1531160595116,18757047,0.00007058,362.00000000,0
1531160595138,1531160595134,18757048,0.00007057,425.00000000,1
1531160595153,1531160595149,18757049,0.00007056,129.00000000,1
1531160599472,1531160599468,18757050,0.00007060,49.00000000,0
1531160614907,1531160614903,18757051,0.00007058,11041.00000000,0
1531160614915,1531160614912,18757052,0.00007056,4974.00000000,1
1531160621865,1531160621862,18757053,0.00007060,29.00000000,0
1531160626117,1531160626112,18757054,0.00007060,100.00000000,0
1531160628115,1531160628113,18757055,0.00007059,1283.00000000,0
1531160628137,1531160628132,18757056,0.00007058,506.00000000,1
1531160628160,1531160628157,18757057,0.00007057,653.00000000,1
1531160634172,1531160634168,18757058,0.00007055,3.00000000,1
1531160634266,1531160634262,18757059,0.00007060,42.00000000,0
1531160639180,1531160639176,18757060,0.00007059,368.00000000,0
1531160639199,1531160639194,18757061,0.00007058,453.00000000,1
1531160639224,1531160639221,18757062,0.00007058,355.00000000,1
1531160639933,1531160639930,18757063,0.00007060,15.00000000,0
1531160645053,1531160645050,18757064,0.00007059,238.00000000,1
1531160645063,1531160645058,18757065,0.00007059,108.00000000,0
1531160645080,1531160645076,18757066,0.00007059,238.00000000,1
1531160661352,1531160661349,18757067,0.00007060,356.00000000,0
1531160673056,1531160673052,18757068,0.00007060,107.00000000,0
1531160673063,1531160673059,18757069,0.00007060,870.00000000,0
1531160706078,1531160706075,18757070,0.00007059,300.00000000,1
1531160727361,1531160727357,18757071,0.00007060,111.00000000,0
1531160740551,1531160740546,18757072,0.00007060,575.00000000,0
1531160742553,1531160742551,18757073,0.00007059,4967.00000000,1
1531160753119,1531160753115,18757074,0.00007059,2.00000000,0
1531160753119,1531160753115,18757075,0.00007060,298.00000000,0
1531160754573,1531160754568,18757076,0.00007060,273.00000000,0
1531160756485,1531160756481,18757077,0.00007059,1726.00000000,0
1531160756500,1531160756497,18757078,0.00007058,864.00000000,1
1531160756516,1531160756511,18757079,0.00007058,650.00000000,1
1531160762250,1531160762246,18757080,0.00007056,236.00000000,1
1531160766560,1531160766556,18757081,0.00007052,450.00000000,1
1531160766560,1531160766556,18757082,0.00007050,179.00000000,1
1531160773566,1531160773562,18757083,0.00007060,75.00000000,0
1531160775968,1531160775965,18757084,0.00007060,200.00000000,0
1531160779331,1531160779327,18757085,0.00007057,1323.00000000,0
1531160779339,1531160779337,18757086,0.00007054,1344.00000000,1
1531160779358,1531160779354,18757087,0.00007053,1182.00000000,1
1531160796126,1531160796122,18757088,0.00007056,35.00000000,0
1531160796145,1531160796140,18757089,0.00007052,26.00000000,1
1531160823821,1531160823818,18757090,0.00007060,35.00000000,0
1531160825968,1531160825965,18757091,0.00007052,90.00000000,1
1531160831181,1531160831177,18757092,0.00007060,9.00000000,0
1531160833326,1531160833322,18757093,0.00007060,775.00000000,0
1531160833326,1531160833322,18757094,0.00007061,79.00000000,0
1531160833326,1531160833322,18757095,0.00007063,71.00000000,0
1531160833326,1531160833322,18757096,0.00007066,783.00000000,0
1531160878852,1531160878848,18757097,0.00007060,7606.00000000,0
1531160878864,1531160878859,18757098,0.00007060,154.00000000,1
1531160878864,1531160878859,18757099,0.00007057,5552.00000000,1
1531160878876,1531160878872,18757100,0.00007057,2553.00000000,1
1531160882090,1531160882085,18757101,0.00007068,394.00000000,0
1531160890585,1531160890579,18757102,0.00007068,243.00000000,0
1531160901993,1531160901988,18757103,0.00007063,20.00000000,0
1531160906848,1531160906843,18757104,0.00007059,3332.00000000,0
1531160906860,1531160906856,18757105,0.00007054,5858.00000000,1
1531160906882,1531160906881,18757106,0.00007054,3030.00000000,1
1531160923885,1531160923884,18757107,0.00007066,15.00000000,0
1531160924013,1531160924009,18757108,0.00007066,15.00000000,0
1531160924047,1531160924042,18757109,0.00007057,271.00000000,1
1531160924074,1531160924071,18757110,0.00007056,8077.00000000,1
1531160924149,1531160924145,18757111,0.00007065,15.00000000,0
1531160924284,1531160924279,18757112,0.00007065,15.00000000,0
1531160924421,1531160924417,18757113,0.00007065,15.00000000,0
1531160929799,1531160929796,18757114,0.00007059,507.00000000,1
1531160934979,1531160934974,18757115,0.00007065,75.00000000,0
1531160934979,1531160934974,18757116,0.00007066,225.00000000,0
1531160935660,1531160935658,18757117,0.00007061,300.00000000,1
1531160936294,1531160936291,18757118,0.00007063,15717.00000000,0
1531160936309,1531160936304,18757119,0.00007061,1016.00000000,1
1531160936330,1531160936326,18757120,0.00007061,6304.00000000,1
1531160954628,1531160954624,18757121,0.00007061,55.00000000,0
1531160959177,1531160959172,18757122,0.00007059,61.00000000,1
1531160959205,1531160959201,18757123,0.00007060,37.00000000,0
1531160959225,1531160959221,18757124,0.00007061,245.00000000,0
1531160964175,1531160964172,18757125,0.00007065,9798.00000000,0
1531160964189,1531160964185,18757126,0.00007063,7205.00000000,1
1531160964207,1531160964202,18757127,0.00007061,6359.00000000,1
1531160965137,1531160965133,18757128,0.00007061,190.00000000,0
1531160966727,1531160966724,18757129,0.00007059,501.00000000,1
1531160966727,1531160966724,18757130,0.00007055,111.00000000,1
1531160966727,1531160966724,18757131,0.00007052,188.00000000,1
1531160975266,1531160975261,18757132,0.00007059,8118.00000000,1
1531160975273,1531160975268,18757133,0.00007061,55.00000000,0
1531160975273,1531160975268,18757134,0.00007064,111.00000000,0
1531160975273,1531160975268,18757135,0.00007067,375.00000000,0
1531160994958,1531160994954,18757136,0.00007066,32.00000000,0
1531161002655,1531161002652,18757137,0.00007066,15.00000000,0
1531161002783,1531161002779,18757138,0.00007066,15.00000000,0
1531161002919,1531161002915,18757139,0.00007066,15.00000000,0
1531161003053,1531161003050,18757140,0.00007066,15.00000000,0
1531161003185,1531161003183,18757141,0.00007066,15.00000000,0
1531161003476,1531161003474,18757142,0.00007066,25.00000000,0
1531161003733,1531161003730,18757143,0.00007066,42.00000000,0
1531161003754,1531161003750,18757144,0.00007066,25.00000000,0
1531161003918,1531161003914,18757145,0.00007066,141.00000000,0
1531161005195,1531161005190,18757146,0.00007065,25.00000000,1
1531161008621,1531161008617,18757147,0.00007058,576.00000000,1
1531161038004,1531161038001,18757148,0.00007061,2136.00000000,0
1531161038023,1531161038018,18757149,0.00007057,794.00000000,1
1531161038038,1531161038035,18757150,0.00007057,1174.00000000,1
1531161044548,1531161044543,18757151,0.00007065,50.00000000,1
1531161054612,1531161054607,18757152,0.00007065,50.00000000,0
1531161058657,1531161058653,18757153,0.00007065,25.00000000,0
1531161058657,1531161058653,18757154,0.00007068,8.00000000,0
1531161060070,1531161060065,18757155,0.00007062,1001.00000000,1
1531161061199,1531161061195,18757156,0.00007062,300.00000000,1
1531161064778,1531161064773,18757157,0.00007064,142.00000000,1
1531161064865,1531161064860,18757158,0.00007066,301.00000000,0
1531161064873,1531161064869,18757159,0.00007064,143.00000000,1
1531161064890,1531161064886,18757160,0.00007063,414.00000000,1
1531161068515,1531161068512,18757161,0.00007065,142.00000000,1
1531161069073,1531161069069,18757162,0.00007065,522.00000000,1
1531161071085,1531161071082,18757163,0.00007063,671.00000000,1
1531161071106,1531161071101,18757164,0.00007063,974.00000000,1
1531161075239,1531161075235,18757165,0.00007059,457.00000000,1
1531161075252,1531161075248,18757166,0.00007059,1083.00000000,1
1531161094633,1531161094629,18757167,0.00007060,948.00000000,1
1531161107924,1531161107920,18757168,0.00007061,151.00000000,1
1531161119117,1531161119114,18757169,0.00007060,300.00000000,1
1531161120432,1531161120427,18757170,0.00007062,169.00000000,1
1531161122491,1531161122487,18757171,0.00007062,178.00000000,1
1531161122508,1531161122504,18757172,0.00007062,319.00000000,0
1531161122520,1531161122517,18757173,0.00007062,178.00000000,1
1531161122530,1531161122527,18757174,0.00007061,277.00000000,1
1531161129038,1531161129034,18757175,0.00007060,142.00000000,1
1531161135219,1531161135215,18757176,0.00007060,491.00000000,1
1531161138484,1531161138481,18757177,0.00007061,248.00000000,1
1531161138492,1531161138489,18757178,0.00007062,169.00000000,0
1531161154176,1531161154171,18757179,0.00007063,156.00000000,0
1531161158099,1531161158094,18757180,0.00007066,721.00000000,0
1531161158409,1531161158406,18757181,0.00007066,832.00000000,1
1531161158685,1531161158681,18757182,0.00007066,64.00000000,1
1531161159818,1531161159815,18757183,0.00007066,506.00000000,1
1531161162836,1531161162831,18757184,0.00007064,397.00000000,1
1531161162855,1531161162850,18757185,0.00007064,102.00000000,1
1531161163129,1531161163126,18757186,0.00007063,6.00000000,1
1531161168820,1531161168816,18757187,0.00007065,205.00000000,1
1531161171980,1531161171976,18757188,0.00007063,300.00000000,1
1531161173432,1531161173427,18757189,0.00007063,1522.00000000,1
1531161174353,1531161174349,18757190,0.00007063,1387.00000000,1
1531161175763,1531161175759,18757191,0.00007060,24.00000000,1
1531161177569,1531161177564,18757192,0.00007061,239.00000000,0
1531161177581,1531161177577,18757193,0.00007060,121.00000000,1
1531161190687,1531161190683,18757194,0.00007059,490.00000000,1
1531161190699,1531161190696,18757195,0.00007059,802.00000000,0
1531161190721,1531161190716,18757196,0.00007059,490.00000000,1
1531161190746,1531161190742,18757197,0.00007060,24.00000000,0
1531161197865,1531161197860,18757198,0.00007060,7.00000000,1
1531161198567,1531161198563,18757199,0.00007062,547.00000000,1
1531161200974,1531161200970,18757200,0.00007062,174.00000000,0
1531161201216,1531161201212,18757201,0.00007064,100.00000000,1
1531161201872,1531161201868,18757202,0.00007064,26.00000000,1
1531161213497,1531161213492,18757203,0.00007060,100.00000000,0
1531161213497,1531161213492,18757204,0.00007066,41.00000000,0
1531161221751,1531161221748,18757205,0.00007060,125.00000000,0
1531161221773,1531161221768,18757206,0.00007059,47.00000000,1
1531161229796,1531161229791,18757207,0.00007062,1357.00000000,0
1531161229816,1531161229810,18757208,0.00007059,730.00000000,1
1531161239026,1531161239021,18757209,0.00007058,2520.00000000,1
1531161239028,1531161239026,18757210,0.00007058,2521.00000000,1
1531161251292,1531161251289,18757211,0.00007062,755.00000000,0
1531161251304,1531161251301,18757212,0.00007060,395.00000000,1
1531161251325,1531161251322,18757213,0.00007059,525.00000000,1
1531161260436,1531161260433,18757214,0.00007062,96.00000000,0
1531161260453,1531161260448,18757215,0.00007060,59.00000000,1
1531161282156,1531161282152,18757216,0.00007063,1731.00000000,0
1531161282168,1531161282164,18757217,0.00007061,594.00000000,1
1531161288503,1531161288498,18757218,0.00007065,197.00000000,0
1531161288503,1531161288498,18757219,0.00007066,303.00000000,0
1531161295555,1531161295550,18757220,0.00007061,33.00000000,1
1531161297884,1531161297879,18757221,0.00007059,28.00000000,1
1531161297884,1531161297879,18757222,0.00007058,671.00000000,1
1531161300836,1531161300829,18757223,0.00007066,9.00000000,0
1531161310672,1531161310668,18757224,0.00007059,349.00000000,1
1531161310694,1531161310689,18757225,0.00007059,599.00000000,1
1531161317568,1531161317565,18757226,0.00007061,504.00000000,0
1531161317583,1531161317578,18757227,0.00007065,207.00000000,0
1531161335382,1531161335379,18757228,0.00007059,55.00000000,1
1531161345880,1531161345878,18757229,0.00007061,674.00000000,0
1531161345888,1531161345885,18757230,0.00007064,462.00000000,0
1531161345910,1531161345905,18757231,0.00007065,444.00000000,0
1531161358594,1531161358590,18757232,0.00007063,91.00000000,0
1531161358601,1531161358596,18757233,0.00007061,72.00000000,1
1531161361191,1531161361188,18757234,0.00007066,518.00000000,0
1531161377399,1531161377395,18757235,0.00007064,99.00000000,0
1531161377418,1531161377414,18757236,0.00007061,77.00000000,1
1531161377440,1531161377435,18757237,0.00007060,246.00000000,1
1531161385169,1531161385164,18757238,0.00007066,76.00000000,0
1531161401036,1531161401030,18757239,0.00007066,92.00000000,1
1531161406701,1531161406697,18757240,0.00007066,500.00000000,1
1531161407851,1531161407847,18757241,0.00007065,677.00000000,0
1531161407851,1531161407847,18757242,0.00007066,726.00000000,0
1531161407851,1531161407847,18757243,0.00007067,719.00000000,0
1531161410223,1531161410219,18757244,0.00007063,654.00000000,0
1531161410236,1531161410232,18757245,0.00007065,169.00000000,0
1531161410257,1531161410253,18757246,0.00007066,468.00000000,0
1531161422512,1531161422507,18757247,0.00007063,321.00000000,1
1531161422530,1531161422526,18757248,0.00007062,179.00000000,1
1531161425861,1531161425856,18757249,0.00007060,16.00000000,1
1531161429808,1531161429803,18757250,0.00007066,35.00000000,0
1531161432377,1531161432373,18757251,0.00007061,367.00000000,1
1531161454500,1531161454495,18757252,0.00007062,250.00000000,1
1531161454522,1531161454516,18757253,0.00007062,134.00000000,1
1531161454741,1531161454738,18757254,0.00007062,565.00000000,1
1531161457833,1531161457828,18757255,0.00007064,700.00000000,0
1531161457849,1531161457846,18757256,0.00007062,1.00000000,1
1531161457877,1531161457873,18757257,0.00007062,211.00000000,0
1531161457889,1531161457887,18757258,0.00007062,110.00000000,0
1531161462422,1531161462418,18757259,0.00007063,107.00000000,0
1531161462436,1531161462432,18757260,0.00007062,58.00000000,1
1531161462458,1531161462454,18757261,0.00007061,71.00000000,1
1531161479343,1531161479338,18757262,0.00007064,329.00000000,0
1531161479352,1531161479347,18757263,0.00007062,128.00000000,1
1531161479374,1531161479370,18757264,0.00007061,76.00000000,1
1531161487074,1531161487070,18757265,0.00007064,15.00000000,0
1531161489604,1531161489599,18757266,0.00007067,109.00000000,0
1531161489604,1531161489599,18757267,0.00007068,32.00000000,0
1531161496155,1531161496151,18757268,0.00007064,878.00000000,1
1531161496155,1531161496151,18757269,0.00007063,208.00000000,1
1531161514731,1531161514727,18757270,0.00007066,463.00000000,0
1531161514746,1531161514740,18757271,0.00007065,84.00000000,1
1531161514763,1531161514757,18757272,0.00007064,400.00000000,1
1531161534962,1531161534957,18757273,0.00007063,3.00000000,1
1531161540435,1531161540430,18757274,0.00007061,46.00000000,1
1531161546635,1531161546631,18757275,0.00007061,165.00000000,0
1531161549073,1531161549069,18757276,0.00007062,316.00000000,1
1531161553219,1531161553214,18757277,0.00007062,175.00000000,1
1531161553525,1531161553521,18757278,0.00007062,820.00000000,1
1531161563016,1531161563012,18757279,0.00007062,42.00000000,1
1531161570385,1531161570380,18757280,0.00007062,49.00000000,1
1531161592432,1531161592429,18757281,0.00007062,237.00000000,0
1531161602476,1531161602471,18757282,0.00007062,88.00000000,0
1531161606279,1531161606275,18757283,0.00007062,2.00000000,0
1531161608584,1531161608578,18757284,0.00007061,556.00000000,1
1531161610300,1531161610296,18757285,0.00007062,2.00000000,0
1531161615140,1531161615135,18757286,0.00007060,31.00000000,1
1531161637961,1531161637956,18757287,0.00007060,5.00000000,1
1531161638714,1531161638709,18757288,0.00007060,210.00000000,1
1531161650569,1531161650565,18757289,0.00007058,5743.00000000,1
1531161650603,1531161650598,18757290,0.00007059,3503.00000000,0
1531161655058,1531161655054,18757291,0.00007058,176.00000000,1
1531161660228,1531161660223,18757292,0.00007059,8460.00000000,1
1531161660282,1531161660279,18757293,0.00007059,5920.00000000,0
1531161660296,1531161660291,18757294,0.00007059,8460.00000000,1
1531161661950,1531161661946,18757295,0.00007060,112.00000000,0
1531161661950,1531161661946,18757296,0.00007062,9.00000000,0
1531161661950,1531161661946,18757297,0.00007063,75.00000000,0
1531161687040,1531161687036,18757298,0.00007061,18433.00000000,0
1531161687054,1531161687051,18757299,0.00007060,8696.00000000,1
1531161691786,1531161691781,18757300,0.00007059,4919.00000000,1
1531161710133,1531161710127,18757301,0.00007060,13862.00000000,1
1531161710151,1531161710147,18757302,0.00007059,4419.00000000,1
1531161715544,1531161715539,18757303,0.00007058,241.00000000,1
1531161729631,1531161729627,18757304,0.00007059,49.00000000,0
1531161747649,1531161747645,18757305,0.00007062,15909.00000000,0
1531161747661,1531161747657,18757306,0.00007061,5893.00000000,1
1531161758628,1531161758622,18757307,0.00007061,13655.00000000,1
1531161758678,1531161758674,18757308,0.00007060,13609.00000000,1
1531161777839,1531161777835,18757309,0.00007062,6213.00000000,0
1531161777858,1531161777853,18757310,0.00007060,2427.00000000,1
1531161790723,1531161790719,18757311,0.00007064,300.00000000,0
1531161793811,1531161793806,18757312,0.00007062,9447.00000000,1
1531161810808,1531161810804,18757313,0.00007060,500.00000000,1
1531161815730,1531161815725,18757314,0.00007059,57.00000000,1
1531161815989,1531161815985,18757315,0.00007059,36.00000000,1
1531161815989,1531161815985,18757316,0.00007058,2729.00000000,1
1531161820132,1531161820127,18757317,0.00007058,1661.00000000,1
1531161825963,1531161825959,18757318,0.00007059,2000.00000000,1
1531161826274,1531161826269,18757319,0.00007059,4303.00000000,1
1531161826288,1531161826284,18757320,0.00007059,12964.00000000,0
1531161826310,1531161826306,18757321,0.00007059,4303.00000000,1
1531161842449,1531161842443,18757322,0.00007058,2653.00000000,1
1531161842471,1531161842466,18757323,0.00007058,16888.00000000,0
1531161842486,1531161842483,18757324,0.00007059,2000.00000000,0
1531161845327,1531161845324,18757325,0.00007059,4303.00000000,1
1531161845946,1531161845940,18757326,0.00007059,1700.00000000,0
1531161848034,1531161848029,18757327,0.00007056,822.00000000,1
1531161848034,1531161848029,18757328,0.00007055,400.00000000,1
1531161848034,1531161848029,18757329,0.00007054,805.00000000,1
1531161857844,1531161857840,18757330,0.00007057,3100.00000000,0
1531161857861,1531161857857,18757331,0.00007056,10019.00000000,1
1531161857878,1531161857875,18757332,0.00007056,1314.00000000,1
1531161857900,1531161857894,18757333,0.00007059,300.00000000,0
1531161859404,1531161859400,18757334,0.00007060,55.00000000,0
1531161862779,1531161862777,18757335,0.00007064,141.00000000,0
1531161872484,1531161872479,18757336,0.00007062,1303.00000000,1
1531161876249,1531161876245,18757337,0.00007062,510.00000000,1
1531161876249,1531161876245,18757338,0.00007060,245.00000000,1
1531161876249,1531161876245,18757339,0.00007059,42.00000000,1
1531161882625,1531161882621,18757340,0.00007059,33.00000000,0
1531161897962,1531161897958,18757341,0.00007062,201.00000000,0
1531161905597,1531161905594,18757342,0.00007059,11292.00000000,0
1531161905619,1531161905615,18757343,0.00007056,9411.00000000,1
1531161909129,1531161909127,18757344,0.00007062,105.00000000,0
1531161909354,1531161909348,18757345,0.00007054,222.00000000,1
1531161909354,1531161909348,18757346,0.00007052,147.00000000,1
1531161909354,1531161909348,18757347,0.00007051,40.00000000,1
1531161909354,1531161909348,18757348,0.00007050,3091.00000000,1
1531161922923,1531161922918,18757349,0.00007058,6860.00000000,0
1531161922936,1531161922931,18757350,0.00007055,2383.00000000,1
1531161922939,1531161922935,18757351,0.00007061,175.00000000,0
1531161922939,1531161922935,18757352,0.00007062,6903.00000000,0
1531161922952,1531161922948,18757353,0.00007054,24277.00000000,1
1531161923518,1531161923515,18757354,0.00007062,1800.00000000,0
1531161931534,1531161931528,18757355,0.00007062,300.00000000,0
1531161934253,1531161934250,18757356,0.00007061,95.00000000,1
1531161935025,1531161935021,18757357,0.00007061,12999.00000000,1
1531161935043,1531161935039,18757358,0.00007061,6052.00000000,1
1531161938348,1531161938342,18757359,0.00007060,12612.00000000,1
1531161938358,1531161938354,18757360,0.00007060,428.00000000,0
1531161938369,1531161938365,18757361,0.00007060,7039.00000000,1
1531161938389,1531161938385,18757362,0.00007060,5573.00000000,1
1531161938400,1531161938398,18757363,0.00007061,95.00000000,0
1531161938857,1531161938853,18757364,0.00007061,6052.00000000,1
1531161940848,1531161940846,18757365,0.00007061,116.00000000,1
1531161949893,1531161949887,18757366,0.00007057,162.00000000,0
1531161949909,1531161949905,18757367,0.00007053,56.00000000,1
1531161954373,1531161954370,18757368,0.00007062,141.00000000,0
1531161954679,1531161954675,18757369,0.00007053,200.00000000,1
1531161959329,1531161959324,18757370,0.00007057,294.00000000,0
1531161959342,1531161959338,18757371,0.00007053,145.00000000,1
1531161978643,1531161978638,18757372,0.00007058,402.00000000,0
1531161978655,1531161978651,18757373,0.00007057,245.00000000,1
1531161978677,1531161978674,18757374,0.00007057,229.00000000,1
1531161990868,1531161990864,18757375,0.00007060,29.00000000,0
1531161991180,1531161991175,18757376,0.00007056,1810.00000000,1
1531161993563,1531161993559,18757377,0.00007056,357.00000000,0
1531161993563,1531161993559,18757378,0.00007060,19343.00000000,0
1531161996847,1531161996842,18757379,0.00007060,273.00000000,0
1531161996965,1531161996961,18757380,0.00007057,480.00000000,0
1531161996977,1531161996972,18757381,0.00007055,16.00000000,1
1531162001565,1531162001561,18757382,0.00007060,300.00000000,0
1531162003430,1531162003426,18757383,0.00007058,33.00000000,1
1531162005796,1531162005791,18757384,0.00007060,267.00000000,0
1531162005881,1531162005877,18757385,0.00007060,1627.00000000,1
1531162008880,1531162008876,18757386,0.00007060,126.00000000,1
1531162021888,1531162021883,18757387,0.00007060,946.00000000,1
1531162037956,1531162037952,18757388,0.00007061,623.00000000,0
1531162037966,1531162037961,18757389,0.00007060,229.00000000,1
1531162037991,1531162037985,18757390,0.00007060,213.00000000,1
1531162039111,1531162039106,18757391,0.00007060,1974.00000000,1
1531162040147,1531162040146,18757392,0.00007058,157.00000000,1
1531162043161,1531162043156,18757393,0.00007055,640.00000000,0
1531162043173,1531162043169,18757394,0.00007059,300.00000000,0
1531162062798,1531162062796,18757395,0.00007052,473.00000000,0
1531162062810,1531162062805,18757396,0.00007054,277.00000000,0
1531162062906,1531162062902,18757397,0.00007054,233.00000000,0
1531162078375,1531162078370,18757398,0.00007054,1430.00000000,0
1531162078389,1531162078385,18757399,0.00007053,425.00000000,1
1531162078411,1531162078406,18757400,0.00007052,494.00000000,1
1531162090165,1531162090160,18757401,0.00007054,1136.00000000,0
1531162090175,1531162090171,18757402,0.00007053,387.00000000,1
1531162104121,1531162104115,18757403,0.00007054,147.00000000,0
1531162104138,1531162104133,18757404,0.00007053,77.00000000,1
1531162114271,1531162114267,18757405,0.00007053,798.00000000,0
1531162114292,1531162114286,18757406,0.00007054,305.00000000,0
1531162122490,1531162122485,18757407,0.00007056,36.00000000,0
1531162127809,1531162127803,18757408,0.00007055,457.00000000,1
1531162127831,1531162127826,18757409,0.00007055,102.00000000,0
1531162127844,1531162127839,18757410,0.00007055,457.00000000,1
1531162127863,1531162127859,18757411,0.00007054,196.00000000,1
1531162150468,1531162150465,18757412,0.00007056,141.00000000,0
1531162162529,1531162162523,18757413,0.00007056,150.00000000,0
1531162169724,1531162169720,18757414,0.00007053,50.00000000,1
1531162175010,1531162175006,18757415,0.00007054,295.00000000,0
1531162183495,1531162183490,18757416,0.00007052,837.00000000,0
1531162183505,1531162183501,18757417,0.00007054,435.00000000,0
1531162183525,1531162183519,18757418,0.00007054,282.00000000,0
1531162187991,1531162187986,18757419,0.00007053,256.00000000,1
1531162199508,1531162199503,18757420,0.00007056,928.00000000,0
1531162199508,1531162199503,18757421,0.00007060,2575.00000000,0
1531162199566,1531162199562,18757422,0.00007060,508.00000000,1
1531162200387,1531162200381,18757423,0.00007061,264.00000000,1
1531162200387,1531162200381,18757424,0.00007060,1609.00000000,1
1531162202666,1531162202663,18757425,0.00007060,169.00000000,1
1531162205760,1531162205756,18757426,0.00007060,169.00000000,1
1531162208855,1531162208851,18757427,0.00007060,169.00000000,1
1531162210230,1531162210224,18757428,0.00007062,192.00000000,0
1531162211385,1531162211380,18757429,0.00007062,63.00000000,0
1531162221377,1531162221372,18757430,0.00007061,673.00000000,0
1531162221377,1531162221372,18757431,0.00007062,1027.00000000,0
1531162234466,1531162234461,18757432,0.00007060,300.00000000,0
1531162234867,1531162234863,18757433,0.00007057,202.00000000,0
1531162234883,1531162234877,18757434,0.00007057,882.00000000,0
1531162234895,1531162234891,18757435,0.00007060,411.00000000,0
1531162234906,1531162234901,18757436,0.00007060,138.00000000,0
1531162241669,1531162241667,18757437,0.00007062,2509.00000000,0
1531162251687,1531162251683,18757438,0.00007061,370.00000000,1
1531162251702,1531162251697,18757439,0.00007061,401.00000000,0
1531162251714,1531162251710,18757440,0.00007061,370.00000000,1
1531162251730,1531162251724,18757441,0.00007060,300.00000000,1
1531162253235,1531162253230,18757442,0.00007060,138.00000000,0
1531162258539,1531162258534,18757443,0.00007060,180.00000000,1
1531162258555,1531162258550,18757444,0.00007060,449.00000000,0
1531162258569,1531162258564,18757445,0.00007061,362.00000000,0
1531162263310,1531162263306,18757446,0.00007062,150.00000000,0
1531162263407,1531162263402,18757447,0.00007060,149.00000000,1
1531162270087,1531162270082,18757448,0.00007061,136.00000000,1
1531162270112,1531162270107,18757449,0.00007061,168.00000000,1
1531162270135,1531162270130,18757450,0.00007060,31.00000000,1
1531162278838,1531162278832,18757451,0.00007055,1002.00000000,0
1531162278855,1531162278850,18757452,0.00007060,460.00000000,0
1531162278873,1531162278869,18757453,0.00007061,436.00000000,0
1531162288794,1531162288790,18757454,0.00007055,590.00000000,0
1531162288804,1531162288799,18757455,0.00007060,289.00000000,0
1531162288822,1531162288817,18757456,0.00007061,469.00000000,0
1531162291757,1531162291752,18757457,0.00007062,1725.00000000,0
1531162295969,1531162295964,18757458,0.00007062,273.00000000,0
1531162304282,1531162304278,18757459,0.00007062,300.00000000,0
1531162304841,1531162304837,18757460,0.00007061,110.00000000,1
1531162312503,1531162312497,18757461,0.00007061,562.00000000,1
1531162323163,1531162323161,18757462,0.00007062,128.00000000,0
1531162323964,1531162323960,18757463,0.00007061,300.00000000,1
1531162324742,1531162324738,18757464,0.00007061,250.00000000,1
1531162335377,1531162335371,18757465,0.00007061,41.00000000,1
1531162336558,1531162336553,18757466,0.00007061,56.00000000,1
1531162337491,1531162337489,18757467,0.00007061,58.00000000,1
1531162338512,1531162338509,18757468,0.00007061,42.00000000,1
1531162342645,1531162342640,18757469,0.00007061,168.00000000,1
1531162349414,1531162349407,18757470,0.00007061,201.00000000,0
1531162349414,1531162349407,18757471,0.00007062,1.00000000,0
1531162349414,1531162349407,18757472,0.00007063,24.00000000,0
1531162354361,1531162354356,18757473,0.00007060,6.00000000,1
1531162360104,1531162360100,18757474,0.00007060,25.00000000,1
1531162366944,1531162366939,18757475,0.00007060,72.00000000,1
1531162369045,1531162369040,18757476,0.00007060,36.00000000,1
1531162398289,1531162398285,18757477,0.00007061,55.00000000,0
1531162405082,1531162405078,18757478,0.00007061,677.00000000,0
1531162405903,1531162405898,18757479,0.00007060,70.00000000,1
1531162406258,1531162406254,18757480,0.00007060,41.00000000,1
1531162410093,1531162410089,18757481,0.00007060,273.00000000,0
1531162412708,1531162412703,18757482,0.00007060,300.00000000,0
1531162412728,1531162412722,18757483,0.00007057,874.00000000,0
1531162412747,1531162412741,18757484,0.00007054,387.00000000,1
1531162443209,1531162443203,18757485,0.00007055,280.00000000,1
1531162445287,1531162445281,18757486,0.00007055,38.00000000,0
1531162445287,1531162445281,18757487,0.00007059,1000.00000000,0
1531162445287,1531162445281,18757488,0.00007060,662.00000000,0
1531162447349,1531162447344,18757489,0.00007055,510.00000000,1
1531162450932,1531162450927,18757490,0.00007055,160.00000000,0
1531162452501,1531162452496,18757491,0.00007055,564.00000000,0
1531162452502,1531162452500,18757492,0.00007055,1.00000000,0
1531162452502,1531162452500,18757493,0.00007060,638.00000000,0
1531162452502,1531162452500,18757494,0.00007061,363.00000000,0
1531162452539,1531162452533,18757495,0.00007062,1849.00000000,0
1531162452662,1531162452654,18757496,0.00007064,63.00000000,0
1531162452662,1531162452654,18757497,0.00007065,79.00000000,0
1531162452687,1531162452682,18757498,0.00007065,1246.00000000,0
1531162452699,1531162452696,18757499,0.00007065,2220.00000000,0
1531162452831,1531162452830,18757500,0.00007065,2220.00000000,0
1531162452977,1531162452971,18757501,0.00007065,2220.00000000,0
1531162453017,1531162453013,18757502,0.00007065,772.00000000,0
1531162453117,1531162453112,18757503,0.00007065,2220.00000000,0
1531162453225,1531162453220,18757504,0.00007065,2220.00000000,0
1531162453395,1531162453389,18757505,0.00007065,494.00000000,0
1531162453532,1531162453528,18757506,0.00007067,564.00000000,0
1531162453844,1531162453840,18757507,0.00007067,2105.00000000,0
1531162454445,1531162454440,18757508,0.00007067,601.00000000,0
1531162457221,1531162457217,18757509,0.00007067,273.00000000,0
1531162461033,1531162461027,18757510,0.00007065,31272.00000000,0
1531162473272,1531162473268,18757511,0.00007067,100.00000000,0
1531162473296,1531162473289,18757512,0.00007067,99.00000000,0
1531162480967,1531162480963,18757513,0.00007062,115.00000000,1
1531162485197,1531162485193,18757514,0.00007062,53.00000000,1
1531162485197,1531162485193,18757515,0.00007056,28.00000000,1
1531162485197,1531162485193,18757516,0.00007055,25.00000000,1
1531162486900,1531162486895,18757517,0.00007056,57.00000000,1
1531162486900,1531162486895,18757518,0.00007055,117.00000000,1
1531162489908,1531162489904,18757519,0.00007054,16.00000000,1
1531162506549,1531162506544,18757520,0.00007065,15.00000000,0
1531162506674,1531162506670,18757521,0.00007065,15.00000000,0
1531162506810,1531162506808,18757522,0.00007065,15.00000000,0
1531162506940,1531162506935,18757523,0.00007065,12.00000000,0
1531162506940,1531162506935,18757524,0.00007066,3.00000000,0
1531162507065,1531162507060,18757525,0.00007066,15.00000000,0
1531162510939,1531162510935,18757526,0.00007060,15.00000000,1
1531162511280,1531162511274,18757527,0.00007060,15.00000000,1
1531162511405,1531162511399,18757528,0.00007060,15.00000000,1
1531162511453,1531162511451,18757529,0.00007066,10.00000000,0
1531162511527,1531162511521,18757530,0.00007066,811.00000000,1
1531162511532,1531162511529,18757531,0.00007066,15.00000000,1
1531162511580,1531162511576,18757532,0.00007066,56.00000000,1
1531162511667,1531162511663,18757533,0.00007060,15.00000000,1
1531162511793,1531162511790,18757534,0.00007066,15.00000000,0
1531162511921,1531162511916,18757535,0.00007067,15.00000000,0
1531162512043,1531162512038,18757536,0.00007067,15.00000000,0
1531162512172,1531162512167,18757537,0.00007067,15.00000000,0
1531162512300,1531162512295,18757538,0.00007067,15.00000000,0
1531162518429,1531162518423,18757539,0.00007054,320.00000000,1
1531162518453,1531162518448,18757540,0.00007054,74.00000000,0
1531162518508,1531162518503,18757541,0.00007054,1.00000000,0
1531162520342,1531162520336,18757542,0.00007057,27620.00000000,1
1531162524955,1531162524950,18757543,0.00007066,76.00000000,0
1531162525151,1531162525146,18757544,0.00007066,920.00000000,1
1531162525216,1531162525211,18757545,0.00007061,60.00000000,1
1531162526880,1531162526874,18757546,0.00007061,23010.00000000,1
1531162526940,1531162526934,18757547,0.00007060,187.00000000,1
1531162543209,1531162543207,18757548,0.00007056,1196.00000000,1
1531162543224,1531162543218,18757549,0.00007056,16680.00000000,1
1531162543246,1531162543242,18757550,0.00007057,14770.00000000,0
1531162543257,1531162543252,18757551,0.00007058,920.00000000,0
1531162543280,1531162543276,18757552,0.00007059,23352.00000000,0
1531162579318,1531162579314,18757553,0.00007054,444.00000000,1
1531162586169,1531162586164,18757554,0.00007059,30.00000000,0
1531162598160,1531162598155,18757555,0.00007057,367.00000000,0
1531162598177,1531162598171,18757556,0.00007055,537.00000000,1
1531162598191,1531162598188,18757557,0.00007055,207.00000000,1
1531162604658,1531162604652,18757558,0.00007059,357.00000000,0
1531162618203,1531162618199,18757559,0.00007058,65.00000000,0
1531162636647,1531162636643,18757560,0.00007058,358.00000000,0
1531162636657,1531162636652,18757561,0.00007057,123.00000000,1
1531162636670,1531162636666,18757562,0.00007056,183.00000000,1
1531162639446,1531162639440,18757563,0.00007059,142.00000000,0
1531162640160,1531162640156,18757564,0.00007059,428.00000000,0
1531162651288,1531162651282,18757565,0.00007066,373.00000000,0
1531162651288,1531162651282,18757566,0.00007067,4661.00000000,0
1531162653992,1531162653988,18757567,0.00007062,163.00000000,0
1531162654000,1531162653995,18757568,0.00007058,73.00000000,1
1531162654018,1531162654013,18757569,0.00007057,105.00000000,1
1531162660945,1531162660940,18757570,0.00007059,926.00000000,0
1531162671472,1531162671466,18757571,0.00007058,402.00000000,1
1531162683037,1531162683034,18757572,0.00007058,404.00000000,1
1531162683060,1531162683054,18757573,0.00007058,709.00000000,0
1531162683071,1531162683066,18757574,0.00007058,404.00000000,1
1531162706879,1531162706874,18757575,0.00007059,165.00000000,0
1531162708999,1531162708993,18757576,0.00007059,59.00000000,0
1531162708999,1531162708993,18757577,0.00007067,82.00000000,0
1531162715551,1531162715546,18757578,0.00007062,653.00000000,0
1531162715573,1531162715568,18757579,0.00007058,239.00000000,1
1531162724248,1531162724243,18757580,0.00007058,70.00000000,0
1531162724248,1531162724243,18757581,0.00007067,114.00000000,0
1531162730267,1531162730263,18757582,0.00007063,4130.00000000,0
1531162730277,1531162730272,18757583,0.00007059,1530.00000000,1
1531162745326,1531162745321,18757584,0.00007059,45.00000000,0
1531162745359,1531162745357,18757585,0.00007059,144.00000000,0
1531162745978,1531162745973,18757586,0.00007058,70.00000000,1
1531162746073,1531162746067,18757587,0.00007058,142.00000000,1
1531162751360,1531162751354,18757588,0.00007057,125.00000000,1
1531162752720,1531162752715,18757589,0.00007058,196.00000000,0
1531162758947,1531162758941,18757590,0.00007058,346.00000000,1
1531162760436,1531162760429,18757591,0.00007058,750.00000000,1
1531162760436,1531162760429,18757592,0.00007057,277.00000000,1
1531162760436,1531162760429,18757593,0.00007056,28.00000000,1
1531162760436,1531162760429,18757594,0.00007055,747.00000000,1
1531162760436,1531162760429,18757595,0.00007053,79.00000000,1
1531162760436,1531162760429,18757596,0.00007051,1029.00000000,1
1531162769019,1531162769013,18757597,0.00007057,8382.00000000,0
1531162769038,1531162769033,18757598,0.00007058,1079.00000000,0
1531162769054,1531162769049,18757599,0.00007058,4234.00000000,0
1531162775200,1531162775194,18757600,0.00007058,3031.00000000,0
1531162775220,1531162775214,18757601,0.00007057,2585.00000000,1
1531162775245,1531162775240,18757602,0.00007057,1872.00000000,1
1531162781481,1531162781475,18757603,0.00007059,135.00000000,0
1531162782201,1531162782196,18757604,0.00007058,526.00000000,1
1531162787316,1531162787310,18757605,0.00007057,600.00000000,1
1531162798547,1531162798540,18757606,0.00007057,428.00000000,1
1531162798977,1531162798971,18757607,0.00007056,1472.00000000,1
1531162805116,1531162805110,18757608,0.00007057,120.00000000,1
1531162808332,1531162808327,18757609,0.00007059,28.00000000,0
1531162823542,1531162823537,18757610,0.00007059,273.00000000,0
1531162834218,1531162834212,18757611,0.00007062,7275.00000000,0
1531162834235,1531162834229,18757612,0.00007064,14738.00000000,0
1531162834253,1531162834248,18757613,0.00007065,9204.00000000,0
1531162844058,1531162844055,18757614,0.00007060,17738.00000000,1
1531162859654,1531162859649,18757615,0.00007061,14162.00000000,1
1531162859683,1531162859677,18757616,0.00007060,14659.00000000,1
1531162864904,1531162864898,18757617,0.00007066,69.00000000,0
1531162867803,1531162867799,18757618,0.00007061,14487.00000000,1
1531162867823,1531162867818,18757619,0.00007061,16209.00000000,1
1531162873543,1531162873538,18757620,0.00007066,10.00000000,0
1531162873543,1531162873538,18757621,0.00007067,21.00000000,0
1531162886791,1531162886787,18757622,0.00007060,7868.00000000,1
1531162897258,1531162897253,18757623,0.00007062,11457.00000000,0
1531162897273,1531162897267,18757624,0.00007066,5846.00000000,0
1531162911359,1531162911353,18757625,0.00007059,54.00000000,1
1531162913176,1531162913171,18757626,0.00007067,330.00000000,0
1531162913475,1531162913468,18757627,0.00007067,59.00000000,1
1531162914032,1531162914027,18757628,0.00007067,3119.00000000,1
1531162917956,1531162917951,18757629,0.00007066,42.00000000,1
1531162919655,1531162919636,18757630,0.00007061,3273.00000000,1
1531162919665,1531162919658,18757631,0.00007060,9842.00000000,1
1531162922162,1531162922155,18757632,0.00007068,541.00000000,0
1531162922162,1531162922155,18757633,0.00007069,2005.00000000,0
1531162925534,1531162925527,18757634,0.00007059,1.00000000,1
1531162933043,1531162933037,18757635,0.00007062,1204.00000000,1
1531162933338,1531162933333,18757636,0.00007062,18754.00000000,1
1531162935096,1531162935092,18757637,0.00007062,15.00000000,0
1531162941690,1531162941684,18757638,0.00007059,6.00000000,1
1531162946876,1531162946872,18757639,0.00007059,6984.00000000,1
1531162954011,1531162954006,18757640,0.00007060,17250.00000000,0
1531162954023,1531162954018,18757641,0.00007061,12793.00000000,0
1531162954041,1531162954036,18757642,0.00007062,1189.00000000,0
1531162969800,1531162969794,18757643,0.00007070,24.00000000,0
1531162973112,1531162973107,18757644,0.00007063,7807.00000000,1
1531162973128,1531162973122,18757645,0.00007062,18769.00000000,1
1531162976094,1531162976089,18757646,0.00007060,103.00000000,0
1531162977513,1531162977507,18757647,0.00007060,945.00000000,0
1531162977823,1531162977817,18757648,0.00007055,7500.00000000,0
1531162977835,1531162977829,18757649,0.00007060,17299.00000000,0
1531162977851,1531162977846,18757650,0.00007061,4202.00000000,0
1531162977865,1531162977858,18757651,0.00007062,1189.00000000,0
1531162977874,1531162977870,18757652,0.00007062,187.00000000,1
1531162981266,1531162981261,18757653,0.00007070,470.00000000,0
1531162986399,1531162986396,18757654,0.00007065,240.00000000,1
1531162986962,1531162986956,18757655,0.00007069,19.00000000,1
1531162989382,1531162989377,18757656,0.00007067,5513.00000000,0
1531162989393,1531162989388,18757657,0.00007065,2790.00000000,1
1531162989415,1531162989409,18757658,0.00007062,18582.00000000,1
1531163003117,1531163003113,18757659,0.00007051,68.00000000,1
1531163004543,1531163004538,18757660,0.00007062,1113.00000000,0
1531163007753,1531163007748,18757661,0.00007058,8620.00000000,0
1531163010441,1531163010436,18757662,0.00007057,8719.00000000,0
1531163010450,1531163010444,18757663,0.00007060,8074.00000000,0
1531163012360,1531163012354,18757664,0.00007062,263.00000000,0
1531163012398,1531163012394,18757665,0.00007062,104.00000000,1
1531163015879,1531163015873,18757666,0.00007062,142.00000000,1
1531163022053,1531163022048,18757667,0.00007063,4765.00000000,1
1531163022068,1531163022062,18757668,0.00007063,1809.00000000,0
1531163022080,1531163022075,18757669,0.00007063,4765.00000000,1
1531163031224,1531163031220,18757670,0.00007063,10158.00000000,1
1531163047286,1531163047280,18757671,0.00007062,125.00000000,1
1531163052049,1531163052044,18757672,0.00007062,169.00000000,1
1531163053609,1531163053604,18757673,0.00007062,199.00000000,1
1531163068792,1531163068787,18757674,0.00007058,3306.00000000,0
1531163068802,1531163068796,18757675,0.00007055,1798.00000000,1
1531163068819,1531163068813,18757676,0.00007054,5831.00000000,1
1531163072675,1531163072669,18757677,0.00007054,4.00000000,1
1531163075912,1531163075907,18757678,0.00007062,69.00000000,0
1531163075912,1531163075907,18757679,0.00007064,31.00000000,0
1531163076140,1531163076135,18757680,0.00007064,106.00000000,0
1531163084233,1531163084227,18757681,0.00007062,38.00000000,1
1531163084233,1531163084227,18757682,0.00007061,91.00000000,1
1531163086412,1531163086408,18757683,0.00007061,7.00000000,1
1531163086427,1531163086421,18757684,0.00007064,142.00000000,0
1531163086581,1531163086577,18757685,0.00007062,61.00000000,0
1531163086598,1531163086592,18757686,0.00007061,12358.00000000,1
1531163087706,1531163087700,18757687,0.00007060,35.00000000,1
1531163089585,1531163089581,18757688,0.00007061,98.00000000,0
1531163089585,1531163089581,18757689,0.00007064,44.00000000,0
1531163091242,1531163091237,18757690,0.00007064,277.00000000,0
1531163098786,1531163098781,18757691,0.00007065,22677.00000000,0
1531163098793,1531163098787,18757692,0.00007061,7662.00000000,1
1531163101862,1531163101855,18757693,0.00007063,13092.00000000,0
1531163101869,1531163101865,18757694,0.00007068,5336.00000000,0
1531163101891,1531163101885,18757695,0.00007068,13548.00000000,0
1531163105628,1531163105623,18757696,0.00007064,56.00000000,1
1531163106414,1531163106407,18757697,0.00007064,9.00000000,1
1531163106904,1531163106900,18757698,0.00007062,171.00000000,0
1531163110753,1531163110748,18757699,0.00007068,13270.00000000,0
1531163110767,1531163110761,18757700,0.00007069,1714.00000000,0
1531163117354,1531163117348,18757701,0.00007065,13667.00000000,0
1531163117364,1531163117360,18757702,0.00007060,4952.00000000,1
1531163123494,1531163123487,18757703,0.00007069,1000.00000000,1
1531163123912,1531163123906,18757704,0.00007059,28.00000000,1
1531163123912,1531163123906,18757705,0.00007058,14.00000000,1
1531163125929,1531163125924,18757706,0.00007061,7056.00000000,1
1531163134730,1531163134724,18757707,0.00007059,38.00000000,1
1531163135944,1531163135939,18757708,0.00007063,9475.00000000,0
1531163135964,1531163135959,18757709,0.00007067,3202.00000000,0
1531163145794,1531163145788,18757710,0.00007068,119.00000000,1
1531163145806,1531163145799,18757711,0.00007068,1.00000000,1
1531163150808,1531163150803,18757712,0.00007061,11442.00000000,1
1531163150829,1531163150823,18757713,0.00007060,14334.00000000,1
1531163152000,1531163151995,18757714,0.00007067,64.00000000,0
1531163159722,1531163159717,18757715,0.00007067,334.00000000,1
1531163159732,1531163159727,18757716,0.00007067,5225.00000000,0
1531163159747,1531163159741,18757717,0.00007068,2927.00000000,0
1531163166815,1531163166808,18757718,0.00007069,141.00000000,0
1531163178542,1531163178537,18757719,0.00007061,678.00000000,1
1531163186197,1531163186192,18757720,0.00007060,2773.00000000,1
1531163211718,1531163211714,18757721,0.00007061,168.00000000,1
1531163211741,1531163211736,18757722,0.00007060,2003.00000000,1
1531163216727,1531163216722,18757723,0.00007063,1061.00000000,0
1531163216768,1531163216737,18757724,0.00007061,830.00000000,1
1531163228946,1531163228944,18757725,0.00007062,142.00000000,1
1531163230466,1531163230454,18757726,0.00007065,833.00000000,0
1531163230472,1531163230467,18757727,0.00007062,280.00000000,1
1531163230482,1531163230478,18757728,0.00007061,319.00000000,1
1531163237310,1531163237304,18757729,0.00007060,30.00000000,1
1531163241738,1531163241733,18757730,0.00007060,469.00000000,1
1531163249307,1531163249302,18757731,0.00007062,142.00000000,0
1531163259655,1531163259650,18757732,0.00007067,79.00000000,0
1531163262586,1531163262579,18757733,0.00007065,3192.00000000,0
1531163262604,1531163262599,18757734,0.00007062,280.00000000,1
1531163269071,1531163269066,18757735,0.00007061,2382.00000000,1
1531163269083,1531163269077,18757736,0.00007062,142.00000000,0
1531163278438,1531163278434,18757737,0.00007064,300.00000000,1
1531163278600,1531163278595,18757738,0.00007066,555.00000000,0
1531163278608,1531163278603,18757739,0.00007064,1727.00000000,1
1531163278630,1531163278623,18757740,0.00007062,364.00000000,1
1531163292891,1531163292884,18757741,0.00007062,58.00000000,0
1531163294722,1531163294715,18757742,0.00007062,300.00000000,1
1531163297941,1531163297935,18757743,0.00007063,2050.00000000,1
1531163297959,1531163297953,18757744,0.00007062,64.00000000,1
1531163301192,1531163301187,18757745,0.00007060,213.00000000,1
1531163308261,1531163308255,18757746,0.00007061,622.00000000,1
1531163308278,1531163308272,18757747,0.00007062,358.00000000,0
1531163315462,1531163315456,18757748,0.00007066,607.00000000,0
1531163315479,1531163315474,18757749,0.00007064,2958.00000000,1
1531163315504,1531163315498,18757750,0.00007063,327.00000000,1
1531163315529,1531163315524,18757751,0.00007062,64.00000000,1
1531163317315,1531163317312,18757752,0.00007060,11.00000000,1
1531163324448,1531163324442,18757753,0.00007061,351.00000000,0
1531163324468,1531163324464,18757754,0.00007062,358.00000000,0
1531163339096,1531163339090,18757755,0.00007063,106.00000000,1
1531163339435,1531163339430,18757756,0.00007063,2664.00000000,1
1531163339453,1531163339448,18757757,0.00007063,712.00000000,1
1531163339478,1531163339473,18757758,0.00007062,64.00000000,1
1531163352822,1531163352818,18757759,0.00007060,3.00000000,1
1531163353089,1531163353082,18757760,0.00007062,422.00000000,0
1531163366949,1531163366942,18757761,0.00007061,856.00000000,1
1531163366961,1531163366955,18757762,0.00007061,1368.00000000,0
1531163366974,1531163366969,18757763,0.00007061,856.00000000,1
1531163372525,1531163372519,18757764,0.00007061,3192.00000000,1
1531163382872,1531163382868,18757765,0.00007061,3406.00000000,1
1531163448812,1531163448808,18757766,0.00007060,195.00000000,1
1531163449870,1531163449864,18757767,0.00007061,730.00000000,0
1531163457955,1531163457950,18757768,0.00007059,38.00000000,1
1531163457955,1531163457950,18757769,0.00007058,35.00000000,1
1531163457955,1531163457950,18757770,0.00007056,33.00000000,1
1531163459378,1531163459372,18757771,0.00007061,97.00000000,0
1531163472158,1531163472153,18757772,0.00007058,2754.00000000,0
1531163472172,1531163472167,18757773,0.00007060,1435.00000000,0
1531163473353,1531163473348,18757774,0.00007061,79.00000000,0
1531163473433,1531163473428,18757775,0.00007061,80.00000000,0
1531163486167,1531163486160,18757776,0.00007061,49.00000000,0
1531163488414,1531163488407,18757777,0.00007061,1270.00000000,0
1531163488414,1531163488407,18757778,0.00007062,543.00000000,0
1531163491897,1531163491893,18757779,0.00007062,2.00000000,0
1531163492334,1531163492328,18757780,0.00007060,78.00000000,1
1531163496417,1531163496410,18757781,0.00007062,7.00000000,0
1531163506039,1531163506035,18757782,0.00007066,2868.00000000,1
1531163511280,1531163511274,18757783,0.00007065,2056.00000000,1
1531163512094,1531163512089,18757784,0.00007064,1864.00000000,1
1531163513094,1531163513087,18757785,0.00007063,293.00000000,1
1531163521945,1531163521939,18757786,0.00007059,172.00000000,1
1531163522965,1531163522963,18757787,0.00007061,67.00000000,1
1531163529974,1531163529969,18757788,0.00007059,586.00000000,0
1531163529989,1531163529983,18757789,0.00007058,203.00000000,1
1531163538859,1531163538853,18757790,0.00007059,1.00000000,0
1531163539739,1531163539736,18757791,0.00007058,91.00000000,1
1531163539753,1531163539747,18757792,0.00007058,57.00000000,0
1531163539764,1531163539759,18757793,0.00007058,91.00000000,1
1531163546600,1531163546594,18757794,0.00007058,221.00000000,0
1531163547590,1531163547584,18757795,0.00007059,238.00000000,0
1531163547590,1531163547584,18757796,0.00007060,310.00000000,0
1531163552652,1531163552646,18757797,0.00007060,200.00000000,1
1531163555892,1531163555887,18757798,0.00007061,382.00000000,1
1531163578240,1531163578234,18757799,0.00007063,191.00000000,0
1531163578240,1531163578234,18757800,0.00007064,16.00000000,0
1531163578240,1531163578234,18757801,0.00007065,16.00000000,0
1531163599321,1531163599315,18757802,0.00007063,501.00000000,0
1531163599336,1531163599331,18757803,0.00007066,405.00000000,0
1531163599356,1531163599352,18757804,0.00007067,389.00000000,0
1531163608014,1531163608007,18757805,0.00007065,205.00000000,0
1531163608028,1531163608024,18757806,0.00007062,89.00000000,1
1531163608043,1531163608038,18757807,0.00007061,23.00000000,1
1531163620981,1531163620974,18757808,0.00007060,876.00000000,1
1531163630790,1531163630783,18757809,0.00007064,371.00000000,0
1531163630801,1531163630796,18757810,0.00007065,239.00000000,0
1531163639974,1531163639967,18757811,0.00007060,1.00000000,1
1531163639974,1531163639967,18757812,0.00007056,279.00000000,1
1531163643358,1531163643355,18757813,0.00007062,245.00000000,0
1531163643358,1531163643355,18757814,0.00007064,324.00000000,0
1531163653710,1531163653706,18757815,0.00007060,105.00000000,1
1531163665029,1531163665023,18757816,0.00007061,69.00000000,1
1531163666673,1531163666667,18757817,0.00007064,284.00000000,0
1531163666690,1531163666685,18757818,0.00007061,44.00000000,1
1531163678786,1531163678780,18757819,0.00007061,69.00000000,0
1531163695161,1531163695156,18757820,0.00007061,44.00000000,1
1531163695161,1531163695156,18757821,0.00007060,3177.00000000,1
1531163695218,1531163695212,18757822,0.00007060,709.00000000,1
1531163698139,1531163698136,18757823,0.00007065,398.00000000,0
1531163698152,1531163698147,18757824,0.00007065,485.00000000,0
1531163706416,1531163706409,18757825,0.00007063,1260.00000000,0
1531163706436,1531163706429,18757826,0.00007061,584.00000000,1
1531163718617,1531163718610,18757827,0.00007064,402.00000000,0
1531163722840,1531163722834,18757828,0.00007062,2490.00000000,0
1531163722854,1531163722848,18757829,0.00007065,878.00000000,0
1531163728989,1531163728983,18757830,0.00007067,36.00000000,0
1531163735095,1531163735090,18757831,0.00007064,1713.00000000,0
1531163735109,1531163735103,18757832,0.00007061,587.00000000,1
1531163744509,1531163744504,18757833,0.00007060,28.00000000,1
1531163744773,1531163744768,18757834,0.00007061,902.00000000,0
1531163744788,1531163744782,18757835,0.00007063,645.00000000,0
1531163752050,1531163752044,18757836,0.00007063,46.00000000,0
1531163757863,1531163757860,18757837,0.00007064,1006.00000000,0
1531163757878,1531163757872,18757838,0.00007065,844.00000000,0
1531163757892,1531163757887,18757839,0.00007065,672.00000000,0
1531163762024,1531163762018,18757840,0.00007063,142.00000000,1
1531163763731,1531163763725,18757841,0.00007065,192.00000000,0
1531163763741,1531163763736,18757842,0.00007066,818.00000000,0
1531163768703,1531163768697,18757843,0.00007065,142.00000000,1
1531163769840,1531163769835,18757844,0.00007065,970.00000000,1
1531163769855,1531163769849,18757845,0.00007064,1477.00000000,1
1531163770167,1531163770160,18757846,0.00007063,36.00000000,1
1531163770239,1531163770234,18757847,0.00007063,64.00000000,1
1531163772723,1531163772717,18757848,0.00007063,70.00000000,1
1531163775280,1531163775276,18757849,0.00007063,151.00000000,1
1531163775292,1531163775285,18757850,0.00007063,1042.00000000,0
1531163775306,1531163775299,18757851,0.00007064,919.00000000,0
1531163775319,1531163775314,18757852,0.00007065,142.00000000,0
1531163775399,1531163775394,18757853,0.00007065,142.00000000,1
1531163776426,1531163776421,18757854,0.00007065,828.00000000,1
1531163776591,1531163776585,18757855,0.00007064,100.00000000,1
1531163776687,1531163776680,18757856,0.00007064,695.00000000,1
1531163776925,1531163776921,18757857,0.00007060,97.00000000,1
1531163777737,1531163777730,18757858,0.00007060,38.00000000,1
1531163778203,1531163778198,18757859,0.00007063,987.00000000,1
1531163781082,1531163781076,18757860,0.00007063,388.00000000,1
1531163787639,1531163787634,18757861,0.00007065,302.00000000,1
1531163787657,1531163787650,18757862,0.00007065,5.00000000,0
1531163787667,1531163787662,18757863,0.00007065,302.00000000,1
1531163787682,1531163787676,18757864,0.00007064,204.00000000,1
1531163801022,1531163801015,18757865,0.00007063,421.00000000,1
1531163801049,1531163801042,18757866,0.00007064,377.00000000,0
1531163823715,1531163823710,18757867,0.00007066,2824.00000000,0
1531163823727,1531163823722,18757868,0.00007065,1009.00000000,1
1531163831093,1531163831089,18757869,0.00007063,67.00000000,1
1531163831221,1531163831215,18757870,0.00007063,30.00000000,1
1531163862445,1531163862442,18757871,0.00007064,171.00000000,0
1531163864056,1531163864046,18757872,0.00007064,112.00000000,1
1531163871639,1531163871633,18757873,0.00007064,117.00000000,1
1531163871651,1531163871645,18757874,0.00007064,301.00000000,0
1531163871663,1531163871659,18757875,0.00007065,192.00000000,0
1531163875971,1531163875964,18757876,0.00007065,208.00000000,0
1531163875984,1531163875979,18757877,0.00007064,139.00000000,1
1531163894708,1531163894703,18757878,0.00007063,43.00000000,1
1531163894946,1531163894940,18757879,0.00007064,148.00000000,0
1531163894990,1531163894984,18757880,0.00007063,32.00000000,1
1531163897223,1531163897217,18757881,0.00007063,244.00000000,1
1531163897907,1531163897904,18757882,0.00007064,131.00000000,0
1531163903029,1531163903023,18757883,0.00007064,280.00000000,1
1531163907390,1531163907384,18757884,0.00007065,3586.00000000,0
1531163907410,1531163907405,18757885,0.00007065,5687.00000000,0
1531163907424,1531163907420,18757886,0.00007064,7.00000000,1
1531163908322,1531163908315,18757887,0.00007064,141.00000000,0
1531163931438,1531163931431,18757888,0.00007063,1115.00000000,1
1531163931450,1531163931445,18757889,0.00007063,15566.00000000,0
1531163931460,1531163931455,18757890,0.00007064,270.00000000,0
1531163936669,1531163936664,18757891,0.00007064,25.00000000,1
1531163941555,1531163941548,18757892,0.00007064,123.00000000,1
1531163941572,1531163941567,18757893,0.00007064,134.00000000,0
1531163941580,1531163941575,18757894,0.00007065,103.00000000,0
1531163941593,1531163941589,18757895,0.00007064,123.00000000,1
1531163949942,1531163949935,18757896,0.00007061,303.00000000,0
1531163949955,1531163949949,18757897,0.00007062,5602.00000000,0
1531163949970,1531163949964,18757898,0.00007063,169.00000000,0
1531163949993,1531163949987,18757899,0.00007064,295.00000000,0
1531163956348,1531163956342,18757900,0.00007064,123.00000000,1
1531163963399,1531163963396,18757901,0.00007062,248.00000000,1
1531163964721,1531163964715,18757902,0.00007063,3043.00000000,0
1531163964731,1531163964724,18757903,0.00007062,802.00000000,1
1531163964749,1531163964743,18757904,0.00007061,3313.00000000,1
1531163972497,1531163972491,18757905,0.00007064,75.00000000,0
1531163986895,1531163986889,18757906,0.00007064,40.00000000,1
1531163992160,1531163992157,18757907,0.00007063,6750.00000000,1
1531163992167,1531163992162,18757908,0.00007063,2293.00000000,0
1531163992181,1531163992176,18757909,0.00007063,6750.00000000,1
1531163999847,1531163999842,18757910,0.00007063,2793.00000000,1
1531163999862,1531163999856,18757911,0.00007063,4914.00000000,0
1531163999874,1531163999868,18757912,0.00007063,2793.00000000,1
1531163999886,1531163999882,18757913,0.00007062,264.00000000,1
1531164010405,1531164010399,18757914,0.00007063,127.00000000,1
1531164010415,1531164010409,18757915,0.00007063,106.00000000,0
1531164010432,1531164010426,18757916,0.00007063,127.00000000,1
1531164010447,1531164010442,18757917,0.00007062,134.00000000,1
1531164021800,1531164021796,18757918,0.00007063,331.00000000,1
1531164021816,1531164021811,18757919,0.00007063,198.00000000,0
1531164021827,1531164021820,18757920,0.00007063,331.00000000,1
1531164027042,1531164027036,18757921,0.00007061,465.00000000,1
1531164027075,1531164027070,18757922,0.00007062,292.00000000,0
1531164027092,1531164027087,18757923,0.00007063,278.00000000,0
1531164030531,1531164030526,18757924,0.00007062,973.00000000,0
1531164030538,1531164030533,18757925,0.00007063,487.00000000,0
1531164038861,1531164038856,18757926,0.00007063,81.00000000,0
1531164052944,1531164052938,18757927,0.00007063,113.00000000,0
1531164053202,1531164053196,18757928,0.00007062,280.00000000,1
1531164066945,1531164066940,18757929,0.00007063,2.00000000,0
1531164068862,1531164068857,18757930,0.00007063,80.00000000,0
1531164073927,1531164073922,18757931,0.00007062,20.00000000,1
1531164074883,1531164074878,18757932,0.00007062,148.00000000,0
1531164074901,1531164074899,18757933,0.00007062,132.00000000,0
1531164074901,1531164074899,18757934,0.00007063,69.00000000,0
1531164074901,1531164074899,18757935,0.00007064,72.00000000,0
1531164079383,1531164079380,18757936,0.00007062,1364.00000000,0
1531164090914,1531164090907,18757937,0.00007062,300.00000000,0
1531164112875,1531164112869,18757938,0.00007062,102.00000000,0
1531164126954,1531164126952,18757939,0.00007064,304.00000000,0
1531164141941,1531164141935,18757940,0.00007064,20.00000000,0
1531164144576,1531164144561,18757941,0.00007063,72.00000000,0
1531164146966,1531164146961,18757942,0.00007062,471.00000000,1
1531164146974,1531164146969,18757943,0.00007062,5321.00000000,0
1531164146983,1531164146976,18757944,0.00007063,2074.00000000,0
1531164156987,1531164156980,18757945,0.00007063,72.00000000,1
1531164156999,1531164156994,18757946,0.00007063,192.00000000,0
1531164157018,1531164157014,18757947,0.00007063,72.00000000,1
1531164159698,1531164159691,18757948,0.00007063,1337.00000000,0
1531164169911,1531164169905,18757949,0.00007061,407.00000000,0
1531164171523,1531164171519,18757950,0.00007061,917.00000000,0
1531164171530,1531164171525,18757951,0.00007063,737.00000000,0
1531164177543,1531164177537,18757952,0.00007063,190.00000000,1
1531164179130,1531164179124,18757953,0.00007063,1219.00000000,1
1531164187771,1531164187765,18757954,0.00007061,261.00000000,0
1531164188908,1531164188902,18757955,0.00007060,904.00000000,1
1531164188951,1531164188947,18757956,0.00007061,107.00000000,0
1531164198985,1531164198978,18757957,0.00007063,190.00000000,0
1531164198985,1531164198978,18757958,0.00007064,907.00000000,0
1531164198985,1531164198978,18757959,0.00007067,515.00000000,0
1531164201461,1531164201454,18757960,0.00007061,261.00000000,1
1531164201657,1531164201652,18757961,0.00007060,8.00000000,1
1531164215172,1531164215166,18757962,0.00007061,10.00000000,0
1531164230293,1531164230288,18757963,0.00007061,9.00000000,0
1531164233299,1531164233293,18757964,0.00007066,50.00000000,0
1531164234839,1531164234834,18757965,0.00007066,77.00000000,0
1531164237018,1531164237012,18757966,0.00007066,10.00000000,0
1531164242036,1531164242033,18757967,0.00007064,2952.00000000,0
1531164242036,1531164242033,18757968,0.00007066,1243.00000000,0
1531164250224,1531164250220,18757969,0.00007066,2984.00000000,1
1531164250282,1531164250277,18757970,0.00007066,3075.00000000,1
1531164252155,1531164252153,18757971,0.00007066,2659.00000000,1
1531164256289,1531164256284,18757972,0.00007066,401.00000000,1
1531164256531,1531164256525,18757973,0.00007066,595.00000000,1
1531164258780,1531164258775,18757974,0.00007066,103.00000000,1
1531164259778,1531164259772,18757975,0.00007066,169.00000000,1
1531164266471,1531164266467,18757976,0.00007067,385.00000000,0
1531164267555,1531164267549,18757977,0.00007066,44.00000000,1
1531164290875,1531164290870,18757978,0.00007066,631.00000000,1
1531164294707,1531164294701,18757979,0.00007066,913.00000000,0
1531164294852,1531164294845,18757980,0.00007061,96.00000000,1
1531164301842,1531164301837,18757981,0.00007064,2878.00000000,0
1531164301859,1531164301856,18757982,0.00007063,1190.00000000,1
1531164301894,1531164301888,18757983,0.00007061,2435.00000000,1
1531164308019,1531164308014,18757984,0.00007066,1011.00000000,0
1531164318823,1531164318819,18757985,0.00007066,37.00000000,1
1531164318898,1531164318893,18757986,0.00007066,68.00000000,1
1531164319944,1531164319940,18757987,0.00007066,1.00000000,1
1531164319944,1531164319940,18757988,0.00007061,1217.00000000,1
1531164326855,1531164326850,18757989,0.00007064,5773.00000000,0
1531164326873,1531164326868,18757990,0.00007063,2005.00000000,1
1531164326895,1531164326891,18757991,0.00007062,1213.00000000,1
1531164330214,1531164330208,18757992,0.00007061,168.00000000,1
1531164333906,1531164333901,18757993,0.00007064,2079.00000000,0
1531164333921,1531164333919,18757994,0.00007063,1253.00000000,1
1531164333938,1531164333933,18757995,0.00007062,553.00000000,1
1531164343070,1531164343064,18757996,0.00007064,2639.00000000,0
1531164343078,1531164343073,18757997,0.00007062,1737.00000000,1
1531164357125,1531164357120,18757998,0.00007062,77.00000000,0
1531164361903,1531164361898,18757999,0.00007062,1.00000000,0
1531164361904,1531164361898,18758000,0.00007067,1.00000000,0
1531164371309,1531164371304,18758001,0.00007062,1091.00000000,1
1531164381211,1531164381206,18758002,0.00007062,152.00000000,1
1531164384362,1531164384356,18758003,0.00007064,1545.00000000,1
1531164384384,1531164384378,18758004,0.00007063,1525.00000000,1
1531164395384,1531164395378,18758005,0.00007064,3530.00000000,1
1531164395403,1531164395397,18758006,0.00007063,3941.00000000,1
1531164400581,1531164400576,18758007,0.00007066,3300.00000000,0
1531164400599,1531164400594,18758008,0.00007064,2846.00000000,1
1531164408229,1531164408224,18758009,0.00007064,1135.00000000,1
1531164408229,1531164408224,18758010,0.00007063,1061.00000000,1
1531164411618,1531164411612,18758011,0.00007063,1638.00000000,1
1531164426037,1531164426031,18758012,0.00007062,1581.00000000,1
1531164426065,1531164426058,18758013,0.00007063,1061.00000000,0
1531164431809,1531164431805,18758014,0.00007062,36.00000000,1
1531164438137,1531164438132,18758015,0.00007066,2523.00000000,0
1531164438154,1531164438149,18758016,0.00007064,98.00000000,1
1531164438173,1531164438168,18758017,0.00007063,1578.00000000,1
1531164455713,1531164455708,18758018,0.00007066,4524.00000000,0
1531164455733,1531164455732,18758019,0.00007064,1046.00000000,1
1531164455752,1531164455747,18758020,0.00007064,2263.00000000,1
1531164463649,1531164463646,18758021,0.00007068,279.00000000,0
1531164463649,1531164463646,18758022,0.00007069,276.00000000,0
1531164471454,1531164471448,18758023,0.00007066,6203.00000000,0
1531164471464,1531164471458,18758024,0.00007064,908.00000000,1
1531164471489,1531164471483,18758025,0.00007064,2543.00000000,1
1531164485104,1531164485098,18758026,0.00007066,3879.00000000,0
1531164485117,1531164485111,18758027,0.00007064,2337.00000000,1
1531164487263,1531164487256,18758028,0.00007064,29.00000000,1
1531164494751,1531164494744,18758029,0.00007064,200.00000000,1
1531164497507,1531164497502,18758030,0.00007064,244.00000000,1
1531164506498,1531164506495,18758031,0.00007066,2995.00000000,0
1531164506511,1531164506505,18758032,0.00007065,1078.00000000,1
1531164506806,1531164506799,18758033,0.00007064,40.00000000,1
1531164506818,1531164506814,18758034,0.00007064,260.00000000,1
1531164520482,1531164520477,18758035,0.00007066,327.00000000,1
1531164523500,1531164523495,18758036,0.00007066,26243.00000000,1
1531164539013,1531164539007,18758037,0.00007066,27933.00000000,1
1531164544199,1531164544195,18758038,0.00007065,26429.00000000,1
1531164550156,1531164550149,18758039,0.00007064,39.00000000,1
1531164567571,1531164567567,18758040,0.00007067,17362.00000000,0
1531164567586,1531164567579,18758041,0.00007066,8859.00000000,1
1531164578340,1531164578336,18758042,0.00007066,28541.00000000,1
1531164597564,1531164597558,18758043,0.00007065,1204.00000000,1
1531164598461,1531164598457,18758044,0.00007065,224.00000000,1
1531164598567,1531164598561,18758045,0.00007065,20028.00000000,1
1531164598604,1531164598600,18758046,0.00007065,110.00000000,0
1531164601569,1531164601562,18758047,0.00007064,407.00000000,1
1531164610205,1531164610199,18758048,0.00007065,897.00000000,0
1531164612934,1531164612930,18758049,0.00007065,637.00000000,0
1531164613523,1531164613516,18758050,0.00007064,6578.00000000,1
1531164613539,1531164613538,18758051,0.00007064,25413.00000000,0
1531164613552,1531164613547,18758052,0.00007065,19922.00000000,0
1531164619865,1531164619859,18758053,0.00007066,550.00000000,0
1531164637686,1531164637680,18758054,0.00007066,200.00000000,1
1531164643545,1531164643540,18758055,0.00007067,1.00000000,0
1531164645235,1531164645233,18758056,0.00007066,18.00000000,1
1531164646744,1531164646738,18758057,0.00007067,1341.00000000,1
1531164648408,1531164648403,18758058,0.00007067,2576.00000000,1
1531164648419,1531164648417,18758059,0.00007067,2681.00000000,1
1531164648420,1531164648417,18758060,0.00007067,1242.00000000,1
1531164649403,1531164649398,18758061,0.00007067,1541.00000000,1
1531164649754,1531164649748,18758062,0.00007067,2371.00000000,1
1531164650007,1531164650000,18758063,0.00007067,606.00000000,1
1531164650017,1531164650011,18758064,0.00007067,20648.00000000,0
1531164650069,1531164650062,18758065,0.00007067,606.00000000,1
1531164651525,1531164651520,18758066,0.00007066,99.00000000,1
1531164654842,1531164654838,18758067,0.00007066,1333.00000000,1
1531164661871,1531164661865,18758068,0.00007067,1.00000000,0
1531164677031,1531164677026,18758069,0.00007065,1044.00000000,0
1531164677042,1531164677037,18758070,0.00007064,843.00000000,1
1531164687571,1531164687566,18758071,0.00007064,1522.00000000,1
1531164687589,1531164687588,18758072,0.00007064,14487.00000000,1
1531164704870,1531164704864,18758073,0.00007063,60.00000000,1
1531164704887,1531164704881,18758074,0.00007063,3719.00000000,0
1531164704903,1531164704896,18758075,0.00007064,7460.00000000,0
1531164704923,1531164704918,18758076,0.00007064,1411.00000000,0
1531164719043,1531164719038,18758077,0.00007063,15833.00000000,1
1531164730753,1531164730747,18758078,0.00007063,12228.00000000,0
1531164730772,1531164730766,18758079,0.00007065,8110.00000000,0
1531164730792,1531164730786,18758080,0.00007065,7174.00000000,0
1531164747471,1531164747465,18758081,0.00007064,21485.00000000,1
1531164747478,1531164747476,18758082,0.00007064,1992.00000000,1
1531164747496,1531164747489,18758083,0.00007064,220.00000000,1
1531164750347,1531164750341,18758084,0.00007064,1991.00000000,0
1531164760741,1531164760735,18758085,0.00007063,3767.00000000,0
1531164760758,1531164760751,18758086,0.00007064,1.00000000,0
1531164773141,1531164773135,18758087,0.00007064,100.00000000,1
1531164773534,1531164773528,18758088,0.00007064,581.00000000,1
1531164777853,1531164777846,18758089,0.00007064,116.00000000,1
1531164778529,1531164778522,18758090,0.00007064,3298.00000000,1
1531164778537,1531164778534,18758091,0.00007064,1582.00000000,0
1531164778546,1531164778542,18758092,0.00007065,3556.00000000,0
1531164778570,1531164778565,18758093,0.00007064,2212.00000000,1
1531164798696,1531164798690,18758094,0.00007065,1097.00000000,1
1531164803298,1531164803293,18758095,0.00007065,3513.00000000,0
1531164803311,1531164803304,18758096,0.00007066,1706.00000000,0
1531164806849,1531164806845,18758097,0.00007066,24.00000000,1
1531164811360,1531164811354,18758098,0.00007066,4.00000000,1
1531164815646,1531164815640,18758099,0.00007066,1.00000000,1
1531164818350,1531164818344,18758100,0.00007066,38.00000000,1
1531164837149,1531164837142,18758101,0.00007066,33.00000000,1
1531164837149,1531164837142,18758102,0.00007064,5.00000000,1
1531164841467,1531164841460,18758103,0.00007067,119.00000000,0
1531164841467,1531164841460,18758104,0.00007068,190.00000000,0
1531164841467,1531164841460,18758105,0.00007069,2321.00000000,0
1531164850205,1531164850199,18758106,0.00007067,7710.00000000,0
1531164850219,1531164850215,18758107,0.00007066,2899.00000000,1
1531164850244,1531164850238,18758108,0.00007065,1335.00000000,1
1531164863852,1531164863845,18758109,0.00007067,1242.00000000,0
1531164865791,1531164865790,18758110,0.00007067,500.00000000,1
1531164865885,1531164865882,18758111,0.00007067,1191.00000000,1
1531164868827,1531164868821,18758112,0.00007067,500.00000000,1
1531164878090,1531164878084,18758113,0.00007068,537.00000000,0
1531164878090,1531164878084,18758114,0.00007069,2416.00000000,0
1531164885438,1531164885435,18758115,0.00007067,19.00000000,1
1531164890570,1531164890564,18758116,0.00007067,59.00000000,1
1531164890578,1531164890572,18758117,0.00007067,570.00000000,0
1531164890593,1531164890588,18758118,0.00007068,257.00000000,0
1531164896207,1531164896201,18758119,0.00007068,707.00000000,0
1531164897864,1531164897857,18758120,0.00007067,50.00000000,1
1531164900238,1531164900234,18758121,0.00007068,357.00000000,0
1531164904333,1531164904328,18758122,0.00007068,262.00000000,1
1531164904499,1531164904493,18758123,0.00007068,7.00000000,1
1531164905325,1531164905321,18758124,0.00007068,218.00000000,1
1531164914005,1531164914002,18758125,0.00007068,337.00000000,1
1531164916694,1531164916688,18758126,0.00007068,21.00000000,0
1531164920371,1531164920365,18758127,0.00007067,141.00000000,0
1531164925936,1531164925932,18758128,0.00007065,239.00000000,0
1531164925951,1531164925949,18758129,0.00007067,143.00000000,0
1531164939663,1531164939659,18758130,0.00007066,24.00000000,0
1531164939663,1531164939659,18758131,0.00007067,6.00000000,0
1531164950693,1531164950687,18758132,0.00007066,670.00000000,1
1531164950721,1531164950716,18758133,0.00007066,513.00000000,1
1531164950742,1531164950736,18758134,0.00007066,230.00000000,1
1531164954220,1531164954214,18758135,0.00007064,117.00000000,1
1531164954228,1531164954223,18758136,0.00007064,85.00000000,0
1531164954236,1531164954230,18758137,0.00007065,71.00000000,0
1531164963274,1531164963267,18758138,0.00007065,555.00000000,0
1531164968916,1531164968910,18758139,0.00007067,10.00000000,0
1531164973175,1531164973169,18758140,0.00007063,1126.00000000,0
1531164973187,1531164973182,18758141,0.00007065,474.00000000,0
1531164973196,1531164973191,18758142,0.00007066,336.00000000,0
1531164990836,1531164990830,18758143,0.00007066,613.00000000,1
1531164990863,1531164990856,18758144,0.00007066,1599.00000000,1
1531165047828,1531165047825,18758145,0.00007067,269.00000000,0
1531165047828,1531165047825,18758146,0.00007070,2000.00000000,0
1531165047828,1531165047825,18758147,0.00007071,22.00000000,0
1531165052453,1531165052447,18758148,0.00007071,1416.00000000,0
1531165056843,1531165056837,18758149,0.00007066,1108.00000000,1
1531165057763,1531165057757,18758150,0.00007066,931.00000000,0
1531165057763,1531165057757,18758151,0.00007071,1927.00000000,0
1531165062123,1531165062117,18758152,0.00007068,2725.00000000,0
1531165062134,1531165062129,18758153,0.00007066,932.00000000,1
1531165062157,1531165062150,18758154,0.00007066,1603.00000000,1
1531165065668,1531165065663,18758155,0.00007067,37.00000000,1
1531165065879,1531165065873,18758156,0.00007068,8156.00000000,0
1531165065894,1531165065891,18758157,0.00007067,3605.00000000,1
1531165069316,1531165069310,18758158,0.00007067,37.00000000,0
1531165069316,1531165069310,18758159,0.00007071,1268.00000000,0
1531165078163,1531165078157,18758160,0.00007068,6242.00000000,0
1531165078177,1531165078172,18758161,0.00007067,3122.00000000,1
1531165078195,1531165078193,18758162,0.00007066,3939.00000000,1
1531165078788,1531165078782,18758163,0.00007070,36.00000000,0
1531165092577,1531165092572,18758164,0.00007066,8108.00000000,0
1531165092591,1531165092585,18758165,0.00007068,3937.00000000,0
1531165104945,1531165104941,18758166,0.00007069,141.00000000,0
1531165107570,1531165107564,18758167,0.00007067,423.00000000,0
1531165107587,1531165107581,18758168,0.00007069,2173.00000000,0
1531165107613,1531165107606,18758169,0.00007069,180.00000000,0
1531165113254,1531165113249,18758170,0.00007070,299.00000000,1
1531165115475,1531165115469,18758171,0.00007071,9.00000000,0
1531165115702,1531165115697,18758172,0.00007070,472.00000000,0
1531165115715,1531165115710,18758173,0.00007069,141.00000000,1
1531165119555,1531165119549,18758174,0.00007065,2500.00000000,1
1531165128605,1531165128600,18758175,0.00007067,593.00000000,0
1531165130836,1531165130830,18758176,0.00007067,406.00000000,1
1531165130856,1531165130852,18758177,0.00007067,447.00000000,0
1531165130866,1531165130860,18758178,0.00007068,89.00000000,0
1531165130889,1531165130884,18758179,0.00007069,180.00000000,0
1531165131094,1531165131087,18758180,0.00007069,140.00000000,1
1531165132764,1531165132758,18758181,0.00007069,1.00000000,1
1531165149358,1531165149352,18758182,0.00007068,50.00000000,0
1531165149372,1531165149366,18758183,0.00007066,35.00000000,1
1531165151481,1531165151476,18758184,0.00007069,210.00000000,1
1531165155101,1531165155094,18758185,0.00007065,316.00000000,1
1531165158763,1531165158756,18758186,0.00007068,315.00000000,0
1531165158774,1531165158769,18758187,0.00007068,318.00000000,0
1531165175846,1531165175840,18758188,0.00007067,15.00000000,1
1531165177058,1531165177052,18758189,0.00007067,436.00000000,1
1531165190676,1531165190672,18758190,0.00007066,247.00000000,0
1531165190691,1531165190685,18758191,0.00007067,15.00000000,0
1531165197907,1531165197901,18758192,0.00007067,436.00000000,1
1531165197923,1531165197917,18758193,0.00007067,989.00000000,0
1531165197934,1531165197927,18758194,0.00007067,436.00000000,1
1531165210359,1531165210353,18758195,0.00007066,997.00000000,1
1531165210371,1531165210364,18758196,0.00007066,76.00000000,0
1531165210390,1531165210384,18758197,0.00007066,419.00000000,1
1531165210407,1531165210401,18758198,0.00007066,578.00000000,1
1531165210422,1531165210416,18758199,0.00007067,451.00000000,0
1531165210441,1531165210434,18758200,0.00007067,862.00000000,0
1531165216054,1531165216047,18758201,0.00007068,190.00000000,0
1531165226038,1531165226035,18758202,0.00007070,227.00000000,0
1531165244864,1531165244859,18758203,0.00007068,14099.00000000,0
1531165244884,1531165244878,18758204,0.00007069,5779.00000000,0
1531165250271,1531165250265,18758205,0.00007069,2959.00000000,1
1531165250279,1531165250274,18758206,0.00007069,767.00000000,0
1531165250289,1531165250284,18758207,0.00007069,714.00000000,1
1531165250305,1531165250299,18758208,0.00007069,2245.00000000,1
1531165267409,1531165267405,18758209,0.00007069,486.00000000,0
1531165267421,1531165267416,18758210,0.00007068,353.00000000,1
1531165272699,1531165272695,18758211,0.00007070,100.00000000,0
1531165286333,1531165286328,18758212,0.00007069,266.00000000,1
1531165286359,1531165286353,18758213,0.00007069,3228.00000000,1
1531165300448,1531165300443,18758214,0.00007068,1298.00000000,1
1531165300461,1531165300454,18758215,0.00007068,2689.00000000,0
1531165300474,1531165300468,18758216,0.00007069,1465.00000000,0
1531165300496,1531165300490,18758217,0.00007069,3438.00000000,0
1531165316873,1531165316867,18758218,0.00007070,20.00000000,0
1531165318298,1531165318292,18758219,0.00007068,160.00000000,0
1531165318306,1531165318300,18758220,0.00007066,1736.00000000,1
1531165318329,1531165318322,18758221,0.00007066,88.00000000,1
1531165318700,1531165318692,18758222,0.00007070,185.00000000,0
1531165318700,1531165318692,18758223,0.00007071,1230.00000000,0
1531165318700,1531165318692,18758224,0.00007073,1087.00000000,0
1531165318700,1531165318692,18758225,0.00007075,108.00000000,0
1531165318742,1531165318734,18758226,0.00007075,1985.00000000,1
1531165318751,1531165318744,18758227,0.00007075,50.00000000,1
1531165318841,1531165318834,18758228,0.00007075,32.00000000,1
1531165318883,1531165318881,18758229,0.00007075,507.00000000,1
1531165318885,1531165318881,18758230,0.00007075,506.00000000,1
1531165318894,1531165318888,18758231,0.00007075,191.00000000,1
1531165318925,1531165318919,18758232,0.00007075,507.00000000,1
1531165318959,1531165318951,18758233,0.00007075,63.00000000,1
1531165319768,1531165319762,18758234,0.00007075,5454.00000000,1
1531165319875,1531165319868,18758235,0.00007075,1588.00000000,1
1531165319894,1531165319887,18758236,0.00007075,190.00000000,1
1531165320247,1531165320242,18758237,0.00007075,892.00000000,1
1531165321483,1531165321476,18758238,0.00007075,876.00000000,1
1531165322199,1531165322196,18758239,0.00007075,873.00000000,1
1531165323019,1531165323012,18758240,0.00007076,3.00000000,0
1531165323738,1531165323731,18758241,0.00007075,865.00000000,1
1531165323774,1531165323767,18758242,0.00007075,595.00000000,1
1531165325191,1531165325185,18758243,0.00007075,860.00000000,1
1531165326585,1531165326581,18758244,0.00007075,856.00000000,1
1531165328960,1531165328953,18758245,0.00007075,424.00000000,1
1531165329685,1531165329679,18758246,0.00007075,375.00000000,1
1531165331276,1531165331270,18758247,0.00007076,57.00000000,0
1531165332282,1531165332278,18758248,0.00007075,96.00000000,1
1531165334451,1531165334447,18758249,0.00007076,89.00000000,0
1531165338672,1531165338666,18758250,0.00007076,500.00000000,0
1531165338690,1531165338684,18758251,0.00007077,491.00000000,0
1531165346573,1531165346570,18758252,0.00007076,63.00000000,0
1531165346839,1531165346834,18758253,0.00007076,5622.00000000,0
1531165346862,1531165346857,18758254,0.00007076,5465.00000000,0
1531165358172,1531165358167,18758255,0.00007075,7264.00000000,1
1531165379544,1531165379540,18758256,0.00007076,141.00000000,0
1531165398766,1531165398764,18758257,0.00007076,352.00000000,1
1531165398781,1531165398777,18758258,0.00007076,140.00000000,0
1531165398790,1531165398785,18758259,0.00007076,136.00000000,1
1531165398806,1531165398799,18758260,0.00007076,216.00000000,1
1531165414874,1531165414872,18758261,0.00007076,253.00000000,0
1531165415770,1531165415764,18758262,0.00007075,124.00000000,1
1531165444748,1531165444744,18758263,0.00007075,16.00000000,1
1531165444782,1531165444780,18758264,0.00007075,16.00000000,1
1531165445028,1531165445022,18758265,0.00007075,16.00000000,1
1531165445873,1531165445867,18758266,0.00007075,16.00000000,1
1531165457020,1531165457015,18758267,0.00007075,172.00000000,1
1531165461817,1531165461815,18758268,0.00007076,1769.00000000,0
1531165462249,1531165462243,18758269,0.00007075,94.00000000,1
1531165467350,1531165467344,18758270,0.00007075,2500.00000000,1
1531165470523,1531165470517,18758271,0.00007075,1230.00000000,1
1531165475427,1531165475421,18758272,0.00007076,173.00000000,0
1531165477081,1531165477074,18758273,0.00007075,1786.00000000,1
1531165477111,1531165477105,18758274,0.00007075,955.00000000,1
1531165477276,1531165477269,18758275,0.00007075,1300.00000000,1
1531165498987,1531165498981,18758276,0.00007075,141.00000000,1
1531165503433,1531165503427,18758277,0.00007075,29.00000000,1
1531165503844,1531165503837,18758278,0.00007075,22.00000000,1
1531165504498,1531165504494,18758279,0.00007075,43.00000000,1
1531165505184,1531165505177,18758280,0.00007075,16.00000000,1
1531165509683,1531165509677,18758281,0.00007076,10.00000000,0
1531165512067,1531165512062,18758282,0.00007075,50.00000000,1
1531165517696,1531165517690,18758283,0.00007075,30.00000000,1
1531165519183,1531165519177,18758284,0.00007075,30.00000000,1
1531165520535,1531165520530,18758285,0.00007075,30.00000000,1
1531165521727,1531165521721,18758286,0.00007075,31.00000000,1
1531165525723,1531165525718,18758287,0.00007075,169.00000000,1
1531165548981,1531165548974,18758288,0.00007076,169.00000000,0
1531165568428,1531165568421,18758289,0.00007075,425.00000000,1
1531165568519,1531165568512,18758290,0.00007075,506.00000000,1
1531165575707,1531165575699,18758291,0.00007076,262.00000000,0
1531165575707,1531165575699,18758292,0.00007077,423.00000000,0
1531165575707,1531165575699,18758293,0.00007078,86.00000000,0
1531165575707,1531165575699,18758294,0.00007080,1229.00000000,0
1531165575707,1531165575699,18758295,0.00007081,4588.00000000,0
1531165578103,1531165578066,18758296,0.00007081,1553.00000000,0
1531165583595,1531165583590,18758297,0.00007074,1918.00000000,0
1531165583610,1531165583604,18758298,0.00007078,820.00000000,0
1531165583625,1531165583620,18758299,0.00007079,66.00000000,0
1531165593337,1531165593331,18758300,0.00007081,3.00000000,0
1531165593383,1531165593377,18758301,0.00007081,3.00000000,0
1531165595428,1531165595422,18758302,0.00007076,840.00000000,0
1531165595443,1531165595437,18758303,0.00007072,393.00000000,1
1531165595475,1531165595468,18758304,0.00007071,473.00000000,1
1531165602949,1531165602942,18758305,0.00007070,25.00000000,1
1531165604120,1531165604114,18758306,0.00007080,30.00000000,0
1531165605244,1531165605241,18758307,0.00007080,228.00000000,0
1531165606256,1531165606250,18758308,0.00007080,30.00000000,1
1531165622596,1531165622589,18758309,0.00007074,64.00000000,0
1531165622609,1531165622602,18758310,0.00007079,32.00000000,0
1531165625410,1531165625404,18758311,0.00007075,709.00000000,0
1531165625421,1531165625416,18758312,0.00007071,254.00000000,1
1531165639529,1531165639523,18758313,0.00007077,298.00000000,0
1531165653474,1531165653467,18758314,0.00007077,313.00000000,0
1531165669874,1531165669868,18758315,0.00007074,566.00000000,0
1531165669887,1531165669881,18758316,0.00007078,430.00000000,0
1531165669904,1531165669898,18758317,0.00007078,281.00000000,0
1531165672878,1531165672871,18758318,0.00007073,223.00000000,1
1531165672878,1531165672871,18758319,0.00007071,32.00000000,1
1531165687405,1531165687398,18758320,0.00007077,50.00000000,1
1531165690656,1531165690650,18758321,0.00007076,611.00000000,0
1531165690673,1531165690666,18758322,0.00007073,168.00000000,1
1531165690692,1531165690690,18758323,0.00007072,378.00000000,1
1531165693243,1531165693236,18758324,0.00007077,1152.00000000,1
1531165693314,1531165693308,18758325,0.00007077,915.00000000,1
1531165693860,1531165693854,18758326,0.00007077,15.00000000,0
1531165696942,1531165696936,18758327,0.00007071,10.00000000,1
1531165697902,1531165697895,18758328,0.00007071,20.00000000,1
1531165698195,1531165698189,18758329,0.00007073,50.00000000,0
1531165698755,1531165698752,18758330,0.00007071,488.00000000,1
1531165704378,1531165704371,18758331,0.00007070,746.00000000,1
1531165704378,1531165704371,18758332,0.00007069,819.00000000,1
1531165707598,1531165707593,18758333,0.00007073,548.00000000,0
1531165721847,1531165721844,18758334,0.00007071,1200.00000000,1
1531165722748,1531165722745,18758335,0.00007076,1152.00000000,0
1531165731611,1531165731604,18758336,0.00007077,300.00000000,0
1531165739463,1531165739456,18758337,0.00007073,1139.00000000,0
1531165739474,1531165739467,18758338,0.00007078,338.00000000,0
1531165739487,1531165739482,18758339,0.00007078,1000.00000000,0
1531165745818,1531165745813,18758340,0.00007079,10.00000000,0
1531165758638,1531165758632,18758341,0.00007074,2253.00000000,0
1531165758651,1531165758645,18758342,0.00007078,1277.00000000,0
1531165758674,1531165758670,18758343,0.00007078,1392.00000000,0
1531165758908,1531165758902,18758344,0.00007070,56.00000000,1
1531165760147,1531165760141,18758345,0.00007070,56.00000000,1
1531165760646,1531165760639,18758346,0.00007070,56.00000000,1
1531165770686,1531165770679,18758347,0.00007074,142.00000000,1
1531165770686,1531165770679,18758348,0.00007071,299.00000000,1
1531165772747,1531165772742,18758349,0.00007071,151.00000000,1
1531165775850,1531165775843,18758350,0.00007071,151.00000000,1
1531165776166,1531165776160,18758351,0.00007073,2592.00000000,0
1531165776182,1531165776178,18758352,0.00007076,843.00000000,0
1531165776206,1531165776200,18758353,0.00007076,961.00000000,0
1531165776598,1531165776593,18758354,0.00007071,543.00000000,1
1531165783084,1531165783077,18758355,0.00007070,83.00000000,1
1531165788209,1531165788203,18758356,0.00007072,451.00000000,1
1531165788209,1531165788203,18758357,0.00007071,981.00000000,1
1531165789927,1531165789920,18758358,0.00007071,451.00000000,1
1531165789939,1531165789933,18758359,0.00007071,477.00000000,0
1531165789953,1531165789948,18758360,0.00007071,451.00000000,1
1531165790888,1531165790883,18758361,0.00007071,10.00000000,0
1531165791327,1531165791323,18758362,0.00007070,4924.00000000,1
1531165795298,1531165795292,18758363,0.00007070,2.00000000,0
1531165800793,1531165800786,18758364,0.00007071,1327.00000000,0
1531165800793,1531165800786,18758365,0.00007072,151.00000000,0
1531165801019,1531165801011,18758366,0.00007073,33.00000000,1
1531165802354,1531165802351,18758367,0.00007078,1000.00000000,0
1531165805421,1531165805416,18758368,0.00007075,169.00000000,1
1531165807884,1531165807880,18758369,0.00007076,702.00000000,0
1531165807899,1531165807892,18758370,0.00007075,266.00000000,1
1531165807923,1531165807922,18758371,0.00007074,651.00000000,1
1531165826140,1531165826133,18758372,0.00007074,594.00000000,0
1531165826147,1531165826142,18758373,0.00007078,377.00000000,0
1531165832989,1531165832983,18758374,0.00007073,86.00000000,0
1531165833009,1531165833002,18758375,0.00007077,94.00000000,0
1531165833030,1531165833023,18758376,0.00007078,64.00000000,0
1531165843028,1531165843024,18758377,0.00007076,2640.00000000,0
1531165843155,1531165843149,18758378,0.00007078,1272.00000000,1
1531165844420,1531165844415,18758379,0.00007078,526.00000000,1
1531165844920,1531165844914,18758380,0.00007078,185.00000000,1
1531165846272,1531165846265,18758381,0.00007078,506.00000000,1
1531165846360,1531165846354,18758382,0.00007078,294.00000000,1
1531165847360,1531165847354,18758383,0.00007078,65.00000000,1
1531165847417,1531165847412,18758384,0.00007078,1169.00000000,1
1531165847435,1531165847429,18758385,0.00007078,65.00000000,1
1531165849376,1531165849369,18758386,0.00007078,1517.00000000,1
1531165852478,1531165852473,18758387,0.00007078,506.00000000,1
1531165853402,1531165853396,18758388,0.00007078,492.00000000,1
1531165855164,1531165855158,18758389,0.00007078,536.00000000,1
1531165855168,1531165855163,18758390,0.00007078,506.00000000,1
1531165855585,1531165855582,18758391,0.00007078,1517.00000000,1
1531165856371,1531165856364,18758392,0.00007078,1295.00000000,1
1531165856384,1531165856379,18758393,0.00007078,509.00000000,1
1531165856802,1531165856796,18758394,0.00007078,428.00000000,1
1531165856807,1531165856805,18758395,0.00007078,110.00000000,1
1531165869685,1531165869679,18758396,0.00007076,615.00000000,0
1531165869685,1531165869679,18758397,0.00007077,1275.00000000,0
1531165878999,1531165878992,18758398,0.00007070,520.00000000,1
1531165886773,1531165886768,18758399,0.00007074,1385.00000000,0
1531165886788,1531165886781,18758400,0.00007078,564.00000000,0
1531165902604,1531165902598,18758401,0.00007075,2301.00000000,0
1531165902619,1531165902614,18758402,0.00007073,840.00000000,1
1531165913843,1531165913836,18758403,0.00007075,785.00000000,0
1531165913860,1531165913855,18758404,0.00007076,671.00000000,0
1531165930681,1531165930678,18758405,0.00007075,631.00000000,0
1531165930698,1531165930692,18758406,0.00007073,862.00000000,1
1531165930716,1531165930709,18758407,0.00007073,376.00000000,1
1531165948123,1531165948118,18758408,0.00007077,141.00000000,0
1531165948603,1531165948597,18758409,0.00007073,13647.00000000,1
1531165951735,1531165951731,18758410,0.00007072,133.00000000,1
1531165953521,1531165953514,18758411,0.00007072,1518.00000000,1
1531165953732,1531165953726,18758412,0.00007072,1682.00000000,1
1531165960290,1531165960284,18758413,0.00007073,424.00000000,1
1531165962733,1531165962728,18758414,0.00007073,11679.00000000,1
1531165962755,1531165962751,18758415,0.00007073,11890.00000000,1
1531165976685,1531165976678,18758416,0.00007072,3067.00000000,1
1531165976701,1531165976696,18758417,0.00007072,24949.00000000,0
1531165976710,1531165976705,18758418,0.00007073,424.00000000,0
1531165976844,1531165976838,18758419,0.00007073,506.00000000,1
1531165978709,1531165978706,18758420,0.00007073,169.00000000,1
1531165979943,1531165979936,18758421,0.00007073,506.00000000,1
1531165983443,1531165983436,18758422,0.00007073,506.00000000,1
1531165987156,1531165987150,18758423,0.00007073,926.00000000,1
1531165987176,1531165987169,18758424,0.00007073,1517.00000000,1
1531165988163,1531165988158,18758425,0.00007073,1149.00000000,1
1531165990350,1531165990346,18758426,0.00007073,506.00000000,1
1531165993466,1531165993460,18758427,0.00007073,169.00000000,1
1531165996623,1531165996617,18758428,0.00007073,506.00000000,1
1531165998845,1531165998839,18758429,0.00007073,5430.00000000,1
1531165998862,1531165998856,18758430,0.00007073,6692.00000000,0
1531165998872,1531165998867,18758431,0.00007074,11656.00000000,0
1531165998894,1531165998889,18758432,0.00007073,5430.00000000,1
1531166000180,1531166000174,18758433,0.00007071,200.00000000,1
1531166019590,1531166019585,18758434,0.00007070,500.00000000,1
1531166027950,1531166027944,18758435,0.00007070,1000.00000000,1
1531166037876,1531166037871,18758436,0.00007072,11850.00000000,0
1531166037900,1531166037893,18758437,0.00007072,14786.00000000,0
1531166049552,1531166049546,18758438,0.00007070,1827.00000000,1
1531166052883,1531166052878,18758439,0.00007071,18235.00000000,0
1531166052903,1531166052897,18758440,0.00007073,6513.00000000,0
1531166055482,1531166055475,18758441,0.00007070,62.00000000,1
1531166066322,1531166066316,18758442,0.00007071,10956.00000000,0
1531166066336,1531166066331,18758443,0.00007073,8301.00000000,0
1531166084712,1531166084707,18758444,0.00007071,10948.00000000,0
1531166084724,1531166084719,18758445,0.00007073,4720.00000000,0
1531166107824,1531166107821,18758446,0.00007073,100.00000000,1
1531166111068,1531166111063,18758447,0.00007072,1437.00000000,1
1531166111100,1531166111094,18758448,0.00007072,5673.00000000,1
1531166111110,1531166111105,18758449,0.00007072,1179.00000000,1
1531166125864,1531166125858,18758450,0.00007071,1195.00000000,0
1531166126429,1531166126422,18758451,0.00007071,141.00000000,0
1531166127219,1531166127212,18758452,0.00007070,10302.00000000,1
1531166127240,1531166127234,18758453,0.00007071,3666.00000000,0
1531166127260,1531166127255,18758454,0.00007072,5551.00000000,0
1531166133828,1531166133821,18758455,0.00007072,10593.00000000,0
1531166133836,1531166133831,18758456,0.00007071,4139.00000000,1
1531166152933,1531166152926,18758457,0.00007072,7737.00000000,0
1531166152952,1531166152947,18758458,0.00007071,5775.00000000,1
1531166158374,1531166158369,18758459,0.00007071,5326.00000000,1
1531166160709,1531166160704,18758460,0.00007071,2.00000000,0
1531166160709,1531166160704,18758461,0.00007073,43.00000000,0
1531166169755,1531166169749,18758462,0.00007072,3007.00000000,0
1531166169770,1531166169764,18758463,0.00007071,6138.00000000,1
1531166169792,1531166169786,18758464,0.00007072,501.00000000,1
1531166169792,1531166169786,18758465,0.00007071,656.00000000,1
1531166178868,1531166178863,18758466,0.00007072,3572.00000000,1
1531166184737,1531166184731,18758467,0.00007073,442.00000000,0
1531166194483,1531166194476,18758468,0.00007072,11810.00000000,1
1531166198234,1531166198228,18758469,0.00007071,50.00000000,1
1531166210983,1531166210975,18758470,0.00007073,2801.00000000,0
1531166217615,1531166217608,18758471,0.00007070,1000.00000000,1
1531166223218,1531166223212,18758472,0.00007071,228.00000000,1
1531166223844,1531166223840,18758473,0.00007073,15826.00000000,0
1531166223866,1531166223859,18758474,0.00007071,5451.00000000,1
1531166223890,1531166223884,18758475,0.00007071,12333.00000000,1
1531166224237,1531166224230,18758476,0.00007071,228.00000000,0
1531166238679,1531166238672,18758477,0.00007071,17.00000000,1
1531166239278,1531166239274,18758478,0.00007071,333.00000000,0
1531166246743,1531166246737,18758479,0.00007073,10675.00000000,1
1531166265950,1531166265948,18758480,0.00007073,1539.00000000,1
1531166265970,1531166265965,18758481,0.00007073,3262.00000000,1
1531166283116,1531166283110,18758482,0.00007073,14379.00000000,1
1531166288538,1531166288531,18758483,0.00007073,649.00000000,1
1531166288538,1531166288531,18758484,0.00007071,427.00000000,1
1531166288538,1531166288531,18758485,0.00007070,1548.00000000,1
1531166288580,1531166288573,18758486,0.00007070,2219.00000000,0
1531166288695,1531166288689,18758487,0.00007070,117.00000000,0
1531166289377,1531166289372,18758488,0.00007070,20000.00000000,0
1531166289511,1531166289505,18758489,0.00007070,6620.00000000,0
1531166291383,1531166291376,18758490,0.00007070,8418.00000000,0
1531166310800,1531166310793,18758491,0.00007070,1.00000000,0
1531166310800,1531166310793,18758492,0.00007079,159.00000000,0
1531166310800,1531166310793,18758493,0.00007080,65.00000000,0
1531166314634,1531166314627,18758494,0.00007071,39.00000000,1
1531166315304,1531166315298,18758495,0.00007075,1745.00000000,0
1531166315319,1531166315313,18758496,0.00007071,559.00000000,1
1531166315331,1531166315325,18758497,0.00007071,559.00000000,1
1531166317940,1531166317934,18758498,0.00007071,39.00000000,0
1531166320310,1531166320303,18758499,0.00007072,979.00000000,1
1531166330591,1531166330586,18758500,0.00007077,1016.00000000,0
1531166330608,1531166330603,18758501,0.00007074,578.00000000,1
1531166330624,1531166330620,18758502,0.00007073,862.00000000,1
1531166335369,1531166335362,18758503,0.00007072,344.00000000,1
1531166340858,1531166340853,18758504,0.00007077,504.00000000,0
1531166340866,1531166340860,18758505,0.00007074,944.00000000,1
1531166340884,1531166340878,18758506,0.00007073,414.00000000,1
