event_time,trade_time,trade_id,price,quantity,maker
1531160280688,1531160280685,3381716,0.03445200,1.17700000,0
1531160305336,1531160305334,3381717,0.03442200,2.87200000,0
1531160305353,1531160305350,3381718,0.03444900,2.05200000,0
1531160307866,1531160307862,3381719,0.03444900,0.04400000,0
1531160318156,1531160318153,3381720,0.03441800,0.03700000,0
1531160330927,1531160330924,3381721,0.03444900,0.24300000,0
1531160334179,1531160334175,3381722,0.03444900,0.00200000,1
1531160334179,1531160334175,3381723,0.03444700,0.28900000,1
1531160334742,1531160334739,3381724,0.03444700,2.41900000,1
1531160343905,1531160343902,3381725,0.03444900,0.07000000,0
1531160343921,1531160343919,3381726,0.03444900,2.33800000,0
1531160351435,1531160351432,3381727,0.03442700,3.56300000,0
1531160351452,1531160351449,3381728,0.03444900,2.00000000,0
1531160383432,1531160383427,3381729,0.03444900,0.03100000,0
1531160385682,1531160385680,3381730,0.03444900,2.06900000,0
1531160394352,1531160394349,3381731,0.03442500,2.03400000,0
1531160394359,1531160394355,3381732,0.03444900,1.23700000,0
1531160394376,1531160394374,3381733,0.03444900,1.32000000,0
1531160415811,1531160415808,3381734,0.03443900,0.03000000,0
1531160419043,1531160419040,3381735,0.03439300,0.28800000,1
1531160420986,1531160420983,3381736,0.03439400,0.18600000,1
1531160421287,1531160421284,3381737,0.03439400,0.10200000,1
1531160421287,1531160421284,3381738,0.03439300,0.41800000,1
1531160427269,1531160427266,3381739,0.03443700,1.84400000,0
1531160449613,1531160449608,3381740,0.03443400,0.64700000,0
1531160450928,1531160450926,3381741,0.03443400,0.29000000,0
1531160451270,1531160451268,3381742,0.03439500,0.58200000,1
1531160461299,1531160461296,3381743,0.03439800,0.58200000,1
1531160468060,1531160468059,3381744,0.03444900,0.03000000,0
1531160472988,1531160472985,3381745,0.03439900,0.58200000,1
1531160483354,1531160483352,3381746,0.03439900,0.58200000,1
1531160484780,1531160484776,3381747,0.03442300,2.04200000,0
1531160484797,1531160484794,3381748,0.03444800,2.87000000,0
1531160484816,1531160484812,3381749,0.03444800,0.98000000,0
1531160486365,1531160486361,3381750,0.03444700,0.25700000,0
1531160487404,1531160487401,3381751,0.03445000,2.16200000,0
1531160494175,1531160494170,3381752,0.03444900,0.59200000,0
1531160501104,1531160501101,3381753,0.03444800,0.38400000,0
1531160501120,1531160501118,3381754,0.03444800,2.47100000,0
1531160505412,1531160505408,3381755,0.03445000,1.18500000,0
1531160506031,1531160506028,3381756,0.03445000,1.13100000,0
1531160506847,1531160506846,3381757,0.03445000,1.10800000,0
1531160508369,1531160508369,3381758,0.03445000,1.08800000,0
1531160513859,1531160513855,3381759,0.03445000,0.39400000,0
1531160534471,1531160534467,3381760,0.03445000,0.22600000,0
1531160539840,1531160539837,3381761,0.03445000,2.35800000,0
1531160545890,1531160545886,3381762,0.03443600,6.53900000,0
1531160545908,1531160545904,3381763,0.03447000,1.38300000,0
1531160545936,1531160545933,3381764,0.03447000,2.31800000,0
1531160552599,1531160552597,3381765,0.03447100,0.41000000,0
1531160565600,1531160565596,3381766,0.03448400,2.81800000,0
1531160565600,1531160565596,3381767,0.03448500,2.99500000,0
1531160571383,1531160571380,3381768,0.03447200,0.02000000,1
1531160572016,1531160572012,3381769,0.03452700,0.63100000,0
1531160605920,1531160605915,3381770,0.03450600,3.22600000,0
1531160605932,1531160605928,3381771,0.03454000,2.21300000,0
1531160605955,1531160605952,3381772,0.03454000,1.22100000,0
1531160627554,1531160627549,3381773,0.03454000,0.27300000,0
1531160627567,1531160627564,3381774,0.03454000,2.93500000,0
1531160645146,1531160645142,3381775,0.03451100,2.23500000,0
1531160645155,1531160645152,3381776,0.03454000,1.52200000,0
1531160645178,1531160645175,3381777,0.03454000,0.91700000,0
1531160681005,1531160681002,3381778,0.03452300,0.03600000,0
1531160705473,1531160705469,3381779,0.03454100,0.05900000,0
1531160711908,1531160711904,3381780,0.03451000,0.90300000,0
1531160711918,1531160711915,3381781,0.03454000,0.97100000,0
1531160711941,1531160711937,3381782,0.03454000,0.35100000,0
1531160744392,1531160744389,3381783,0.03453900,2.06400000,0
1531160744408,1531160744405,3381784,0.03453900,0.56200000,0
1531160752871,1531160752867,3381785,0.03454000,0.14900000,0
1531160753863,1531160753860,3381786,0.03448500,0.16100000,1
1531160764940,1531160764938,3381787,0.03448500,0.08700000,1
1531160772003,1531160771999,3381788,0.03448500,0.21000000,0
1531160773084,1531160773081,3381789,0.03448500,0.14000000,0
1531160801371,1531160801368,3381790,0.03453800,0.14900000,0
1531160804635,1531160804631,3381791,0.03453800,0.02800000,0
1531160804751,1531160804747,3381792,0.03451300,1.88700000,0
1531160804767,1531160804763,3381793,0.03453800,0.19300000,0
1531160804788,1531160804785,3381794,0.03453800,0.58500000,0
1531160820968,1531160820966,3381795,0.03453900,0.06700000,0
1531160824184,1531160824179,3381796,0.03453900,0.04200000,0
1531160824184,1531160824179,3381797,0.03454000,0.52700000,0
1531160824184,1531160824179,3381798,0.03454100,0.06300000,0
1531160824184,1531160824179,3381799,0.03454700,0.23600000,0
1531160845104,1531160845099,3381800,0.03454600,0.05000000,0
1531160845119,1531160845116,3381801,0.03454600,0.48100000,0
1531160850838,1531160850835,3381802,0.03454700,0.14900000,0
1531160851085,1531160851083,3381803,0.03454600,0.07600000,1
1531160851648,1531160851644,3381804,0.03454600,0.15600000,1
1531160860684,1531160860679,3381805,0.03454500,1.87900000,0
1531160865840,1531160865836,3381806,0.03454600,0.17400000,0
1531160883685,1531160883681,3381807,0.03454700,0.02900000,0
1531160892820,1531160892817,3381808,0.03454600,1.40100000,0
1531160892840,1531160892835,3381809,0.03454600,0.93700000,0
1531160893587,1531160893584,3381810,0.03450700,0.05800000,1
1531160893618,1531160893614,3381811,0.03450700,0.05900000,0
1531160893647,1531160893643,3381812,0.03450700,0.20400000,0
1531160893654,1531160893650,3381813,0.03450700,0.05900000,0
1531160894010,1531160894007,3381814,0.03450700,1.07400000,0
1531160899987,1531160899984,3381815,0.03454700,0.14900000,0
1531160925856,1531160925852,3381816,0.03452600,6.55800000,0
1531160925873,1531160925869,3381817,0.03450600,2.92700000,1
1531160938795,1531160938792,3381818,0.03454700,0.60600000,0
1531160938795,1531160938792,3381819,0.03455300,0.06000000,0
1531160938795,1531160938792,3381820,0.03455700,0.01500000,0
1531160941950,1531160941947,3381821,0.03455600,0.83500000,0
1531160943840,1531160943840,3381822,0.03455600,1.66900000,0
1531160945014,1531160945011,3381823,0.03455700,0.04000000,0
1531160947950,1531160947945,3381824,0.03456600,0.05800000,0
1531160947950,1531160947945,3381825,0.03456800,0.28000000,0
1531160947950,1531160947945,3381826,0.03457000,0.02900000,0
1531160947950,1531160947945,3381827,0.03458000,0.03000000,0
1531160947950,1531160947945,3381828,0.03458200,0.04300000,0
1531160947950,1531160947945,3381829,0.03459000,0.00200000,0
1531160947950,1531160947945,3381830,0.03459300,0.04400000,0
1531160947950,1531160947945,3381831,0.03459400,0.63600000,0
1531160951132,1531160951129,3381832,0.03455600,0.05300000,1
1531160951857,1531160951853,3381833,0.03459400,0.14900000,0
1531160963915,1531160963912,3381834,0.03455900,2.15700000,1
1531160996619,1531160996614,3381835,0.03460400,0.32000000,0
1531160997160,1531160997156,3381836,0.03460400,0.05800000,1
1531160998242,1531160998237,3381837,0.03460500,0.05900000,0
1531160998242,1531160998237,3381838,0.03460600,0.94100000,0
1531160999161,1531160999158,3381839,0.03460400,0.00400000,1
1531161002986,1531161002981,3381840,0.03460500,0.00400000,1
1531161006014,1531161006010,3381841,0.03460600,2.32300000,0
1531161006029,1531161006024,3381842,0.03460500,1.02400000,1
1531161006618,1531161006614,3381843,0.03460700,0.14300000,0
1531161006703,1531161006698,3381844,0.03460400,0.03000000,1
1531161013663,1531161013659,3381845,0.03460400,0.03000000,1
1531161022796,1531161022791,3381846,0.03460400,0.47000000,1
1531161029483,1531161029480,3381847,0.03460500,2.60800000,1
1531161043660,1531161043657,3381848,0.03460500,0.05900000,1
1531161043684,1531161043680,3381849,0.03460500,0.86600000,1
1531161043685,1531161043681,3381850,0.03460500,0.00200000,1
1531161057081,1531161057080,3381851,0.03460400,0.34600000,1
1531161061196,1531161061193,3381852,0.03460400,0.02000000,1
1531161068929,1531161068925,3381853,0.03460400,1.04000000,1
1531161073138,1531161073134,3381854,0.03460400,0.22400000,1
1531161081244,1531161081239,3381855,0.03460400,0.22400000,0
1531161081244,1531161081239,3381856,0.03460500,0.02900000,0
1531161081244,1531161081239,3381857,0.03460700,0.00200000,0
1531161081244,1531161081239,3381858,0.03460800,0.02900000,0
1531161081244,1531161081239,3381859,0.03462200,0.08900000,0
1531161081244,1531161081239,3381860,0.03462400,0.04900000,0
1531161081244,1531161081239,3381861,0.03462800,0.06400000,0
1531161081244,1531161081239,3381862,0.03463400,0.34000000,0
1531161081244,1531161081239,3381863,0.03463700,0.02900000,0
1531161088635,1531161088631,3381864,0.03463700,0.15200000,0
1531161088928,1531161088924,3381865,0.03463700,0.14900000,0
1531161095483,1531161095478,3381866,0.03463700,0.01000000,0
1531161095483,1531161095478,3381867,0.03464400,0.96000000,0
1531161095483,1531161095478,3381868,0.03464700,0.04000000,0
1531161096323,1531161096319,3381869,0.03464600,0.10000000,1
1531161099100,1531161099097,3381870,0.03464700,1.40800000,0
1531161102190,1531161102187,3381871,0.03464700,0.34000000,0
1531161104601,1531161104595,3381872,0.03464700,0.02400000,0
1531161136063,1531161136059,3381873,0.03463600,0.13000000,0
1531161137196,1531161137193,3381874,0.03463600,0.14900000,0
1531161140219,1531161140218,3381875,0.03463600,0.78700000,0
1531161165773,1531161165770,3381876,0.03463600,0.27900000,1
1531161185009,1531161185005,3381877,0.03463600,0.14900000,0
1531161186323,1531161186319,3381878,0.03463600,0.63800000,0
1531161186323,1531161186319,3381879,0.03463700,0.03200000,0
1531161186323,1531161186319,3381880,0.03464700,0.20400000,0
1531161226492,1531161226487,3381881,0.03462700,1.36000000,0
1531161226506,1531161226501,3381882,0.03460800,0.35200000,1
1531161226524,1531161226520,3381883,0.03460800,0.90800000,1
1531161234294,1531161234289,3381884,0.03464700,0.14400000,0
1531161238089,1531161238085,3381885,0.03464700,0.14900000,0
1531161265739,1531161265734,3381886,0.03460800,1.73700000,1
1531161288148,1531161288145,3381887,0.03462700,6.04300000,0
1531161288165,1531161288161,3381888,0.03460800,2.67300000,1
1531161291480,1531161291477,3381889,0.03464700,0.10900000,0
1531161305161,1531161305157,3381890,0.03462900,2.87600000,0
1531161305171,1531161305167,3381891,0.03461200,2.68500000,1
1531161305193,1531161305189,3381892,0.03461200,1.96900000,1
1531161310885,1531161310883,3381893,0.03461200,0.03100000,0
1531161369460,1531161369456,3381894,0.03461400,0.12000000,1
1531161403237,1531161403233,3381895,0.03461300,0.09000000,1
1531161425348,1531161425344,3381896,0.03461200,0.08000000,1
1531161465413,1531161465409,3381897,0.03462900,1.39600000,0
1531161465427,1531161465423,3381898,0.03461200,0.53000000,1
1531161468207,1531161468205,3381899,0.03461200,0.05600000,1
1531161480102,1531161480097,3381900,0.03464700,0.00200000,0
1531161480102,1531161480097,3381901,0.03465400,0.14700000,0
1531161480102,1531161480097,3381902,0.03466500,0.11400000,0
1531161485389,1531161485384,3381903,0.03466500,0.14000000,0
1531161489326,1531161489321,3381904,0.03461300,0.04200000,1
1531161491888,1531161491884,3381905,0.03466400,0.04200000,0
1531161500431,1531161500428,3381906,0.03461200,0.03100000,1
1531161503438,1531161503433,3381907,0.03461200,0.50200000,1
1531161503456,1531161503452,3381908,0.03461200,2.50500000,1
1531161517534,1531161517528,3381909,0.03461200,0.03100000,0
1531161529462,1531161529458,3381910,0.03466500,0.02600000,0
1531161542715,1531161542711,3381911,0.03466500,0.14900000,0
1531161543792,1531161543788,3381912,0.03461500,1.40300000,1
1531161544147,1531161544145,3381913,0.03466500,0.31700000,0
1531161553441,1531161553437,3381914,0.03461100,0.01600000,1
1531161593904,1531161593901,3381915,0.03462000,6.91200000,0
1531161593919,1531161593915,3381916,0.03459100,2.70100000,1
1531161596437,1531161596434,3381917,0.03465000,0.14900000,0
1531161600755,1531161600750,3381918,0.03465000,0.02800000,0
1531161604831,1531161604826,3381919,0.03462500,0.17800000,0
1531161604842,1531161604838,3381920,0.03460100,2.80600000,1
1531161604858,1531161604853,3381921,0.03460100,0.07000000,1
1531161625731,1531161625726,3381922,0.03460200,0.52100000,1
1531161625752,1531161625748,3381923,0.03460200,0.66800000,1
1531161647323,1531161647321,3381924,0.03465000,0.14900000,0
1531161663930,1531161663926,3381925,0.03460200,0.91700000,1
1531161685671,1531161685668,3381926,0.03462600,3.15700000,0
1531161685681,1531161685676,3381927,0.03460200,2.92300000,1
1531161685699,1531161685695,3381928,0.03460200,1.26200000,1
1531161698958,1531161698954,3381929,0.03465000,0.14900000,0
1531161705108,1531161705104,3381930,0.03461000,1.84000000,1
1531161705126,1531161705122,3381931,0.03461000,2.91900000,1
1531161725621,1531161725617,3381932,0.03462900,0.08200000,0
1531161725631,1531161725629,3381933,0.03460900,0.02900000,1
1531161749228,1531161749223,3381934,0.03465000,0.07600000,0
1531161763393,1531161763391,3381935,0.03463000,1.57200000,0
1531161763404,1531161763398,3381936,0.03461000,1.04800000,1
1531161815895,1531161815891,3381937,0.03463100,2.85800000,0
1531161815913,1531161815908,3381938,0.03461300,1.16100000,1
1531161846187,1531161846184,3381939,0.03462000,1.94900000,1
1531161846209,1531161846205,3381940,0.03462000,1.00600000,1
1531161851671,1531161851668,3381941,0.03463200,2.79100000,0
1531161851692,1531161851688,3381942,0.03461400,2.25000000,1
1531161897562,1531161897560,3381943,0.03463500,0.08400000,1
1531161942224,1531161942220,3381944,0.03463900,0.06300000,1
1531161946947,1531161946943,3381945,0.03465000,0.00100000,0
1531161946947,1531161946943,3381946,0.03466500,1.12600000,0
1531161952817,1531161952813,3381947,0.03466500,0.04700000,1
1531161961235,1531161961231,3381948,0.03467200,0.09900000,0
1531161963902,1531161963898,3381949,0.03466600,0.23400000,1
1531161977653,1531161977648,3381950,0.03467200,0.00100000,0
1531161977653,1531161977648,3381951,0.03467300,0.11800000,0
1531161981811,1531161981806,3381952,0.03467500,1.17700000,1
1531161981826,1531161981821,3381953,0.03467500,2.68100000,1
1531161999680,1531161999676,3381954,0.03467300,0.03400000,1
1531162002990,1531162002985,3381955,0.03467500,0.05800000,1
1531162009096,1531162009090,3381956,0.03469400,0.04200000,0
1531162022450,1531162022446,3381957,0.03468400,2.03500000,0
1531162022460,1531162022455,3381958,0.03467400,0.74100000,1
1531162023037,1531162023033,3381959,0.03469400,0.00100000,0
1531162023078,1531162023073,3381960,0.03469400,0.20400000,1
1531162023166,1531162023162,3381961,0.03469400,0.05700000,1
1531162043418,1531162043415,3381962,0.03468700,3.41200000,0
1531162043430,1531162043426,3381963,0.03467400,2.13300000,1
1531162048466,1531162048463,3381964,0.03470000,0.07400000,0
1531162048466,1531162048463,3381965,0.03470400,0.04500000,0
1531162048466,1531162048463,3381966,0.03470500,0.16900000,0
1531162060389,1531162060387,3381967,0.03470500,0.14900000,0
1531162064269,1531162064263,3381968,0.03469000,1.65500000,1
1531162064288,1531162064284,3381969,0.03469000,1.17300000,1
1531162078357,1531162078353,3381970,0.03467300,0.01600000,1
1531162084338,1531162084334,3381971,0.03468900,3.30200000,0
1531162084345,1531162084341,3381972,0.03467400,1.96500000,1
1531162094597,1531162094591,3381973,0.03468900,0.04200000,1
1531162096811,1531162096806,3381974,0.03468900,1.37200000,0
1531162108556,1531162108551,3381975,0.03468900,0.14900000,0
1531162110446,1531162110442,3381976,0.03467400,0.56500000,1
1531162110472,1531162110467,3381977,0.03467400,0.55300000,1
1531162116212,1531162116207,3381978,0.03467300,0.05800000,1
1531162128277,1531162128273,3381979,0.03467300,0.03900000,1
1531162135105,1531162135100,3381980,0.03467300,0.08000000,1
1531162138406,1531162138402,3381981,0.03466500,0.19300000,1
1531162145853,1531162145849,3381982,0.03466600,1.54400000,1
1531162145861,1531162145858,3381983,0.03466600,2.66900000,1
1531162149831,1531162149826,3381984,0.03466500,0.13000000,1
1531162157834,1531162157829,3381985,0.03468900,0.07100000,0
1531162165759,1531162165755,3381986,0.03466600,0.38200000,1
1531162165773,1531162165767,3381987,0.03466600,0.11700000,1
1531162184034,1531162184030,3381988,0.03466500,0.08700000,1
1531162188616,1531162188612,3381989,0.03468900,0.10100000,0
1531162195112,1531162195107,3381990,0.03466500,0.05800000,1
1531162204775,1531162204771,3381991,0.03466600,0.21300000,1
1531162204793,1531162204789,3381992,0.03466600,0.28100000,1
1531162206887,1531162206883,3381993,0.03466500,0.03900000,1
1531162209834,1531162209829,3381994,0.03468900,0.07100000,0
1531162219379,1531162219373,3381995,0.03468900,0.03000000,0
1531162228643,1531162228638,3381996,0.03466600,0.11000000,1
1531162231465,1531162231461,3381997,0.03467700,0.95400000,0
1531162231473,1531162231467,3381998,0.03466600,2.14500000,1
1531162231488,1531162231483,3381999,0.03466600,0.58100000,1
1531162243395,1531162243390,3382000,0.03466500,0.08000000,1
1531162243403,1531162243399,3382001,0.03466500,4.93200000,0
1531162243414,1531162243409,3382002,0.03466600,0.10900000,0
1531162251330,1531162251325,3382003,0.03466700,0.07100000,1
1531162260372,1531162260367,3382004,0.03468900,0.07100000,0
1531162262948,1531162262945,3382005,0.03466600,0.05300000,1
1531162272274,1531162272270,3382006,0.03467800,3.06600000,0
1531162272292,1531162272287,3382007,0.03466700,0.95500000,1
1531162272312,1531162272307,3382008,0.03466700,1.36800000,1
1531162274661,1531162274656,3382009,0.03465000,0.04000000,1
1531162287087,1531162287082,3382010,0.03465100,0.03000000,1
1531162292476,1531162292471,3382011,0.03465000,0.20400000,1
1531162304671,1531162304667,3382012,0.03463800,1.14600000,0
1531162304680,1531162304676,3382013,0.03462600,0.82900000,1
1531162310373,1531162310370,3382014,0.03465000,0.07100000,0
1531162332626,1531162332620,3382015,0.03462600,0.92800000,1
1531162338272,1531162338268,3382016,0.03465000,0.03200000,0
1531162338272,1531162338268,3382017,0.03468900,0.25600000,0
1531162360232,1531162360227,3382018,0.03468900,0.07100000,0
1531162403499,1531162403494,3382019,0.03463800,0.00400000,1
1531162404143,1531162404140,3382020,0.03466300,1.86100000,0
1531162404158,1531162404152,3382021,0.03463800,1.47700000,1
1531162408941,1531162408937,3382022,0.03468900,0.07100000,0
1531162413970,1531162413968,3382023,0.03466500,6.72200000,0
1531162413982,1531162413978,3382024,0.03464100,2.39900000,1
1531162434341,1531162434339,3382025,0.03468900,0.28800000,0
1531162434898,1531162434893,3382026,0.03468900,0.01400000,0
1531162434898,1531162434893,3382027,0.03470500,0.27400000,0
1531162456458,1531162456454,3382028,0.03470500,0.07100000,0
1531162483422,1531162483416,3382029,0.03464900,1.28200000,1
1531162483448,1531162483444,3382030,0.03464900,2.29400000,1
1531162506442,1531162506439,3382031,0.03470500,0.07100000,0
1531162513986,1531162513981,3382032,0.03465500,0.28600000,1
1531162514308,1531162514303,3382033,0.03465500,0.35900000,0
1531162515227,1531162515221,3382034,0.03465500,0.64200000,1
1531162515810,1531162515805,3382035,0.03465500,0.64300000,1
1531162524655,1531162524651,3382036,0.03468100,4.04800000,0
1531162524668,1531162524662,3382037,0.03465900,0.76500000,1
1531162524688,1531162524682,3382038,0.03465900,1.37700000,1
1531162551574,1531162551571,3382039,0.03470500,0.14100000,0
1531162554907,1531162554903,3382040,0.03470400,0.07100000,0
1531162556142,1531162556137,3382041,0.03465000,0.01300000,1
1531162583309,1531162583304,3382042,0.03468100,3.56900000,0
1531162583323,1531162583319,3382043,0.03465800,1.88900000,1
1531162583339,1531162583333,3382044,0.03465800,1.42700000,1
1531162602025,1531162602019,3382045,0.03465800,0.12200000,1
1531162602029,1531162602027,3382046,0.03465800,0.12200000,1
1531162603406,1531162603401,3382047,0.03465800,2.74300000,1
1531162606059,1531162606054,3382048,0.03465800,0.07100000,0
1531162609196,1531162609191,3382049,0.03465800,0.17300000,0
1531162654441,1531162654437,3382050,0.03470400,0.07100000,0
1531162665677,1531162665672,3382051,0.03467900,0.67500000,0
1531162665694,1531162665688,3382052,0.03465400,0.35000000,1
1531162704751,1531162704749,3382053,0.03470400,0.07100000,0
1531162713938,1531162713932,3382054,0.03470400,0.14200000,0
1531162724714,1531162724710,3382055,0.03470400,0.28900000,1
1531162747715,1531162747711,3382056,0.03470400,0.21600000,1
1531162749335,1531162749330,3382057,0.03470400,0.18400000,1
1531162749839,1531162749831,3382058,0.03470400,0.12900000,1
1531162754846,1531162754841,3382059,0.03470500,0.07100000,0
1531162755634,1531162755629,3382060,0.03470400,1.92100000,1
1531162804897,1531162804892,3382061,0.03470400,0.07100000,0
1531162824610,1531162824605,3382062,0.03465200,0.00100000,1
1531162825198,1531162825193,3382063,0.03470200,0.59000000,0
1531162831130,1531162831124,3382064,0.03465000,0.28400000,1
1531162831130,1531162831124,3382065,0.03464900,0.06100000,1
1531162831134,1531162831130,3382066,0.03464900,0.34500000,1
1531162834317,1531162834312,3382067,0.03465000,0.34500000,1
1531162837045,1531162837042,3382068,0.03465100,3.12600000,0
1531162837055,1531162837050,3382069,0.03465000,1.23300000,1
1531162853533,1531162853526,3382070,0.03464900,0.40400000,1
1531162854565,1531162854559,3382071,0.03465000,0.07100000,0
1531162864519,1531162864514,3382072,0.03465000,0.27400000,0
1531162864652,1531162864646,3382073,0.03465000,0.34500000,1
1531162871705,1531162871699,3382074,0.03465000,0.95900000,1
1531162871705,1531162871699,3382075,0.03464900,0.08400000,1
1531162871705,1531162871699,3382076,0.03462600,0.73100000,1
1531162871705,1531162871699,3382077,0.03462500,2.22500000,1
1531162889663,1531162889658,3382078,0.03463900,5.93000000,0
1531162889682,1531162889678,3382079,0.03462600,0.20300000,1
1531162889699,1531162889693,3382080,0.03462600,2.47100000,1
1531162903529,1531162903523,3382081,0.03463900,6.15300000,0
1531162903542,1531162903536,3382082,0.03462600,0.83100000,1
1531162903558,1531162903554,3382083,0.03462600,2.93100000,1
1531162903949,1531162903945,3382084,0.03465300,0.07100000,0
1531162923455,1531162923450,3382085,0.03462600,2.23300000,1
1531162923455,1531162923450,3382086,0.03462500,4.86700000,1
1531162923455,1531162923450,3382087,0.03462400,2.91700000,1
1531162926093,1531162926088,3382088,0.03462400,13.72300000,1
1531162927150,1531162927143,3382089,0.03461000,0.50000000,1
1531162928572,1531162928567,3382090,0.03460800,0.13100000,1
1531162929616,1531162929611,3382091,0.03459900,0.24100000,1
1531162930681,1531162930675,3382092,0.03459100,0.04300000,1
1531162940936,1531162940931,3382093,0.03455200,0.00500000,1
1531162941906,1531162941901,3382094,0.03455100,0.49500000,1
1531162942674,1531162942671,3382095,0.03455100,0.00500000,1
1531162952930,1531162952926,3382096,0.03463800,0.07100000,0
1531162955625,1531162955620,3382097,0.03463800,0.05900000,0
1531162956782,1531162956776,3382098,0.03455100,0.10600000,1
1531162966403,1531162966396,3382099,0.03455100,0.00500000,1
1531162969966,1531162969944,3382100,0.03455100,0.00400000,1
1531162980971,1531162980965,3382101,0.03455100,0.08700000,1
1531162982379,1531162982374,3382102,0.03455000,0.50000000,1
1531162983444,1531162983438,3382103,0.03454800,0.24100000,1
1531162985336,1531162985331,3382104,0.03450100,0.00500000,1
1531162987017,1531162987014,3382105,0.03450700,0.00500000,1
1531162991263,1531162991259,3382106,0.03450800,0.00600000,1
1531162993457,1531162993455,3382107,0.03450700,0.00600000,1
1531163003391,1531163003386,3382108,0.03462400,0.07100000,0
1531163015843,1531163015837,3382109,0.03450800,0.18800000,1
1531163017728,1531163017724,3382110,0.03450800,0.10300000,0
1531163017728,1531163017724,3382111,0.03457700,0.24100000,0
1531163017728,1531163017724,3382112,0.03462000,0.24400000,0
1531163022576,1531163022570,3382113,0.03461800,0.06700000,0
1531163039893,1531163039886,3382114,0.03450800,0.06900000,1
1531163052516,1531163052511,3382115,0.03460600,0.07100000,0
1531163083036,1531163083033,3382116,0.03459000,0.81600000,0
1531163094212,1531163094206,3382117,0.03450000,0.03000000,1
1531163103257,1531163103252,3382118,0.03458200,0.07100000,0
1531163106660,1531163106655,3382119,0.03450000,0.03300000,1
1531163124302,1531163124296,3382120,0.03453700,1.76700000,0
1531163124319,1531163124313,3382121,0.03457200,0.08400000,0
1531163124319,1531163124313,3382122,0.03457400,1.24000000,0
1531163124334,1531163124329,3382123,0.03457400,0.59100000,0
1531163154838,1531163154834,3382124,0.03457900,0.07100000,0
1531163166481,1531163166453,3382125,0.03457500,0.28900000,0
1531163183820,1531163183814,3382126,0.03454200,0.13200000,0
1531163183840,1531163183835,3382127,0.03457600,0.08100000,0
1531163205093,1531163205088,3382128,0.03457700,0.07100000,0
1531163237052,1531163237046,3382129,0.03457700,0.01400000,0
1531163237053,1531163237046,3382130,0.03460300,0.01400000,0
1531163254374,1531163254370,3382131,0.03459900,0.07100000,0
1531163275221,1531163275215,3382132,0.03451100,0.01400000,1
1531163300620,1531163300613,3382133,0.03454600,1.55400000,0
1531163300640,1531163300635,3382134,0.03450500,1.89700000,1
1531163300667,1531163300662,3382135,0.03450500,1.43900000,1
1531163303597,1531163303592,3382136,0.03460000,0.07100000,0
1531163312317,1531163312312,3382137,0.03451100,0.01600000,1
1531163331357,1531163331352,3382138,0.03458100,0.01200000,0
1531163352205,1531163352200,3382139,0.03459800,0.07100000,0
1531163359210,1531163359204,3382140,0.03459700,0.00300000,0
1531163386898,1531163386892,3382141,0.03458600,0.07300000,0
1531163386898,1531163386892,3382142,0.03458700,0.17700000,0
1531163401413,1531163401408,3382143,0.03458500,0.07100000,0
1531163415454,1531163415449,3382144,0.03458200,0.06500000,0
1531163424055,1531163424049,3382145,0.03450400,0.02900000,1
1531163443736,1531163443730,3382146,0.03454400,1.08200000,0
1531163443752,1531163443748,3382147,0.03457700,0.53700000,0
1531163447358,1531163447354,3382148,0.03457800,0.05500000,0
1531163447484,1531163447479,3382149,0.03459900,0.03000000,0
1531163447484,1531163447479,3382150,0.03460400,0.25900000,0
1531163448099,1531163448095,3382151,0.03457900,0.06200000,1
1531163454993,1531163454988,3382152,0.03460300,0.07100000,0
1531163505003,1531163504999,3382153,0.03460300,0.07100000,0
1531163515202,1531163515199,3382154,0.03460000,0.06200000,1
1531163515232,1531163515226,3382155,0.03460000,0.03100000,1
1531163516038,1531163516032,3382156,0.03460000,0.04700000,1
1531163528035,1531163528031,3382157,0.03460300,0.04600000,1
1531163540924,1531163540920,3382158,0.03461700,0.28800000,0
1531163555688,1531163555684,3382159,0.03461300,0.07100000,0
1531163572428,1531163572423,3382160,0.03450900,0.01600000,1
1531163574568,1531163574564,3382161,0.03450800,0.01600000,1
1531163578518,1531163578514,3382162,0.03461100,0.00100000,0
1531163585900,1531163585894,3382163,0.03460900,0.02900000,0
1531163591992,1531163591987,3382164,0.03456400,4.84300000,0
1531163592007,1531163592000,3382165,0.03461600,2.56800000,0
1531163592025,1531163592020,3382166,0.03461600,2.68900000,0
1531163599111,1531163599108,3382167,0.03451700,0.18000000,1
1531163599111,1531163599108,3382168,0.03451600,0.16600000,1
1531163603183,1531163603178,3382169,0.03451800,0.12100000,1
1531163603183,1531163603178,3382170,0.03451700,0.91800000,1
1531163604503,1531163604500,3382171,0.03460700,0.07100000,0
1531163607134,1531163607128,3382172,0.03451700,0.34600000,1
1531163611617,1531163611613,3382173,0.03451700,0.34600000,1
1531163618576,1531163618571,3382174,0.03450900,0.20400000,0
1531163619342,1531163619336,3382175,0.03450900,0.03000000,0
1531163620139,1531163620135,3382176,0.03450600,0.12000000,1
1531163620306,1531163620301,3382177,0.03450800,0.45700000,0
1531163620306,1531163620301,3382178,0.03450900,1.40300000,0
1531163623816,1531163623809,3382179,0.03457600,2.66200000,0
1531163623816,1531163623809,3382180,0.03457700,0.24100000,0
1531163623816,1531163623809,3382181,0.03458900,0.04300000,0
1531163624959,1531163624952,3382182,0.03450400,0.00400000,1
1531163627894,1531163627891,3382183,0.03450400,0.00400000,1
1531163654040,1531163654034,3382184,0.03458200,0.07100000,0
1531163671790,1531163671785,3382185,0.03458300,0.28500000,0
1531163683510,1531163683506,3382186,0.03454700,3.80000000,0
1531163683522,1531163683516,3382187,0.03458300,1.41700000,0
1531163705554,1531163705549,3382188,0.03455100,1.41600000,0
1531163705569,1531163705563,3382189,0.03458300,1.25600000,0
1531163705588,1531163705583,3382190,0.03458300,0.50700000,0
1531163706422,1531163706416,3382191,0.03458400,0.07100000,0
1531163723048,1531163723041,3382192,0.03458400,0.28900000,0
1531163724304,1531163724299,3382193,0.03458400,0.28900000,0
1531163744028,1531163744023,3382194,0.03458300,1.72300000,0
1531163745414,1531163745410,3382195,0.03458300,1.72100000,1
1531163755768,1531163755762,3382196,0.03458100,0.07100000,0
1531163764533,1531163764529,3382197,0.03452300,0.04800000,1
1531163804734,1531163804727,3382198,0.03458400,0.07100000,0
1531163808707,1531163808703,3382199,0.03458400,0.10600000,0
1531163837477,1531163837470,3382200,0.03458400,3.17400000,0
1531163843463,1531163843457,3382201,0.03461100,0.03800000,0
1531163845755,1531163845749,3382202,0.03461700,2.27900000,0
1531163845766,1531163845762,3382203,0.03458500,1.42500000,1
1531163849347,1531163849341,3382204,0.03458700,0.19900000,1
1531163854799,1531163854795,3382205,0.03458800,0.13200000,1
1531163855135,1531163855131,3382206,0.03461200,0.07100000,0
1531163860066,1531163860061,3382207,0.03458400,0.14900000,1
1531163863582,1531163863576,3382208,0.03459700,3.83600000,0
1531163863596,1531163863591,3382209,0.03461100,2.10800000,0
1531163871315,1531163871309,3382210,0.03458400,0.11200000,1
1531163876834,1531163876829,3382211,0.03459700,5.20300000,0
1531163876851,1531163876846,3382212,0.03461100,0.05800000,0
1531163876867,1531163876861,3382213,0.03461100,2.20500000,0
1531163882982,1531163882976,3382214,0.03458600,0.08400000,1
1531163885773,1531163885768,3382215,0.03459900,8.57500000,0
1531163885787,1531163885782,3382216,0.03458600,0.44300000,1
1531163885808,1531163885802,3382217,0.03458600,2.83200000,1
1531163894601,1531163894596,3382218,0.03458400,0.06300000,1
1531163897539,1531163897533,3382219,0.03458600,0.08300000,0
1531163897603,1531163897597,3382220,0.03460300,0.49500000,1
1531163898175,1531163898169,3382221,0.03458400,0.06300000,1
1531163905589,1531163905583,3382222,0.03458600,0.04700000,1
1531163905843,1531163905837,3382223,0.03461200,0.07100000,0
1531163908838,1531163908832,3382224,0.03461200,0.05500000,0
1531163925161,1531163925155,3382225,0.03459800,0.58800000,0
1531163925178,1531163925174,3382226,0.03458500,0.49700000,1
1531163934426,1531163934419,3382227,0.03458400,0.77600000,1
1531163955535,1531163955529,3382228,0.03461000,0.07100000,0
1531163973255,1531163973249,3382229,0.03454200,0.04100000,1
1531164049971,1531164049966,3382230,0.03456700,5.29400000,0
1531164049983,1531164049977,3382231,0.03459700,1.98700000,0
1531164050004,1531164049997,3382232,0.03459700,2.10000000,0
1531164171449,1531164171443,3382233,0.03454000,0.03000000,1
1531164177680,1531164177675,3382234,0.03459700,0.02800000,0
1531164263640,1531164263633,3382235,0.03458700,1.49100000,0
1531164263659,1531164263652,3382236,0.03458700,1.57800000,0
1531164278841,1531164278835,3382237,0.03455000,0.14400000,1
1531164305670,1531164305665,3382238,0.03456800,1.51300000,0
1531164305687,1531164305681,3382239,0.03458700,0.50000000,0
1531164305707,1531164305701,3382240,0.03458700,0.88100000,0
1531164313253,1531164313247,3382241,0.03458700,0.04200000,1
1531164327162,1531164327156,3382242,0.03456500,3.78700000,0
1531164327183,1531164327178,3382243,0.03458700,1.51400000,0
1531164344184,1531164344178,3382244,0.03456600,4.18600000,0
1531164344197,1531164344191,3382245,0.03458500,2.83000000,0
1531164352893,1531164352886,3382246,0.03455000,0.16300000,1
1531164352893,1531164352886,3382247,0.03454300,0.05300000,1
1531164362407,1531164362403,3382248,0.03456300,0.26400000,0
1531164362423,1531164362417,3382249,0.03454400,0.22500000,1
1531164385709,1531164385703,3382250,0.03458100,0.83100000,0
1531164385736,1531164385731,3382251,0.03458100,0.66100000,0
1531164411327,1531164411321,3382252,0.03458100,0.46800000,0
1531164411343,1531164411337,3382253,0.03458100,1.80400000,0
1531164411576,1531164411571,3382254,0.03454400,0.07400000,1
1531164424854,1531164424848,3382255,0.03454500,0.44600000,1
1531164424876,1531164424869,3382256,0.03454500,2.08400000,1
1531164435324,1531164435319,3382257,0.03456300,3.06900000,0
1531164435336,1531164435330,3382258,0.03454500,1.66700000,1
1531164444596,1531164444591,3382259,0.03456200,5.71500000,0
1531164444610,1531164444607,3382260,0.03458100,2.08400000,0
1531164451229,1531164451223,3382261,0.03454500,0.16800000,1
1531164464846,1531164464840,3382262,0.03456200,0.18100000,0
1531164464854,1531164464849,3382263,0.03458100,2.51600000,0
1531164464874,1531164464869,3382264,0.03458100,0.07100000,0
1531164473479,1531164473473,3382265,0.03454600,0.19400000,1
1531164476566,1531164476562,3382266,0.03454500,0.53800000,0
1531164476566,1531164476562,3382267,0.03459200,1.11800000,0
1531164486011,1531164486006,3382268,0.03454500,1.73900000,1
1531164510052,1531164510045,3382269,0.03461300,0.28500000,0
1531164511095,1531164511090,3382270,0.03461400,0.24000000,0
1531164559190,1531164559185,3382271,0.03461400,0.04700000,0
1531164583517,1531164583511,3382272,0.03466900,0.93700000,0
1531164583535,1531164583530,3382273,0.03466900,2.85800000,0
1531164602223,1531164602223,3382274,0.03460700,0.57800000,1
1531164613523,1531164613520,3382275,0.03461100,0.09400000,1
1531164625511,1531164625505,3382276,0.03460800,0.57000000,1
1531164636757,1531164636753,3382277,0.03460700,0.06300000,1
1531164656941,1531164656937,3382278,0.03460800,0.38200000,1
1531164718409,1531164718405,3382279,0.03464000,0.14000000,1
1531164732103,1531164732098,3382280,0.03461400,0.01600000,1
1531164760364,1531164760359,3382281,0.03461800,0.57800000,1
1531164781199,1531164781192,3382282,0.03461500,0.12800000,1
1531164781483,1531164781477,3382283,0.03461400,0.16100000,1
1531164783301,1531164783300,3382284,0.03461400,0.48000000,1
1531164792887,1531164792882,3382285,0.03461400,0.03700000,1
1531164849655,1531164849648,3382286,0.03466800,0.28500000,0
1531164849655,1531164849648,3382287,0.03466900,0.11500000,0
1531164859385,1531164859378,3382288,0.03461800,0.09400000,1
1531164871423,1531164871417,3382289,0.03462100,0.07200000,1
1531164883223,1531164883218,3382290,0.03461900,0.09400000,1
1531164906827,1531164906820,3382291,0.03461700,0.06900000,1
1531164923713,1531164923707,3382292,0.03463300,0.14400000,0
1531164923723,1531164923718,3382293,0.03464900,2.28600000,0
1531164923741,1531164923739,3382294,0.03464900,0.13200000,0
1531164923819,1531164923814,3382295,0.03461700,0.04400000,1
1531164929289,1531164929285,3382296,0.03465000,0.86500000,0
1531164930156,1531164930152,3382297,0.03461700,0.27100000,1
1531164941693,1531164941687,3382298,0.03461800,0.57800000,1
1531164944668,1531164944663,3382299,0.03463400,3.12700000,0
1531164944678,1531164944673,3382300,0.03461800,1.20700000,1
1531164944693,1531164944687,3382301,0.03461800,1.68800000,1
1531164951921,1531164951914,3382302,0.03461700,0.07600000,1
1531164961619,1531164961615,3382303,0.03461700,0.05200000,1
1531164965191,1531164965185,3382304,0.03461800,0.57800000,0
1531164984645,1531164984640,3382305,0.03464900,2.43100000,0
1531164984665,1531164984658,3382306,0.03461800,1.68800000,1
1531164989452,1531164989449,3382307,0.03461800,0.57800000,0
1531165064691,1531165064687,3382308,0.03461800,0.12200000,1
1531165064691,1531165064687,3382309,0.03461700,0.34200000,1
1531165081452,1531165081447,3382310,0.03464800,1.49600000,0
1531165081466,1531165081460,3382311,0.03461800,0.54700000,1
1531165141246,1531165141241,3382312,0.03461700,0.08100000,1
1531165142243,1531165142238,3382313,0.03461400,1.15700000,1
1531165144530,1531165144529,3382314,0.03460600,0.29800000,1
1531165188349,1531165188345,3382315,0.03457200,0.00400000,1
1531165191709,1531165191705,3382316,0.03459500,3.14200000,0
1531165191721,1531165191716,3382317,0.03461300,2.54000000,0
1531165191734,1531165191729,3382318,0.03461300,1.58600000,0
1531165195665,1531165195658,3382319,0.03461400,0.28800000,0
1531165224471,1531165224466,3382320,0.03461300,0.18000000,0
1531165232468,1531165232463,3382321,0.03461300,0.26500000,0
1531165234531,1531165234526,3382322,0.03461400,0.28900000,0
1531165261509,1531165261505,3382323,0.03461300,0.28900000,0
1531165265442,1531165265436,3382324,0.03461300,0.49400000,0
1531165283300,1531165283294,3382325,0.03460200,2.39500000,0
1531165283319,1531165283314,3382326,0.03459100,0.47300000,1
1531165283339,1531165283333,3382327,0.03459100,1.28800000,1
1531165292415,1531165292411,3382328,0.03461400,0.22200000,0
1531165293868,1531165293864,3382329,0.03461400,0.11300000,0
1531165297855,1531165297849,3382330,0.03461400,0.11800000,0
1531165356260,1531165356253,3382331,0.03466700,0.16500000,0
1531165379132,1531165379126,3382332,0.03466700,0.12000000,0
1531165379132,1531165379126,3382333,0.03466800,0.16800000,0
1531165386050,1531165386044,3382334,0.03466700,2.97900000,0
1531165386080,1531165386075,3382335,0.03466700,2.90700000,0
1531165392623,1531165392616,3382336,0.03466700,2.85800000,0
1531165392639,1531165392633,3382337,0.03466700,0.62100000,0
1531165401924,1531165401919,3382338,0.03461300,0.01300000,1
1531165441598,1531165441593,3382339,0.03461900,2.07200000,1
1531165441614,1531165441608,3382340,0.03461900,0.57000000,1
1531165470969,1531165470964,3382341,0.03464600,1.83400000,0
1531165470980,1531165470973,3382342,0.03462400,2.56400000,1
1531165471010,1531165471003,3382343,0.03462400,0.90900000,1
1531165506195,1531165506190,3382344,0.03465000,2.07700000,0
1531165506203,1531165506197,3382345,0.03463300,1.57400000,1
1531165516097,1531165516091,3382346,0.03468000,0.49700000,0
1531165542021,1531165542014,3382347,0.03464000,0.01600000,1
1531165542363,1531165542357,3382348,0.03463400,0.76000000,1
1531165551215,1531165551208,3382349,0.03468100,1.68200000,0
1531165551215,1531165551208,3382350,0.03469400,0.04300000,0
1531165551215,1531165551208,3382351,0.03469800,2.57300000,0
1531165551234,1531165551232,3382352,0.03469800,0.02900000,1
1531165551261,1531165551255,3382353,0.03469800,0.20400000,1
1531165552990,1531165552986,3382354,0.03469800,0.22800000,1
1531165553062,1531165553057,3382355,0.03469800,1.24100000,1
1531165589835,1531165589830,3382356,0.03469300,0.47100000,0
1531165590296,1531165590291,3382357,0.03469800,1.01100000,1
1531165590370,1531165590366,3382358,0.03469800,3.51800000,1
1531165594937,1531165594931,3382359,0.03463200,0.08600000,1
1531165598612,1531165598604,3382360,0.03469800,0.08800000,0
1531165598612,1531165598604,3382361,0.03469900,0.20500000,0
1531165598612,1531165598604,3382362,0.03470500,0.73800000,0
1531165598612,1531165598604,3382363,0.03470600,0.28000000,0
1531165598612,1531165598604,3382364,0.03470800,0.02900000,0
1531165598612,1531165598604,3382365,0.03471000,0.07000000,0
1531165598612,1531165598604,3382366,0.03472000,0.24000000,0
1531165598612,1531165598604,3382367,0.03472200,0.03000000,0
1531165598612,1531165598604,3382368,0.03472500,0.02900000,0
1531165598612,1531165598604,3382369,0.03472900,0.03800000,0
1531165598612,1531165598604,3382370,0.03473400,1.68200000,0
1531165598612,1531165598604,3382371,0.03474400,0.38000000,0
1531165598612,1531165598604,3382372,0.03474900,0.08900000,0
1531165598612,1531165598604,3382373,0.03475000,0.69000000,0
1531165623536,1531165623532,3382374,0.03470200,0.32500000,0
1531165623548,1531165623543,3382375,0.03474900,0.16700000,0
1531165624526,1531165624521,3382376,0.03475000,0.43200000,0
1531165665685,1531165665680,3382377,0.03474900,0.54100000,0
1531165671410,1531165671404,3382378,0.03474900,0.95600000,0
1531165718587,1531165718581,3382379,0.03471100,5.36000000,0
1531165718602,1531165718596,3382380,0.03474900,2.37000000,0
1531165758956,1531165758951,3382381,0.03474900,0.59500000,0
1531165758981,1531165758975,3382382,0.03474900,0.73000000,0
1531165784781,1531165784776,3382383,0.03471000,0.90700000,0
1531165784792,1531165784787,3382384,0.03474900,0.73000000,0
1531165844045,1531165844042,3382385,0.03474800,0.71300000,0
1531165852233,1531165852228,3382386,0.03466400,0.11500000,1
1531165900302,1531165900295,3382387,0.03466400,0.09400000,0
1531165964494,1531165964491,3382388,0.03466300,0.62700000,0
1531165964512,1531165964507,3382389,0.03466300,0.92100000,0
1531165989555,1531165989554,3382390,0.03464300,0.13700000,1
1531165989555,1531165989554,3382391,0.03461500,1.22400000,1
1531165989555,1531165989554,3382392,0.03459000,3.14300000,1
1531165989941,1531165989939,3382393,0.03466300,1.72300000,0
1531165989963,1531165989958,3382394,0.03466300,0.04200000,0
1531166051089,1531166051083,3382395,0.03466100,2.92700000,0
1531166062148,1531166062143,3382396,0.03461000,0.07900000,1
1531166076468,1531166076462,3382397,0.03466400,0.13500000,0
1531166076468,1531166076462,3382398,0.03469600,0.19300000,0
1531166076468,1531166076462,3382399,0.03469700,0.13200000,0
1531166076468,1531166076462,3382400,0.03470700,1.64100000,0
1531166084068,1531166084063,3382401,0.03470600,1.53000000,0
1531166099537,1531166099531,3382402,0.03470600,0.45500000,1
1531166105037,1531166105030,3382403,0.03466100,2.63600000,0
1531166105054,1531166105048,3382404,0.03470600,1.55000000,0
1531166116961,1531166116954,3382405,0.03470600,0.09200000,0
1531166116961,1531166116954,3382406,0.03470700,2.35900000,0
1531166116961,1531166116954,3382407,0.03474900,3.25500000,0
1531166116961,1531166116954,3382408,0.03475000,0.02800000,0
1531166164244,1531166164239,3382409,0.03468000,0.89600000,0
1531166164256,1531166164250,3382410,0.03472800,0.58000000,0
1531166174458,1531166174451,3382411,0.03463800,2.72200000,1
1531166174458,1531166174451,3382412,0.03463700,0.20000000,1
1531166174458,1531166174451,3382413,0.03463600,0.28500000,1
1531166174458,1531166174451,3382414,0.03463500,0.69500000,1
1531166174458,1531166174451,3382415,0.03461000,3.11000000,1
1531166196445,1531166196439,3382416,0.03461000,0.44000000,1
1531166202789,1531166202783,3382417,0.03461000,0.06500000,1
1531166276503,1531166276497,3382418,0.03461100,0.30600000,1
1531166345073,1531166345068,3382419,0.03466500,1.24500000,0
1531166345088,1531166345082,3382420,0.03468500,0.51500000,0
1531166345111,1531166345105,3382421,0.03468500,0.49600000,0
1531166381484,1531166381480,3382422,0.03472200,0.33800000,0
1531166393450,1531166393446,3382423,0.03472100,0.28800000,0
1531166403288,1531166403285,3382424,0.03473100,0.49200000,0
1531166410841,1531166410835,3382425,0.03467600,0.01600000,1
1531166454114,1531166454109,3382426,0.03468700,4.29500000,1
1531166508758,1531166508753,3382427,0.03468800,1.06400000,1
1531166509521,1531166509516,3382428,0.03474800,0.18200000,0
1531166512141,1531166512138,3382429,0.03468900,0.01300000,1
1531166512560,1531166512555,3382430,0.03468900,0.01300000,1
1531166543453,1531166543448,3382431,0.03467900,0.18200000,1
1531166545067,1531166545061,3382432,0.03468000,0.09400000,1
1531166545309,1531166545305,3382433,0.03468000,3.07800000,1
1531166545309,1531166545305,3382434,0.03467900,0.06400000,1
1531166546600,1531166546592,3382435,0.03467900,3.07800000,1
1531166548605,1531166548599,3382436,0.03468000,3.14600000,1
1531166552863,1531166552861,3382437,0.03467600,0.57800000,1
1531166564366,1531166564358,3382438,0.03463300,0.24000000,1
1531166564366,1531166564358,3382439,0.03459500,4.32600000,1
1531166564366,1531166564358,3382440,0.03459400,0.33400000,1
1531166566734,1531166566729,3382441,0.03461100,0.00400000,1
1531166566788,1531166566781,3382442,0.03461100,0.00400000,1
1531166702151,1531166702144,3382443,0.03467400,0.28400000,0
1531166702151,1531166702144,3382444,0.03467500,0.20500000,0
1531166703874,1531166703868,3382445,0.03464400,2.17600000,0
1531166703882,1531166703876,3382446,0.03467500,1.41900000,0
1531166703900,1531166703899,3382447,0.03467500,0.70300000,0
1531166704520,1531166704514,3382448,0.03467500,0.20500000,1
1531166747996,1531166747991,3382449,0.03459300,0.00500000,1
1531166749775,1531166749770,3382450,0.03460600,0.00500000,1
1531166769539,1531166769537,3382451,0.03467700,0.28800000,0
1531166784694,1531166784693,3382452,0.03467700,0.70300000,1
1531166784716,1531166784713,3382453,0.03468300,1.02400000,0
1531166785343,1531166785335,3382454,0.03468300,1.29400000,0
1531166785343,1531166785335,3382455,0.03468500,1.20600000,0
1531166785786,1531166785781,3382456,0.03468500,2.65400000,0
1531166864918,1531166864913,3382457,0.03466200,3.33600000,0
1531166864935,1531166864929,3382458,0.03468400,0.18100000,0
1531166864957,1531166864952,3382459,0.03468400,1.40100000,0
1531166889211,1531166889209,3382460,0.03468400,0.75900000,0
1531166963185,1531166963179,3382461,0.03468400,0.01600000,1
1531166963458,1531166963452,3382462,0.03468500,0.26700000,0
1531166999982,1531166999977,3382463,0.03468400,0.14000000,1
1531167011848,1531167011842,3382464,0.03468400,0.01300000,1
1531167013408,1531167013400,3382465,0.03468400,0.03100000,1
1531167022289,1531167022284,3382466,0.03468500,2.45300000,0
1531167023129,1531167023126,3382467,0.03468500,8.24100000,0
1531167023129,1531167023126,3382468,0.03468800,0.92100000,0
1531167023129,1531167023126,3382469,0.03471600,0.24000000,0
1531167023129,1531167023126,3382470,0.03474900,0.69500000,0
1531167023129,1531167023126,3382471,0.03475000,9.90700000,0
1531167023129,1531167023126,3382472,0.03476200,0.23400000,0
1531167023129,1531167023126,3382473,0.03476800,0.72500000,0
1531167023129,1531167023126,3382474,0.03477500,0.19300000,0
1531167024199,1531167024197,3382475,0.03477400,0.10000000,1
1531167024238,1531167024234,3382476,0.03468500,0.10000000,1
1531167044508,1531167044503,3382477,0.03468400,0.19900000,0
1531167064672,1531167064666,3382478,0.03467100,0.93700000,1
1531167064698,1531167064698,3382479,0.03467100,1.75200000,1
1531167079846,1531167079842,3382480,0.03467500,0.07800000,1
1531167096405,1531167096400,3382481,0.03474900,0.08600000,0
1531167121995,1531167121990,3382482,0.03466800,0.01400000,1
1531167123700,1531167123694,3382483,0.03474700,0.08000000,0
1531167123700,1531167123694,3382484,0.03474800,2.00400000,0
1531167123735,1531167123731,3382485,0.03474900,0.94000000,1
1531167124548,1531167124541,3382486,0.03474900,0.07600000,1
1531167166499,1531167166494,3382487,0.03477500,0.08700000,0
1531167166537,1531167166531,3382488,0.03477600,0.03000000,1
1531167208868,1531167208862,3382489,0.03470100,0.01300000,1
1531167220433,1531167220428,3382490,0.03470400,0.27300000,1
1531167220556,1531167220550,3382491,0.03470200,0.31700000,0
1531167222505,1531167222498,3382492,0.03466000,0.16100000,1
1531167240756,1531167240751,3382493,0.03478200,0.02800000,0
1531167284529,1531167284523,3382494,0.03476400,0.08000000,1
1531167378508,1531167378501,3382495,0.03467900,0.14700000,1
1531167383363,1531167383359,3382496,0.03472600,3.22900000,0
1531167383372,1531167383371,3382497,0.03467800,1.21300000,1
1531167406790,1531167406784,3382498,0.03468100,1.17500000,1
1531167406813,1531167406807,3382499,0.03468100,1.63900000,1
1531167440133,1531167440128,3382500,0.03468400,0.03500000,1
1531167481408,1531167481406,3382501,0.03469000,2.83400000,1
1531167481433,1531167481428,3382502,0.03469000,1.74100000,1
1531167484327,1531167484313,3382503,0.03468900,0.15000000,1
1531167517754,1531167517747,3382504,0.03469000,2.70800000,1
1531167517754,1531167517747,3382505,0.03468900,8.59600000,1
1531167517754,1531167517747,3382506,0.03466000,0.07900000,1
1531167517754,1531167517747,3382507,0.03464500,0.68600000,1
1531167517754,1531167517747,3382508,0.03464200,3.25000000,1
1531167518795,1531167518793,3382509,0.03469000,1.73200000,1
1531167521902,1531167521897,3382510,0.03461200,0.00500000,1
1531167522456,1531167522452,3382511,0.03461200,2.28900000,1
1531167522456,1531167522452,3382512,0.03461100,0.24000000,1
1531167522456,1531167522452,3382513,0.03460400,7.31000000,1
1531167522456,1531167522452,3382514,0.03460200,0.07700000,1
1531167522456,1531167522452,3382515,0.03460100,0.92100000,1
1531167555973,1531167555965,3382516,0.03462600,2.58100000,1
1531167555973,1531167555965,3382517,0.03462000,0.64200000,1
1531167564385,1531167564380,3382518,0.03466400,1.87400000,0
1531167564400,1531167564395,3382519,0.03460200,1.00800000,1
1531167575934,1531167575929,3382520,0.03469000,0.57600000,0
1531167580964,1531167580958,3382521,0.03460200,0.00400000,1
1531167583068,1531167583061,3382522,0.03467900,0.30000000,0
1531167586398,1531167586393,3382523,0.03467900,0.04300000,0
1531167616437,1531167616437,3382524,0.03470100,0.15900000,0
1531167627555,1531167627549,3382525,0.03469500,0.09000000,0
1531167627555,1531167627549,3382526,0.03469600,1.06400000,0
1531167627555,1531167627549,3382527,0.03469900,0.09400000,0
1531167661096,1531167661091,3382528,0.03460700,0.23900000,1
1531167743354,1531167743348,3382529,0.03467500,0.28700000,0
1531167743354,1531167743348,3382530,0.03471100,2.29100000,0
1531167743354,1531167743348,3382531,0.03471800,2.14100000,0
1531167788122,1531167788116,3382532,0.03461300,0.03800000,1
1531167788122,1531167788116,3382533,0.03461200,0.18000000,1
1531167788122,1531167788116,3382534,0.03461100,0.28600000,1
1531167788122,1531167788116,3382535,0.03461000,0.05600000,1
1531167845787,1531167845781,3382536,0.03468900,0.18000000,0
1531167845787,1531167845781,3382537,0.03469000,0.28400000,0
1531167845787,1531167845781,3382538,0.03472000,0.58000000,0
1531167920626,1531167920621,3382539,0.03464000,0.09400000,0
1531167943582,1531167943583,3382540,0.03462900,0.01600000,1
1531167962167,1531167962159,3382541,0.03462600,0.26800000,1
1531167962167,1531167962159,3382542,0.03462500,0.53600000,1
1531167962167,1531167962159,3382543,0.03461000,0.69600000,1
1531167963637,1531167963633,3382544,0.03461100,0.17100000,1
1531167964678,1531167964672,3382545,0.03460100,0.33300000,1
1531167980494,1531167980488,3382546,0.03460100,0.77500000,1
1531168035739,1531168035733,3382547,0.03466700,0.17100000,0
1531168035739,1531168035733,3382548,0.03470100,0.06900000,0
1531168087322,1531168087315,3382549,0.03471300,0.39000000,0
1531168087322,1531168087315,3382550,0.03471400,5.07500000,0
1531168087322,1531168087315,3382551,0.03471500,2.14100000,0
1531168087322,1531168087315,3382552,0.03471600,9.33300000,0
1531168087322,1531168087315,3382553,0.03471700,4.21800000,0
1531168088240,1531168088232,3382554,0.03472000,0.03300000,0
1531168088240,1531168088232,3382555,0.03472100,0.10600000,0
1531168089252,1531168089242,3382556,0.03468700,0.10000000,0
1531168089252,1531168089242,3382557,0.03472100,0.12400000,0
1531168089252,1531168089242,3382558,0.03476500,4.58800000,0
1531168089252,1531168089242,3382559,0.03476600,7.61600000,0
1531168089252,1531168089242,3382560,0.03477500,2.88500000,0
1531168089252,1531168089242,3382561,0.03478300,0.11700000,0
1531168089252,1531168089242,3382562,0.03479400,1.48200000,0
1531168089252,1531168089242,3382563,0.03479800,0.04300000,0
1531168089252,1531168089242,3382564,0.03480000,1.06700000,0
1531168089252,1531168089242,3382565,0.03480700,0.16700000,0
1531168089252,1531168089242,3382566,0.03481900,2.96800000,0
1531168090232,1531168090226,3382567,0.03476400,0.10400000,0
1531168153825,1531168153818,3382568,0.03466000,0.28500000,1
1531168153825,1531168153818,3382569,0.03465900,1.21500000,1
1531168162643,1531168162638,3382570,0.03466100,0.03000000,1
1531168163807,1531168163805,3382571,0.03466100,0.51800000,1
1531168166942,1531168166938,3382572,0.03466100,0.03000000,1
1531168168171,1531168168166,3382573,0.03466100,0.74500000,1
1531168170495,1531168170489,3382574,0.03466100,0.00400000,1
1531168171220,1531168171216,3382575,0.03466100,0.18000000,1
1531168171220,1531168171216,3382576,0.03464700,1.32000000,1
1531168174041,1531168174035,3382577,0.03464700,1.50000000,1
1531168175298,1531168175297,3382578,0.03464700,1.50000000,1
1531168179455,1531168179448,3382579,0.03466100,0.06400000,0
1531168179455,1531168179448,3382580,0.03470100,0.67000000,0
1531168179455,1531168179448,3382581,0.03471000,0.11900000,0
1531168180406,1531168180398,3382582,0.03464700,0.03000000,1
1531168183519,1531168183515,3382583,0.03464900,0.03000000,1
1531168188040,1531168188039,3382584,0.03469400,0.03500000,0
1531168189699,1531168189694,3382585,0.03469400,0.06700000,0
1531168189889,1531168189883,3382586,0.03464900,0.48400000,1
1531168193263,1531168193257,3382587,0.03464900,0.71500000,1
1531168200658,1531168200651,3382588,0.03464900,0.32300000,1
1531168201736,1531168201731,3382589,0.03464900,0.16800000,1
1531168203783,1531168203777,3382590,0.03464900,1.62100000,1
1531168205792,1531168205787,3382591,0.03463100,7.60000000,1
1531168207780,1531168207773,3382592,0.03460800,0.10000000,1
1531168208789,1531168208783,3382593,0.03460100,5.18000000,1
1531168211468,1531168211462,3382594,0.03459100,0.08700000,1
1531168211697,1531168211695,3382595,0.03459100,0.09600000,1
1531168213372,1531168213366,3382596,0.03456700,0.01600000,1
1531168215166,1531168215166,3382597,0.03456700,0.00500000,1
1531168219074,1531168219067,3382598,0.03464500,0.03300000,0
1531168225080,1531168225074,3382599,0.03456800,1.15700000,1
1531168244912,1531168244905,3382600,0.03457000,0.76600000,1
1531168252037,1531168252036,3382601,0.03463500,0.28400000,0
1531168252037,1531168252036,3382602,0.03463600,0.00500000,0
1531168259254,1531168259252,3382603,0.03463600,0.16900000,0
1531168266082,1531168266075,3382604,0.03467800,0.28800000,0
1531168280163,1531168280158,3382605,0.03467100,0.03400000,0
1531168285381,1531168285376,3382606,0.03467100,0.65600000,0
1531168285937,1531168285932,3382607,0.03467100,0.03300000,1
1531168294877,1531168294874,3382608,0.03467200,0.03900000,0
1531168301483,1531168301480,3382609,0.03463200,2.22200000,0
1531168301499,1531168301494,3382610,0.03459400,0.22000000,1
1531168301518,1531168301512,3382611,0.03459400,1.33800000,1
1531168301968,1531168301962,3382612,0.03467000,2.43400000,0
1531168301968,1531168301962,3382613,0.03467100,0.35400000,0
1531168301968,1531168301962,3382614,0.03467300,2.61000000,0
1531168301968,1531168301962,3382615,0.03469200,0.04100000,0
1531168301968,1531168301962,3382616,0.03472900,0.20800000,0
1531168316943,1531168316937,3382617,0.03460400,0.03700000,1
1531168405475,1531168405473,3382618,0.03468300,1.90500000,0
1531168405493,1531168405488,3382619,0.03468300,1.82000000,0
1531168456887,1531168456881,3382620,0.03466500,1.32500000,0
1531168456906,1531168456900,3382621,0.03462500,1.40300000,1
1531168456931,1531168456925,3382622,0.03462500,1.00400000,1
1531168479286,1531168479282,3382623,0.03462500,0.01300000,1
1531168539045,1531168539038,3382624,0.03462900,0.07500000,1
1531168563870,1531168563864,3382625,0.03463600,0.20900000,1
1531168563870,1531168563864,3382626,0.03463500,2.46300000,1
1531168578709,1531168578703,3382627,0.03463500,0.20900000,1
1531168584948,1531168584942,3382628,0.03466200,4.42800000,0
1531168584960,1531168584955,3382629,0.03462600,2.16900000,1
1531168604930,1531168604925,3382630,0.03462600,2.28200000,1
1531168616517,1531168616510,3382631,0.03462500,0.03500000,1
1531168616517,1531168616510,3382632,0.03460500,0.15300000,1
1531168616517,1531168616510,3382633,0.03460400,0.87900000,1
1531168644791,1531168644785,3382634,0.03460600,1.87500000,1
1531168644810,1531168644805,3382635,0.03460600,1.20300000,1
1531168684954,1531168684949,3382636,0.03460700,0.72400000,1
1531168684974,1531168684970,3382637,0.03460700,1.74500000,1
1531168743420,1531168743414,3382638,0.03464200,5.49800000,0
1531168743434,1531168743428,3382639,0.03460700,0.02900000,1
1531168743454,1531168743448,3382640,0.03460700,2.89500000,1
1531168775761,1531168775755,3382641,0.03460700,0.83000000,0
1531168781891,1531168781885,3382642,0.03467400,0.23700000,0
1531168787098,1531168787093,3382643,0.03460700,2.34600000,1
1531168787118,1531168787112,3382644,0.03460700,0.78300000,1
1531168806773,1531168806768,3382645,0.03460600,1.52100000,1
1531168807590,1531168807557,3382646,0.03466700,0.08500000,0
1531168896877,1531168896875,3382647,0.03460500,0.08600000,1
1531168896877,1531168896875,3382648,0.03460400,0.71600000,1
1531168925729,1531168925723,3382649,0.03464500,0.82000000,0
1531168925740,1531168925735,3382650,0.03460500,0.82600000,1
1531168925766,1531168925759,3382651,0.03460500,0.70500000,1
1531168945821,1531168945817,3382652,0.03464100,1.45800000,0
1531168945836,1531168945831,3382653,0.03460500,0.50400000,1
1531168949540,1531168949533,3382654,0.03467600,1.72800000,0
1531168983010,1531168983008,3382655,0.03460400,0.08600000,1
1531168986859,1531168986857,3382656,0.03460500,0.65500000,0
1531168990876,1531168990870,3382657,0.03459200,0.28500000,1
1531168991804,1531168991799,3382658,0.03459100,0.04300000,1
1531168993949,1531168993946,3382659,0.03458000,2.95800000,1
1531169001433,1531169001426,3382660,0.03466600,1.73500000,0
1531169001433,1531169001426,3382661,0.03466700,5.69700000,0
1531169001433,1531169001426,3382662,0.03466800,35.92000000,0
1531169012807,1531169012801,3382663,0.03458100,2.78200000,1
1531169045249,1531169045247,3382664,0.03463100,0.66700000,0
1531169045261,1531169045256,3382665,0.03458400,0.64300000,1
1531169058900,1531169058896,3382666,0.03467300,0.28500000,0
1531169058900,1531169058896,3382667,0.03467400,1.44400000,0
1531169147671,1531169147665,3382668,0.03467100,0.28800000,0
1531169148966,1531169148960,3382669,0.03467100,0.28800000,0
1531169175812,1531169175810,3382670,0.03467100,0.14500000,1
1531169175813,1531169175810,3382671,0.03467100,0.27200000,1
1531169176566,1531169176560,3382672,0.03459700,0.21300000,1
1531169183564,1531169183556,3382673,0.03466800,0.21000000,0
1531169183564,1531169183556,3382674,0.03467100,0.14500000,0
1531169183564,1531169183556,3382675,0.03467400,0.03900000,0
1531169183564,1531169183556,3382676,0.03468800,0.24700000,0
1531169183564,1531169183556,3382677,0.03469300,0.23000000,0
1531169183564,1531169183556,3382678,0.03469400,0.04300000,0
1531169183564,1531169183556,3382679,0.03470600,0.14000000,0
1531169183564,1531169183556,3382680,0.03471800,0.91500000,0
1531169183564,1531169183556,3382681,0.03471900,0.63600000,0
1531169183564,1531169183556,3382682,0.03472000,3.06000000,0
1531169183564,1531169183556,3382683,0.03473400,7.60000000,0
1531169183564,1531169183556,3382684,0.03474800,4.00000000,0
1531169183564,1531169183556,3382685,0.03476500,3.86900000,0
1531169192366,1531169192363,3382686,0.03460800,0.18000000,1
1531169214618,1531169214611,3382687,0.03461600,0.28500000,1
1531169214618,1531169214611,3382688,0.03461500,0.76500000,1
1531169219142,1531169219140,3382689,0.03461500,0.01600000,1
1531169231091,1531169231088,3382690,0.03468000,0.10300000,0
1531169231091,1531169231088,3382691,0.03469000,2.72400000,0
1531169279670,1531169279665,3382692,0.03469700,0.28400000,0
1531169290681,1531169290673,3382693,0.03463000,0.01600000,1
1531169319749,1531169319742,3382694,0.03463900,0.09900000,1
1531169325521,1531169325515,3382695,0.03464300,0.01300000,1
1531169349890,1531169349884,3382696,0.03465000,0.01600000,1
1531169407891,1531169407886,3382697,0.03472900,0.16800000,1
1531169440862,1531169440855,3382698,0.03473000,3.26600000,0
1531169471518,1531169471512,3382699,0.03470200,2.61600000,1
1531169522868,1531169522864,3382700,0.03477300,1.72400000,0
1531169554388,1531169554381,3382701,0.03469600,1.04500000,1
1531169559211,1531169559206,3382702,0.03477000,0.10000000,0
1531169559248,1531169559244,3382703,0.03477000,0.09400000,1
1531169559248,1531169559244,3382704,0.03477000,0.02900000,1
1531169559490,1531169559485,3382705,0.03477000,0.12300000,1
1531169559844,1531169559837,3382706,0.03477000,0.36300000,1
1531169605359,1531169605354,3382707,0.03476900,0.60900000,0
1531169647736,1531169647730,3382708,0.03471600,1.93400000,1
1531169647851,1531169647848,3382709,0.03471200,0.30900000,0
1531169663489,1531169663483,3382710,0.03471100,2.86600000,1
1531169663504,1531169663500,3382711,0.03471100,1.06200000,1
1531169684734,1531169684729,3382712,0.03471100,1.37900000,1
1531169690443,1531169690438,3382713,0.03473800,5.16800000,0
1531169690459,1531169690453,3382714,0.03471100,0.75800000,1
1531169690470,1531169690466,3382715,0.03471100,2.26600000,1
1531169715869,1531169715862,3382716,0.03471100,0.04000000,0
1531169718698,1531169718692,3382717,0.03476500,0.28300000,0
1531169746245,1531169746239,3382718,0.03471200,0.01600000,1
1531169804772,1531169804769,3382719,0.03471400,0.26700000,1
1531169817947,1531169817943,3382720,0.03471200,0.34700000,1
1531169824217,1531169824211,3382721,0.03473400,6.88300000,0
1531169824227,1531169824220,3382722,0.03470000,2.79800000,1
1531169844954,1531169844949,3382723,0.03470000,0.76300000,1
1531169844964,1531169844961,3382724,0.03470000,2.87000000,1
1531169853287,1531169853282,3382725,0.03476400,0.28400000,0
1531169853287,1531169853282,3382726,0.03476500,0.95900000,0
1531169899945,1531169899939,3382727,0.03476500,0.07800000,0
1531169899945,1531169899939,3382728,0.03476900,0.00100000,0
1531169899945,1531169899939,3382729,0.03477300,0.37800000,0
1531169899945,1531169899939,3382730,0.03477400,0.04300000,0
1531169920215,1531169920209,3382731,0.03470700,0.16700000,1
1531169949884,1531169949878,3382732,0.03470000,0.04400000,1
1531169990861,1531169990857,3382733,0.03470500,2.56800000,1
1531170003877,1531170003873,3382734,0.03470500,0.28800000,0
1531170011602,1531170011596,3382735,0.03477000,0.10000000,0
1531170012023,1531170012021,3382736,0.03477000,0.98800000,1
1531170015683,1531170015677,3382737,0.03470100,2.23300000,1
1531170017194,1531170017191,3382738,0.03477300,0.02300000,0
1531170057904,1531170057897,3382739,0.03477400,0.05600000,0
1531170066298,1531170066293,3382740,0.03477400,0.28700000,0
1531170152897,1531170152891,3382741,0.03477400,0.28700000,0
1531170176869,1531170176864,3382742,0.03474800,0.27400000,0
1531170213406,1531170213402,3382743,0.03478100,0.05000000,0
1531170213406,1531170213402,3382744,0.03478200,0.28800000,0
1531170213406,1531170213402,3382745,0.03479700,0.50000000,0
1531170217244,1531170217239,3382746,0.03479600,0.00700000,0
1531170253450,1531170253447,3382747,0.03472700,0.24500000,1
1531170254685,1531170254679,3382748,0.03472800,0.01600000,1
1531170255276,1531170255270,3382749,0.03479800,0.04300000,0
1531170255878,1531170255872,3382750,0.03479900,0.07400000,1
1531170273905,1531170273900,3382751,0.03481900,0.02800000,0
1531170461162,1531170461157,3382752,0.03481800,0.16800000,0
1531170475656,1531170475651,3382753,0.03473500,0.01300000,1
1531170511620,1531170511615,3382754,0.03473500,0.08800000,1
1531170536563,1531170536558,3382755,0.03481600,0.00200000,0
1531170626305,1531170626300,3382756,0.03473800,0.05100000,1
1531170712304,1531170712299,3382757,0.03480500,1.74900000,0
1531170726814,1531170726809,3382758,0.03477100,5.46900000,0
1531170726822,1531170726817,3382759,0.03473800,2.73300000,1
1531170780813,1531170780808,3382760,0.03474900,0.01200000,1
1531170795633,1531170795631,3382761,0.03473800,0.06000000,1
1531170819624,1531170819617,3382762,0.03480500,0.27400000,0
1531170819624,1531170819617,3382763,0.03481600,0.03300000,0
1531170819624,1531170819617,3382764,0.03482000,2.66200000,0
1531170819624,1531170819617,3382765,0.03482300,0.04400000,0
1531170819624,1531170819617,3382766,0.03484200,0.02900000,0
1531170819624,1531170819617,3382767,0.03484600,0.10000000,0
1531170819624,1531170819617,3382768,0.03484900,0.33900000,0
1531170819624,1531170819617,3382769,0.03485200,0.28000000,0
1531170819624,1531170819617,3382770,0.03485500,1.58000000,0
1531170819624,1531170819617,3382771,0.03486500,0.08800000,0
1531170819624,1531170819617,3382772,0.03486800,0.25900000,0
1531170819624,1531170819617,3382773,0.03487000,1.72100000,0
1531170842633,1531170842629,3382774,0.03481500,0.05900000,0
1531170844218,1531170844213,3382775,0.03477500,0.03200000,0
1531170844233,1531170844226,3382776,0.03473600,0.02900000,1
1531170925907,1531170925900,3382777,0.03475200,0.09300000,1
1531170944438,1531170944434,3382778,0.03475800,0.01600000,1
1531170957876,1531170957870,3382779,0.03478700,1.43500000,0
1531170957890,1531170957885,3382780,0.03475900,1.97700000,1
1531170957914,1531170957909,3382781,0.03475900,0.95500000,1
1531170967447,1531170967441,3382782,0.03481500,0.30900000,0
1531170985332,1531170985326,3382783,0.03478100,0.20400000,0
1531170985344,1531170985339,3382784,0.03474700,0.11600000,1
1531170994377,1531170994372,3382785,0.03481500,0.05800000,0
1531171025091,1531171025088,3382786,0.03474600,0.03000000,1
1531171170491,1531171170485,3382787,0.03481500,0.02800000,0
1531171233588,1531171233585,3382788,0.03478400,5.19400000,0
1531171233605,1531171233600,3382789,0.03475300,1.27200000,1
1531171233623,1531171233618,3382790,0.03475300,1.95300000,1
1531171254163,1531171254158,3382791,0.03475900,0.17600000,1
1531171254163,1531171254158,3382792,0.03475800,0.81300000,1
1531171265361,1531171265356,3382793,0.03476100,0.29200000,1
1531171265377,1531171265371,3382794,0.03476100,1.11200000,1
1531171298859,1531171298854,3382795,0.03481500,0.02100000,0
1531171299757,1531171299753,3382796,0.03481500,0.07500000,1
1531171300401,1531171300396,3382797,0.03481600,0.30000000,1
1531171301041,1531171301037,3382798,0.03481600,3.62900000,1
1531171301635,1531171301630,3382799,0.03481500,0.01100000,1
1531171301707,1531171301700,3382800,0.03481500,0.01500000,1
1531171302980,1531171302976,3382801,0.03481500,0.12800000,1
1531171322725,1531171322719,3382802,0.03477300,0.06700000,1
1531171325518,1531171325513,3382803,0.03477200,0.01600000,1
1531171332512,1531171332507,3382804,0.03477200,0.57600000,1
1531171349250,1531171349244,3382805,0.03477300,0.14400000,0
1531171371530,1531171371524,3382806,0.03475100,0.04400000,1
1531171383543,1531171383540,3382807,0.03475900,0.14400000,1
1531171406586,1531171406581,3382808,0.03477100,0.03200000,1
1531171439664,1531171439658,3382809,0.03477400,0.01600000,1
1531171441129,1531171441117,3382810,0.03483000,1.72700000,0
1531171442128,1531171442122,3382811,0.03482900,0.06700000,0
1531171442128,1531171442122,3382812,0.03483000,0.69000000,0
1531171443249,1531171443247,3382813,0.03483000,0.07300000,0
1531171462679,1531171462676,3382814,0.03478100,1.16500000,1
1531171462690,1531171462685,3382815,0.03478100,2.61600000,1
1531171484800,1531171484797,3382816,0.03480500,3.01200000,0
1531171484820,1531171484814,3382817,0.03478100,1.01000000,1
1531171505047,1531171505042,3382818,0.03480500,4.19200000,0
1531171505059,1531171505054,3382819,0.03478100,2.05600000,1
1531171511041,1531171511036,3382820,0.03482900,0.16800000,1
1531171524540,1531171524536,3382821,0.03478400,0.46800000,1
1531171524551,1531171524546,3382822,0.03478400,2.25800000,1
1531171545310,1531171545304,3382823,0.03478100,0.05700000,1
1531171549283,1531171549279,3382824,0.03482900,2.92800000,0
1531171549293,1531171549289,3382825,0.03478100,2.51200000,1
1531171549311,1531171549306,3382826,0.03478100,0.95900000,1
1531171549326,1531171549322,3382827,0.03478100,0.05700000,0
1531171567876,1531171567870,3382828,0.03487600,0.05700000,0
1531171567876,1531171567870,3382829,0.03487700,0.28300000,0
1531171567876,1531171567870,3382830,0.03487800,2.66000000,0
1531171583306,1531171583301,3382831,0.03483900,2.69700000,0
1531171583316,1531171583312,3382832,0.03480200,2.01200000,1
1531171590383,1531171590379,3382833,0.03487700,0.03200000,0
1531171634627,1531171634621,3382834,0.03487700,0.86900000,0
1531171643463,1531171643460,3382835,0.03484000,4.46900000,0
1531171643475,1531171643471,3382836,0.03480200,1.58400000,1
1531171647291,1531171647285,3382837,0.03480500,0.20000000,1
1531171652189,1531171652183,3382838,0.03482000,0.14000000,1
1531171710673,1531171710667,3382839,0.03482000,0.01300000,1
1531171716023,1531171716017,3382840,0.03482000,0.13400000,1
1531171716023,1531171716017,3382841,0.03475400,1.12600000,1
1531171732312,1531171732308,3382842,0.03476100,0.19800000,1
1531171732312,1531171732308,3382843,0.03476000,1.14500000,1
1531171733060,1531171733056,3382844,0.03475900,1.16000000,0
1531171734759,1531171734753,3382845,0.03487300,0.19800000,0
1531171734759,1531171734753,3382846,0.03487400,0.52200000,0
1531171801450,1531171801445,3382847,0.03477600,2.77400000,1
1531171854987,1531171854983,3382848,0.03486400,0.10000000,0
1531171854987,1531171854983,3382849,0.03486500,2.20000000,0
1531171854987,1531171854983,3382850,0.03486600,0.28300000,0
1531171854987,1531171854983,3382851,0.03487400,1.91400000,0
1531171883890,1531171883885,3382852,0.03479000,0.93700000,1
1531171883901,1531171883897,3382853,0.03479000,0.81000000,1
1531171936436,1531171936431,3382854,0.03479800,1.35600000,1
1531171964032,1531171964028,3382855,0.03482800,3.18000000,0
1531171964040,1531171964036,3382856,0.03478700,1.27200000,1
1531172005406,1531172005401,3382857,0.03483100,0.20200000,0
1531172005418,1531172005414,3382858,0.03479300,0.14300000,1
1531172024544,1531172024539,3382859,0.03479500,1.93300000,1
1531172033785,1531172033781,3382860,0.03479400,0.01600000,1
1531172064350,1531172064346,3382861,0.03482700,6.06800000,0
1531172064356,1531172064355,3382862,0.03478300,0.02900000,1
1531172064367,1531172064362,3382863,0.03478300,2.10800000,1
1531172125081,1531172125078,3382864,0.03482700,6.89200000,0
1531172125088,1531172125084,3382865,0.03479100,1.55800000,1
1531172125105,1531172125102,3382866,0.03479100,2.57200000,1
1531172142630,1531172142626,3382867,0.03479000,0.01600000,1
1531172160935,1531172160930,3382868,0.03479200,0.14300000,1
1531172163810,1531172163806,3382869,0.03479200,0.41000000,1
1531172163825,1531172163821,3382870,0.03479200,0.75300000,1
1531172178982,1531172178979,3382871,0.03479200,0.14200000,0
1531172201294,1531172201289,3382872,0.03479400,0.02800000,1
1531172203505,1531172203501,3382873,0.03482600,6.01400000,0
1531172203519,1531172203515,3382874,0.03479400,2.50000000,1
1531172211177,1531172211173,3382875,0.03479400,0.02800000,0
1531172229895,1531172229893,3382876,0.03479600,0.30000000,1
1531172233730,1531172233726,3382877,0.03479400,0.10200000,1
1531172233730,1531172233726,3382878,0.03478300,0.03200000,1
1531172233730,1531172233726,3382879,0.03478000,0.10000000,1
1531172234116,1531172234111,3382880,0.03476100,0.06600000,0
1531172283893,1531172283889,3382881,0.03480000,4.29500000,0
1531172283907,1531172283903,3382882,0.03475800,2.02400000,1
1531172308646,1531172308641,3382883,0.03484000,0.00200000,0
1531172364575,1531172364571,3382884,0.03478400,0.69900000,0
1531172364590,1531172364586,3382885,0.03474100,1.96300000,1
1531172364609,1531172364604,3382886,0.03474100,0.57100000,1
1531172386881,1531172386876,3382887,0.03473800,0.61500000,1
1531172412164,1531172412159,3382888,0.03477100,4.58400000,0
1531172412176,1531172412172,3382889,0.03473700,1.19700000,1
1531172412191,1531172412187,3382890,0.03473700,2.33800000,1
1531172468486,1531172468481,3382891,0.03474700,0.33200000,1
1531172468628,1531172468624,3382892,0.03474600,1.03000000,1
1531172472635,1531172472630,3382893,0.03474700,2.42200000,1
1531172472635,1531172472630,3382894,0.03474600,0.00800000,1
1531172489061,1531172489057,3382895,0.03480600,0.03500000,0
1531172537264,1531172537261,3382896,0.03478200,0.01300000,1
1531172538166,1531172538164,3382897,0.03478200,0.01300000,1
1531172545586,1531172545581,3382898,0.03479400,3.33500000,0
1531172545597,1531172545593,3382899,0.03478300,1.29200000,1
1531172584935,1531172584934,3382900,0.03478300,0.01600000,1
1531172586894,1531172586891,3382901,0.03478200,0.01600000,1
1531172609758,1531172609755,3382902,0.03482800,1.34100000,0
1531172609780,1531172609775,3382903,0.03478400,0.72700000,1
1531172643921,1531172643916,3382904,0.03478400,2.44700000,1
1531172704389,1531172704385,3382905,0.03478200,1.84400000,1
1531172709642,1531172709638,3382906,0.03486400,0.02800000,0
1531172745234,1531172745232,3382907,0.03481400,4.57700000,0
1531172745249,1531172745245,3382908,0.03477500,2.01200000,1
1531172745249,1531172745245,3382909,0.03477400,0.10800000,1
1531172764187,1531172764183,3382910,0.03476300,1.67700000,1
1531172783694,1531172783690,3382911,0.03480100,2.69600000,0
1531172783711,1531172783707,3382912,0.03475800,2.03200000,1
1531172783740,1531172783737,3382913,0.03475800,1.58600000,1
1531172824269,1531172824266,3382914,0.03479500,2.40300000,0
1531172824276,1531172824273,3382915,0.03475500,1.82000000,1
1531172839541,1531172839538,3382916,0.03475500,0.38200000,1
1531172863659,1531172863655,3382917,0.03478600,2.57200000,0
1531172863674,1531172863670,3382918,0.03474800,1.01300000,1
1531172863674,1531172863670,3382919,0.03474500,0.05900000,1
1531172918018,1531172918015,3382920,0.03484600,0.25500000,0
1531172918018,1531172918015,3382921,0.03484700,0.03100000,0
1531172927145,1531172927141,3382922,0.03475000,0.19100000,1
1531172927145,1531172927141,3382923,0.03474900,0.68700000,1
1531172927145,1531172927141,3382924,0.03474800,0.28300000,1
1531172927145,1531172927141,3382925,0.03473700,0.68300000,1
1531172927145,1531172927141,3382926,0.03473600,3.50800000,1
1531172943728,1531172943725,3382927,0.03473700,0.98500000,1
1531172943746,1531172943742,3382928,0.03473700,1.10200000,1
1531172958023,1531172958019,3382929,0.03477000,1.84500000,0
1531172958045,1531172958041,3382930,0.03473700,1.31800000,1
1531172959877,1531172959874,3382931,0.03473600,0.04000000,1
1531172985148,1531172985144,3382932,0.03476500,1.97400000,0
1531172985155,1531172985152,3382933,0.03473700,1.89900000,1
1531173011974,1531173011973,3382934,0.03473700,0.98800000,1
1531173024228,1531173024225,3382935,0.03475900,3.90800000,0
1531173024239,1531173024235,3382936,0.03473700,0.33100000,1
1531173024251,1531173024249,3382937,0.03473700,2.64100000,1
1531173037214,1531173037211,3382938,0.03473700,1.25200000,1
1531173044171,1531173044168,3382939,0.03475900,2.27600000,0
1531173044185,1531173044181,3382940,0.03473700,1.07400000,1
1531173083868,1531173083866,3382941,0.03475900,2.09800000,0
1531173083881,1531173083878,3382942,0.03473700,1.50600000,1
1531173083904,1531173083900,3382943,0.03473700,1.21900000,1
1531173090401,1531173090398,3382944,0.03473600,0.50900000,1
1531173105309,1531173105306,3382945,0.03479900,0.02000000,0
1531173110612,1531173110608,3382946,0.03473700,2.99900000,1
1531173110631,1531173110628,3382947,0.03473700,2.54800000,1
1531173123863,1531173123860,3382948,0.03473700,1.07200000,1
1531173131767,1531173131763,3382949,0.03476200,5.07800000,0
1531173131775,1531173131772,3382950,0.03473700,2.01200000,1
1531173131796,1531173131791,3382951,0.03473700,2.15300000,1
1531173164425,1531173164421,3382952,0.03473700,2.77800000,1
1531173189040,1531173189036,3382953,0.03477900,2.18800000,0
1531173189059,1531173189056,3382954,0.03473800,1.15100000,1
1531173214339,1531173214335,3382955,0.03479600,0.26300000,0
1531173214339,1531173214335,3382956,0.03479700,0.18300000,0
1531173223545,1531173223542,3382957,0.03473900,1.01000000,1
1531173224098,1531173224094,3382958,0.03473900,1.45300000,1
1531173224356,1531173224354,3382959,0.03473900,0.28300000,0
1531173229261,1531173229258,3382960,0.03473900,0.72700000,0
1531173229699,1531173229696,3382961,0.03473800,0.01600000,1
1531173230564,1531173230560,3382962,0.03476700,2.27400000,0
1531173230579,1531173230575,3382963,0.03473800,0.05900000,1
1531173230597,1531173230594,3382964,0.03473800,2.25900000,1
1531173245422,1531173245418,3382965,0.03473800,0.01500000,0
1531173250562,1531173250558,3382966,0.03473800,0.00800000,1
1531173265159,1531173265156,3382967,0.03473900,0.88300000,1
1531173265182,1531173265178,3382968,0.03473800,2.25100000,1
1531173284084,1531173284080,3382969,0.03473800,0.02300000,0
1531173305190,1531173305187,3382970,0.03473900,2.60400000,1
1531173305215,1531173305211,3382971,0.03473800,2.25100000,1
1531173322117,1531173322114,3382972,0.03473800,0.02300000,0
1531173322117,1531173322114,3382973,0.03480600,0.00500000,0
1531173345809,1531173345807,3382974,0.03477200,0.77600000,0
1531173345819,1531173345815,3382975,0.03473800,2.58000000,1
1531173345836,1531173345832,3382976,0.03473800,0.40100000,1
1531173354945,1531173354942,3382977,0.03477200,1.00300000,0
1531173354955,1531173354951,3382978,0.03473800,0.68700000,1
1531173384137,1531173384135,3382979,0.03477200,0.29300000,0
1531173384151,1531173384147,3382980,0.03473800,0.22000000,1
1531173399605,1531173399601,3382981,0.03473700,0.01300000,1
1531173411883,1531173411880,3382982,0.03473800,0.72600000,1
1531173444295,1531173444292,3382983,0.03473800,2.88300000,1
1531173444319,1531173444316,3382984,0.03473800,0.92500000,1
1531173445959,1531173445955,3382985,0.03482300,1.00000000,0
1531173477770,1531173477767,3382986,0.03473700,0.26000000,1
1531173523530,1531173523528,3382987,0.03474000,0.13100000,1
1531173558776,1531173558772,3382988,0.03474100,1.21500000,1
1531173585212,1531173585208,3382989,0.03474100,2.13700000,1
1531173585237,1531173585233,3382990,0.03474100,0.85100000,1
1531173598591,1531173598589,3382991,0.03477900,0.07000000,0
1531173612578,1531173612574,3382992,0.03474100,1.51600000,1
1531173612605,1531173612602,3382993,0.03474100,2.26600000,1
1531173614888,1531173614884,3382994,0.03474000,0.15600000,1
1531173614888,1531173614884,3382995,0.03473700,0.53700000,1
1531173614888,1531173614884,3382996,0.03473600,0.53400000,1
1531173618225,1531173618222,3382997,0.03477900,0.05200000,0
1531173629279,1531173629275,3382998,0.03477000,0.81000000,0
1531173644067,1531173644063,3382999,0.03473700,2.48300000,1
1531173644084,1531173644082,3383000,0.03473700,2.38700000,1
1531173665342,1531173665340,3383001,0.03473700,0.44500000,1
1531173665362,1531173665359,3383002,0.03473700,0.58300000,1
1531173677867,1531173677863,3383003,0.03473600,0.18300000,1
1531173685128,1531173685126,3383004,0.03475300,2.56200000,0
1531173685136,1531173685132,3383005,0.03473700,1.68500000,1
1531173698164,1531173698161,3383006,0.03477000,0.30300000,0
1531173698893,1531173698890,3383007,0.03473700,1.77200000,1
1531173698913,1531173698909,3383008,0.03473700,0.13200000,1
1531173708599,1531173708596,3383009,0.03477000,0.77200000,0
1531173708599,1531173708596,3383010,0.03477900,0.09000000,0
1531173724046,1531173724043,3383011,0.03475800,2.57000000,0
1531173724055,1531173724052,3383012,0.03473700,2.00800000,1
1531173724077,1531173724075,3383013,0.03473700,1.04400000,1
1531173770342,1531173770340,3383014,0.03473700,0.00400000,1
1531173770432,1531173770428,3383015,0.03473700,0.00400000,1
1531173770466,1531173770462,3383016,0.03473700,0.00400000,1
1531173770553,1531173770551,3383017,0.03473700,0.00400000,1
1531173786922,1531173786918,3383018,0.03473900,0.00400000,1
1531173794440,1531173794437,3383019,0.03473700,2.04800000,1
1531173884829,1531173884826,3383020,0.03476200,3.87200000,0
1531173884839,1531173884836,3383021,0.03474600,1.57400000,1
1531173889559,1531173889557,3383022,0.03477900,1.28900000,0
1531173900704,1531173900702,3383023,0.03475200,0.01600000,1
1531173965108,1531173965104,3383024,0.03480600,0.03300000,0
1531173980615,1531173980612,3383025,0.03485000,0.07000000,0
1531174002487,1531174002484,3383026,0.03485200,0.00200000,0
1531174013912,1531174013910,3383027,0.03478100,2.02000000,1
1531174013935,1531174013932,3383028,0.03478100,2.82200000,1
1531174020748,1531174020745,3383029,0.03478700,0.00100000,1
1531174043470,1531174043466,3383030,0.03479500,1.93200000,0
1531174043485,1531174043482,3383031,0.03479100,0.81200000,1
1531174043507,1531174043503,3383032,0.03479100,1.06200000,1
1531174070091,1531174070089,3383033,0.03480000,0.66100000,0
1531174083822,1531174083818,3383034,0.03482600,4.61000000,0
1531174083838,1531174083835,3383035,0.03480600,2.30600000,1
1531174092651,1531174092640,3383036,0.03480600,1.97500000,1
1531174102261,1531174102257,3383037,0.03480700,1.00000000,1
1531174102261,1531174102257,3383038,0.03480500,0.49000000,1
1531174102261,1531174102257,3383039,0.03479900,1.00000000,1
1531174102261,1531174102257,3383040,0.03479500,1.00000000,1
1531174102261,1531174102257,3383041,0.03479000,1.00000000,1
1531174102261,1531174102257,3383042,0.03478000,1.00000000,1
1531174102261,1531174102257,3383043,0.03477300,1.00000000,1
1531174102261,1531174102257,3383044,0.03477100,1.00000000,1
1531174102261,1531174102257,3383045,0.03476700,1.00000000,1
1531174102261,1531174102257,3383046,0.03476200,1.00000000,1
1531174102261,1531174102257,3383047,0.03476100,1.00000000,1
1531174102261,1531174102257,3383048,0.03475900,1.00000000,1
1531174102261,1531174102257,3383049,0.03475500,1.00000000,1
1531174102261,1531174102257,3383050,0.03475300,3.00000000,1
1531174102261,1531174102257,3383051,0.03474400,3.00000000,1
1531174102261,1531174102257,3383052,0.03473900,0.23000000,1
1531174102261,1531174102257,3383053,0.03473700,0.80100000,1
1531174102261,1531174102257,3383054,0.03473600,0.47900000,1
1531174142824,1531174142822,3383055,0.03484300,0.18900000,0
1531174142824,1531174142822,3383056,0.03484400,0.09800000,0
1531174189439,1531174189436,3383057,0.03476600,1.90300000,1
1531174221506,1531174221503,3383058,0.03477600,0.74000000,1
1531174222209,1531174222207,3383059,0.03477600,0.53000000,1
1531174224448,1531174224446,3383060,0.03481400,2.37200000,0
1531174224462,1531174224460,3383061,0.03477600,0.07800000,1
1531174233712,1531174233710,3383062,0.03477600,0.62200000,0
1531174245742,1531174245740,3383063,0.03475900,1.47300000,0
1531174245752,1531174245748,3383064,0.03474200,2.67700000,1
1531174245769,1531174245767,3383065,0.03474200,0.92200000,1
1531174245789,1531174245787,3383066,0.03477600,0.64800000,0
1531174256739,1531174256737,3383067,0.03484200,1.00000000,0
1531174263940,1531174263938,3383068,0.03481500,1.45300000,0
1531174263952,1531174263950,3383069,0.03477800,1.63700000,1
1531174263965,1531174263963,3383070,0.03477800,0.85300000,1
1531174264593,1531174264590,3383071,0.03474300,0.14000000,0
1531174272902,1531174272900,3383072,0.03478100,0.17000000,1
1531174278246,1531174278242,3383073,0.03484300,0.03200000,0
1531174280362,1531174280360,3383074,0.03474600,0.69000000,1
1531174323226,1531174323225,3383075,0.03482800,0.03200000,0
1531174324448,1531174324446,3383076,0.03479500,0.51800000,0
1531174324466,1531174324463,3383077,0.03476300,0.34800000,1
1531174345969,1531174345965,3383078,0.03477700,0.82000000,1
1531174348086,1531174348084,3383079,0.03477700,0.28800000,1
1531174353079,1531174353076,3383080,0.03477900,0.28800000,1
1531174377462,1531174377460,3383081,0.03484500,0.10700000,0
1531174377462,1531174377460,3383082,0.03485000,0.23400000,0
1531174404361,1531174404358,3383083,0.03481400,0.70200000,0
1531174404373,1531174404371,3383084,0.03478500,0.51100000,1
1531174404388,1531174404386,3383085,0.03478500,0.42100000,1
1531174426664,1531174426661,3383086,0.03485000,0.28700000,0
1531174428838,1531174428836,3383087,0.03478600,0.08000000,1
1531174456874,1531174456870,3383088,0.03479700,0.28500000,1
1531174461730,1531174461729,3383089,0.03484900,0.45900000,1
1531174464334,1531174464331,3383090,0.03479700,1.34600000,1
1531174475938,1531174475935,3383091,0.03478500,0.01600000,1
1531174478766,1531174478763,3383092,0.03478500,0.01300000,1
1531174478766,1531174478763,3383093,0.03474500,0.02600000,1
1531174479662,1531174479660,3383094,0.03483700,0.02800000,0
1531174522719,1531174522718,3383095,0.03483000,0.08400000,0
1531174523429,1531174523427,3383096,0.03483000,0.07000000,0
1531174563988,1531174563987,3383097,0.03484800,0.74700000,0
1531174593797,1531174593793,3383098,0.03477000,0.55500000,1
1531174593797,1531174593793,3383099,0.03476500,0.23200000,1
1531174593797,1531174593793,3383100,0.03476200,0.55500000,1
1531174593797,1531174593793,3383101,0.03474000,2.65400000,1
1531174625909,1531174625906,3383102,0.03478600,0.55600000,1
1531174625930,1531174625927,3383103,0.03478600,1.84000000,1
1531174633313,1531174633309,3383104,0.03483600,0.11300000,0
1531174658598,1531174658594,3383105,0.03486200,1.46700000,0
1531174744357,1531174744355,3383106,0.03482400,3.90300000,0
1531174744375,1531174744372,3383107,0.03478700,2.43900000,1
1531174749472,1531174749470,3383108,0.03482500,4.62900000,0
1531174749486,1531174749483,3383109,0.03478900,2.29000000,1
1531174751609,1531174751607,3383110,0.03479100,0.01300000,1
1531174803837,1531174803835,3383111,0.03480500,2.86200000,1
1531174844372,1531174844370,3383112,0.03480600,0.91900000,1
1531174844394,1531174844392,3383113,0.03480600,2.03200000,1
1531174852724,1531174852722,3383114,0.03486100,0.15500000,0
1531174883750,1531174883749,3383115,0.03480600,1.39300000,1
1531174883770,1531174883769,3383116,0.03480600,2.45900000,1
1531174890668,1531174890667,3383117,0.03486100,0.17500000,0
1531174964399,1531174964398,3383118,0.03486100,0.04700000,0
1531174983835,1531174983832,3383119,0.03480600,1.96300000,1
1531174983857,1531174983856,3383120,0.03480600,1.76600000,1
1531175023962,1531175023960,3383121,0.03483300,2.58300000,0
1531175023971,1531175023970,3383122,0.03480600,2.60000000,1
1531175023984,1531175023982,3383123,0.03480600,1.95700000,1
1531175055650,1531175055646,3383124,0.03480500,0.03900000,1
1531175055650,1531175055646,3383125,0.03476700,0.28500000,1
1531175055650,1531175055646,3383126,0.03476600,2.68900000,1
1531175055650,1531175055646,3383127,0.03475700,4.00000000,1
1531175055650,1531175055646,3383128,0.03474000,5.69100000,1
1531175128767,1531175128765,3383129,0.03484100,0.28300000,0
1531175132000,1531175131997,3383130,0.03484200,0.06700000,0
1531175201178,1531175201176,3383131,0.03486200,0.37800000,0
1531175201178,1531175201176,3383132,0.03487000,0.78000000,0
1531175201949,1531175201946,3383133,0.03487000,0.73100000,0
1531175204712,1531175204710,3383134,0.03487100,0.12000000,0
1531175210184,1531175210182,3383135,0.03487100,0.17600000,0
1531175212414,1531175212413,3383136,0.03487100,0.07000000,0
1531175214236,1531175214233,3383137,0.03480200,0.01600000,1
1531175214757,1531175214756,3383138,0.03487100,0.28600000,0
1531175225698,1531175225695,3383139,0.03475800,0.76800000,1
1531175225698,1531175225695,3383140,0.03475700,1.57800000,1
1531175225698,1531175225695,3383141,0.03475400,0.15000000,1
1531175225698,1531175225695,3383142,0.03475000,8.00000000,1
1531175225698,1531175225695,3383143,0.03474000,12.48100000,1
1531175232738,1531175232737,3383144,0.03486600,0.03800000,0
1531175242402,1531175242400,3383145,0.03486300,0.07200000,0
1531175245410,1531175245408,3383146,0.03476100,0.86600000,1
1531175250777,1531175250774,3383147,0.03486000,0.02900000,0
1531175264359,1531175264358,3383148,0.03476200,2.63700000,1
1531175273744,1531175273742,3383149,0.03476100,1.06300000,1
1531175273744,1531175273742,3383150,0.03474000,3.93200000,1
1531175279206,1531175279204,3383151,0.03484500,0.48600000,0
1531175279206,1531175279204,3383152,0.03484600,2.68400000,0
1531175281183,1531175281182,3383153,0.03484800,0.10000000,0
1531175281183,1531175281182,3383154,0.03485200,0.06500000,0
1531175281183,1531175281182,3383155,0.03485900,0.32100000,0
1531175282848,1531175282847,3383156,0.03485900,1.04600000,0
1531175283250,1531175283248,3383157,0.03485900,1.04600000,0
1531175283550,1531175283548,3383158,0.03485800,1.04600000,0
1531175283847,1531175283844,3383159,0.03485800,1.04600000,0
1531175284556,1531175284553,3383160,0.03485900,1.04600000,0
1531175293188,1531175293185,3383161,0.03485600,0.10000000,0
1531175293188,1531175293185,3383162,0.03485900,1.18800000,0
1531175301927,1531175301924,3383163,0.03485900,4.35800000,0
1531175302284,1531175302280,3383164,0.03485900,1.98400000,0
1531175324345,1531175324344,3383165,0.03481200,0.02900000,1
1531175342354,1531175342353,3383166,0.03481500,0.01300000,1
1531175342852,1531175342851,3383167,0.03481500,2.58500000,0
1531175343441,1531175343438,3383168,0.03481500,8.27500000,0
1531175343582,1531175343581,3383169,0.03481500,1.74000000,0
1531175343663,1531175343661,3383170,0.03481300,0.01300000,1
1531175343673,1531175343672,3383171,0.03481500,6.70000000,0
1531175344687,1531175344686,3383172,0.03486000,0.05400000,0
1531175345322,1531175345317,3383173,0.03487600,0.37600000,0
1531175345322,1531175345317,3383174,0.03487900,0.32700000,0
1531175345322,1531175345317,3383175,0.03488000,0.09600000,0
1531175345322,1531175345317,3383176,0.03489100,0.10000000,0
1531175345322,1531175345317,3383177,0.03489800,0.11700000,0
1531175345322,1531175345317,3383178,0.03489900,0.42900000,0
1531175345322,1531175345317,3383179,0.03490000,0.06300000,0
1531175345764,1531175345762,3383180,0.03490000,1.99800000,0
1531175346525,1531175346522,3383181,0.03489800,0.43500000,0
1531175347136,1531175347135,3383182,0.03489800,4.89300000,0
1531175351069,1531175351066,3383183,0.03489800,4.18100000,0
1531175355043,1531175355041,3383184,0.03489800,0.19300000,0
1531175356179,1531175356178,3383185,0.03489800,0.05400000,0
1531175365383,1531175365381,3383186,0.03486800,0.90700000,1
1531175367166,1531175367163,3383187,0.03489800,0.02900000,0
1531175368349,1531175368348,3383188,0.03489800,0.52100000,0
1531175369915,1531175369912,3383189,0.03488300,0.45700000,0
1531175369928,1531175369927,3383190,0.03486800,0.39500000,1
1531175371146,1531175371143,3383191,0.03489800,3.83600000,0
1531175371651,1531175371650,3383192,0.03489800,1.07800000,0
1531175371730,1531175371729,3383193,0.03489800,0.98000000,0
1531175372176,1531175372174,3383194,0.03489800,0.10600000,0
1531175407607,1531175407604,3383195,0.03489800,0.28600000,0
1531175409045,1531175409042,3383196,0.03489800,0.02900000,0
1531175463177,1531175463175,3383197,0.03489000,0.16500000,0
1531175469183,1531175469180,3383198,0.03489000,1.20800000,0
1531175470707,1531175470704,3383199,0.03489000,1.41000000,0
1531175471719,1531175471717,3383200,0.03489000,0.72900000,0
1531175473554,1531175473552,3383201,0.03489000,0.38100000,0
1531175474605,1531175474602,3383202,0.03489000,0.20000000,0
1531175475474,1531175475471,3383203,0.03489000,0.05400000,0
1531175475476,1531175475475,3383204,0.03489000,0.10400000,0
1531175483760,1531175483757,3383205,0.03483200,1.24100000,1
1531175528969,1531175528964,3383206,0.03489000,16.70200000,0
1531175528969,1531175528964,3383207,0.03489800,0.43700000,0
1531175528969,1531175528964,3383208,0.03490300,0.04300000,0
1531175528969,1531175528964,3383209,0.03490800,0.05800000,0
1531175528969,1531175528964,3383210,0.03492900,0.28000000,0
1531175528969,1531175528964,3383211,0.03495500,0.22800000,0
1531175528969,1531175528964,3383212,0.03495900,0.02900000,0
1531175528969,1531175528964,3383213,0.03496300,0.14700000,0
1531175528969,1531175528964,3383214,0.03496400,0.03200000,0
1531175528969,1531175528964,3383215,0.03498100,3.04900000,0
1531175529682,1531175529680,3383216,0.03489000,2.86400000,0
1531175531193,1531175531191,3383217,0.03483300,0.02600000,1
1531175550543,1531175550541,3383218,0.03487600,0.44500000,1
1531175550543,1531175550541,3383219,0.03487500,2.55500000,1
1531175551429,1531175551427,3383220,0.03487500,0.01600000,1
1531175551461,1531175551460,3383221,0.03487500,0.01300000,1
1531175551504,1531175551503,3383222,0.03487500,0.01400000,1
1531175551603,1531175551601,3383223,0.03487500,0.01500000,1
1531175557489,1531175557488,3383224,0.03487500,0.01500000,1
1531175557817,1531175557815,3383225,0.03487500,0.01600000,1
1531175558014,1531175558013,3383226,0.03487500,0.01600000,1
1531175574910,1531175574907,3383227,0.03487800,0.02900000,1
1531175574910,1531175574907,3383228,0.03487700,0.10000000,1
1531175574910,1531175574907,3383229,0.03487500,0.06200000,1
1531175574910,1531175574907,3383230,0.03487400,0.10100000,1
1531175574910,1531175574907,3383231,0.03486800,0.07100000,1
1531175576351,1531175576350,3383232,0.03486800,0.03800000,1
1531175605115,1531175605113,3383233,0.03487100,0.46000000,1
1531175620083,1531175620081,3383234,0.03491000,2.92200000,0
1531175620096,1531175620094,3383235,0.03487300,1.89700000,1
1531175630892,1531175630890,3383236,0.03487200,0.10000000,1
1531175631682,1531175631680,3383237,0.03487200,0.04400000,0
1531175685609,1531175685608,3383238,0.03489600,0.20200000,0
1531175685623,1531175685620,3383239,0.03487100,0.08500000,1
1531175688789,1531175688787,3383240,0.03492000,0.05300000,0
1531175701664,1531175701662,3383241,0.03491800,0.13600000,0
1531175701664,1531175701662,3383242,0.03494700,0.28200000,0
1531175701664,1531175701662,3383243,0.03494800,2.40400000,0
1531175730696,1531175730693,3383244,0.03494800,0.14400000,0
1531175730696,1531175730693,3383245,0.03495100,0.10000000,0
1531175730696,1531175730693,3383246,0.03496400,0.31800000,0
1531175730696,1531175730693,3383247,0.03496500,0.10100000,0
1531175730696,1531175730693,3383248,0.03496600,0.36800000,0
1531175737937,1531175737934,3383249,0.03496300,0.06200000,0
1531175737937,1531175737934,3383250,0.03496600,0.06200000,0
1531175737971,1531175737969,3383251,0.03496600,1.87600000,1
1531175765065,1531175765062,3383252,0.03488900,2.68900000,1
1531175765080,1531175765077,3383253,0.03488900,2.62000000,1
1531175842332,1531175842330,3383254,0.03491000,0.03000000,1
1531175853785,1531175853784,3383255,0.03491200,0.26700000,1
1531175856693,1531175856692,3383256,0.03491300,0.13100000,1
1531175885377,1531175885374,3383257,0.03490100,2.32600000,1
1531175903595,1531175903594,3383258,0.03490900,0.01600000,1
1531175946005,1531175946004,3383259,0.03489100,1.98300000,1
1531175950359,1531175950357,3383260,0.03496300,0.28600000,0
1531175956693,1531175956692,3383261,0.03488600,0.15100000,1
1531175956998,1531175956996,3383262,0.03488300,0.13600000,1
1531175984165,1531175984163,3383263,0.03489000,1.21700000,1
1531175984180,1531175984179,3383264,0.03489000,1.01400000,1
1531176058631,1531176058630,3383265,0.03489000,2.68900000,1
1531176058661,1531176058659,3383266,0.03489000,0.29200000,1
1531176109083,1531176109081,3383267,0.03496300,0.02700000,0
1531176109083,1531176109081,3383268,0.03496400,0.07400000,0
1531176109083,1531176109081,3383269,0.03496900,0.10900000,0
1531176145153,1531176145150,3383270,0.03493100,1.73500000,0
1531176145166,1531176145166,3383271,0.03489600,2.04400000,1
1531176145189,1531176145186,3383272,0.03489600,0.72100000,1
1531176165403,1531176165401,3383273,0.03489700,0.10900000,1
1531176165403,1531176165401,3383274,0.03489600,0.07100000,1
1531176198378,1531176198377,3383275,0.03497000,0.10000000,0
1531176198378,1531176198377,3383276,0.03498000,0.50900000,0
1531176215820,1531176215819,3383277,0.03489500,0.02900000,1
1531176216679,1531176216678,3383278,0.03488200,0.06200000,1
1531176217214,1531176217213,3383279,0.03489600,0.11800000,0
1531176222018,1531176222016,3383280,0.03483600,0.00500000,1
1531176250883,1531176250882,3383281,0.03496800,0.05800000,0
1531176271264,1531176271262,3383282,0.03497900,0.02800000,0
1531176307299,1531176307296,3383283,0.03497900,0.06900000,0
1531176307299,1531176307296,3383284,0.03498200,0.06900000,0
1531176307299,1531176307296,3383285,0.03499200,0.30600000,0
1531176307299,1531176307296,3383286,0.03499400,2.92800000,0
1531176307299,1531176307296,3383287,0.03499900,0.85900000,0
1531176307299,1531176307296,3383288,0.03500000,0.05700000,0
1531176308480,1531176308478,3383289,0.03499900,0.10000000,0
1531176351749,1531176351746,3383290,0.03499900,0.28500000,0
1531176399130,1531176399129,3383291,0.03499900,0.02800000,0
1531176403782,1531176403781,3383292,0.03491800,0.01600000,1
1531176404417,1531176404414,3383293,0.03491800,0.01600000,1
1531176414747,1531176414745,3383294,0.03492200,0.02900000,1
1531176416724,1531176416723,3383295,0.03492200,2.48100000,1
1531176424113,1531176424112,3383296,0.03492000,0.28700000,1
1531176424729,1531176424728,3383297,0.03492000,3.17600000,1
1531176425349,1531176425348,3383298,0.03492100,0.28300000,1
1531176425443,1531176425441,3383299,0.03491800,0.34300000,1
1531176425736,1531176425735,3383300,0.03491800,0.32900000,1
1531176428875,1531176428874,3383301,0.03489600,0.17800000,1
1531176428875,1531176428874,3383302,0.03489500,0.16500000,1
1531176428907,1531176428905,3383303,0.03489500,0.42100000,1
1531176446106,1531176446105,3383304,0.03487900,2.57200000,1
1531176470630,1531176470629,3383305,0.03487800,0.00400000,1
1531176484898,1531176484896,3383306,0.03492400,3.41000000,0
1531176484911,1531176484910,3383307,0.03487900,0.92200000,1
1531176484926,1531176484925,3383308,0.03487900,1.70500000,1
1531176544101,1531176544099,3383309,0.03491200,1.11900000,0
1531176544113,1531176544112,3383310,0.03494300,1.76400000,0
1531176544126,1531176544124,3383311,0.03494300,0.43200000,0
1531176583962,1531176583961,3383312,0.03492800,3.76900000,0
1531176583972,1531176583970,3383313,0.03497500,0.12100000,0
1531176583991,1531176583990,3383314,0.03497500,1.83000000,0
1531176596049,1531176596048,3383315,0.03488500,0.06900000,1
1531176597094,1531176597092,3383316,0.03488100,0.06900000,1
1531176598144,1531176598142,3383317,0.03487900,0.28200000,1
1531176600190,1531176600189,3383318,0.03487800,0.06500000,1
1531176600841,1531176600839,3383319,0.03485600,0.10100000,1
1531176602032,1531176602030,3383320,0.03483600,0.74600000,1
1531176603199,1531176603197,3383321,0.03483000,0.22900000,1
1531176606925,1531176606924,3383322,0.03480000,0.00500000,1
1531176607020,1531176607018,3383323,0.03488300,0.00500000,1
1531176607050,1531176607049,3383324,0.03488300,0.04400000,1
1531176621832,1531176621830,3383325,0.03488300,0.06400000,1
1531176627774,1531176627773,3383326,0.03480000,0.00500000,1
1531176634778,1531176634778,3383327,0.03480000,0.03300000,1
1531176641644,1531176641643,3383328,0.03478200,1.48700000,0
1531176641663,1531176641660,3383329,0.03479900,0.76000000,0
1531176643752,1531176643750,3383330,0.03480000,0.06200000,0
1531176649558,1531176649555,3383331,0.03478000,0.04800000,1
1531176654784,1531176654782,3383332,0.03479000,0.06600000,0
1531176665684,1531176665683,3383333,0.03476700,6.36500000,1
1531176666746,1531176666743,3383334,0.03476500,0.10000000,1
1531176667096,1531176667095,3383335,0.03476300,0.00500000,1
1531176667831,1531176667829,3383336,0.03476300,0.09500000,1
1531176668836,1531176668834,3383337,0.03474000,11.11100000,1
1531176674887,1531176674885,3383338,0.03478800,0.05800000,0
1531176689469,1531176689468,3383339,0.03478500,0.46800000,0
1531176689477,1531176689476,3383340,0.03478500,2.04800000,0
1531176697103,1531176697102,3383341,0.03474200,0.10900000,1
1531176700765,1531176700763,3383342,0.03478600,0.05900000,0
1531176700868,1531176700866,3383343,0.03478600,0.06100000,0
1531176700868,1531176700866,3383344,0.03479000,0.00100000,0
1531176700868,1531176700866,3383345,0.03479800,0.40600000,0
1531176701088,1531176701087,3383346,0.03479800,0.46800000,0
1531176701277,1531176701275,3383347,0.03479800,0.46800000,0
1531176701802,1531176701799,3383348,0.03480000,0.19600000,0
1531176729191,1531176729190,3383349,0.03482600,0.00400000,0
1531176763870,1531176763868,3383350,0.03478200,4.72400000,0
1531176763884,1531176763883,3383351,0.03481600,0.08500000,0
1531176763895,1531176763893,3383352,0.03481600,2.71300000,0
1531176782102,1531176782100,3383353,0.03482500,0.10000000,0
1531176792089,1531176792088,3383354,0.03483600,0.02900000,0
1531176795084,1531176795082,3383355,0.03483400,0.00100000,0
1531176804424,1531176804422,3383356,0.03483100,2.88300000,0
1531176804446,1531176804444,3383357,0.03483100,1.02000000,0
1531176828995,1531176828994,3383358,0.03483100,0.00600000,0
1531176845952,1531176845949,3383359,0.03478900,0.65600000,0
1531176845967,1531176845966,3383360,0.03482500,0.45700000,0
1531176884993,1531176884992,3383361,0.03475300,0.28300000,1
1531176885015,1531176885014,3383362,0.03475300,0.21100000,1
1531176908639,1531176908637,3383363,0.03475300,0.66500000,1
1531176910041,1531176910041,3383364,0.03476300,0.00900000,0
1531176911114,1531176911113,3383365,0.03475800,3.43500000,0
1531176911121,1531176911120,3383366,0.03475300,0.58900000,1
1531176911132,1531176911131,3383367,0.03475300,0.07100000,0
1531176919173,1531176919172,3383368,0.03475300,0.03800000,0
1531176919785,1531176919783,3383369,0.03475300,0.02200000,0
1531176923671,1531176923668,3383370,0.03475200,0.10000000,1
1531176923684,1531176923681,3383371,0.03475200,0.96200000,0
1531176923701,1531176923700,3383372,0.03475300,0.53400000,0
1531176923833,1531176923832,3383373,0.03476300,0.07100000,0
1531176930396,1531176930392,3383374,0.03475400,0.14200000,1
1531176938694,1531176938693,3383375,0.03474900,0.00400000,1
1531176938763,1531176938762,3383376,0.03474900,0.00400000,1
1531176945296,1531176945294,3383377,0.03482700,0.01100000,0
1531176949217,1531176949216,3383378,0.03482600,0.02800000,0
1531176949966,1531176949966,3383379,0.03475000,0.47300000,1
1531176968422,1531176968420,3383380,0.03475300,0.72700000,1
