event_time,trade_time,trade_id,price,quantity,maker
1531160312680,1531160312676,2216017,0.00022744,169.00000000,1
1531160312680,1531160312676,2216018,0.00022742,1256.00000000,1
1531160315033,1531160315030,2216019,0.00022742,1205.00000000,1
1531160315044,1531160315039,2216020,0.00022742,132.00000000,1
1531160333141,1531160333137,2216021,0.00022742,247.00000000,1
1531160393415,1531160393411,2216022,0.00022742,555.00000000,1
1531160394911,1531160394908,2216023,0.00022728,18.00000000,1
1531160402200,1531160402197,2216024,0.00022740,5.00000000,0
1531160434063,1531160434061,2216025,0.00022727,41.00000000,0
1531160442176,1531160442174,2216026,0.00022718,9.00000000,1
1531160463496,1531160463493,2216027,0.00022705,11.00000000,1
1531160463496,1531160463493,2216028,0.00022701,66.00000000,1
1531160472839,1531160472835,2216029,0.00022700,20.00000000,0
1531160480842,1531160480839,2216030,0.00022700,209.00000000,0
1531160509407,1531160509404,2216031,0.00022737,407.00000000,0
1531160514237,1531160514233,2216032,0.00022738,10.00000000,0
1531160535991,1531160535988,2216033,0.00022737,5.00000000,0
1531160536832,1531160536831,2216034,0.00022740,11.00000000,0
1531160639228,1531160639225,2216035,0.00022812,4.00000000,0
1531160702824,1531160702820,2216036,0.00022790,5.00000000,0
1531160720660,1531160720656,2216037,0.00022740,18.00000000,1
1531160720660,1531160720656,2216038,0.00022739,9.00000000,1
1531160720660,1531160720656,2216039,0.00022738,23.00000000,1
1531160731400,1531160731396,2216040,0.00022788,5.00000000,0
1531160790123,1531160790119,2216041,0.00022741,5.00000000,1
1531160790123,1531160790119,2216042,0.00022738,17.00000000,1
1531160790123,1531160790119,2216043,0.00022698,75.00000000,1
1531160797420,1531160797416,2216044,0.00022811,20.00000000,0
1531160849757,1531160849753,2216045,0.00022805,10.00000000,0
1531160849885,1531160849876,2216046,0.00022805,428.00000000,1
1531161004005,1531161004002,2216047,0.00022789,5.00000000,0
1531161024106,1531161024102,2216048,0.00022786,5.00000000,0
1531161049518,1531161049513,2216049,0.00022744,16.00000000,0
1531161049533,1531161049529,2216050,0.00022785,13.00000000,0
1531161127225,1531161127221,2216051,0.00022774,13.00000000,0
1531161127225,1531161127221,2216052,0.00022775,10.00000000,0
1531161128017,1531161128013,2216053,0.00022785,45.00000000,1
1531161248539,1531161248538,2216054,0.00022733,14.00000000,1
1531161302924,1531161302920,2216055,0.00022798,5.00000000,0
1531161324888,1531161324885,2216056,0.00022785,102.00000000,1
1531161327528,1531161327523,2216057,0.00022798,5.00000000,0
1531161336851,1531161336847,2216058,0.00022746,4.00000000,1
1531161340026,1531161340023,2216059,0.00022746,33.00000000,1
1531161414564,1531161414557,2216060,0.00022708,13.00000000,1
1531161414564,1531161414557,2216061,0.00022704,10.00000000,1
1531161414564,1531161414557,2216062,0.00022702,10.00000000,1
1531161414564,1531161414557,2216063,0.00022700,10.00000000,1
1531161414564,1531161414557,2216064,0.00022698,134.00000000,1
1531161414564,1531161414557,2216065,0.00022697,10.00000000,1
1531161414564,1531161414557,2216066,0.00022694,174.00000000,1
1531161414564,1531161414557,2216067,0.00022689,58.00000000,1
1531161414564,1531161414557,2216068,0.00022688,18.00000000,1
1531161414564,1531161414557,2216069,0.00022684,15.00000000,1
1531161414564,1531161414557,2216070,0.00022682,77.00000000,1
1531161414564,1531161414557,2216071,0.00022679,27.00000000,1
1531161414564,1531161414557,2216072,0.00022678,9.00000000,1
1531161414564,1531161414557,2216073,0.00022675,5.00000000,1
1531161414564,1531161414557,2216074,0.00022668,183.00000000,1
1531161414564,1531161414557,2216075,0.00022666,5.00000000,1
1531161414564,1531161414557,2216076,0.00022660,49.00000000,1
1531161414564,1531161414557,2216077,0.00022658,101.00000000,1
1531161414564,1531161414557,2216078,0.00022646,137.00000000,1
1531161414564,1531161414557,2216079,0.00022643,147.00000000,1
1531161414564,1531161414557,2216080,0.00022643,20.00000000,1
1531161419542,1531161419538,2216081,0.00022644,7.00000000,1
1531161439713,1531161439710,2216082,0.00022668,14.00000000,1
1531161440098,1531161440094,2216083,0.00022668,45.00000000,1
1531161447418,1531161447413,2216084,0.00022756,13.00000000,0
1531161447418,1531161447413,2216085,0.00022757,78.00000000,0
1531161447418,1531161447413,2216086,0.00022767,10.00000000,0
1531161447418,1531161447413,2216087,0.00022769,4.00000000,0
1531161469784,1531161469780,2216088,0.00022668,400.00000000,1
1531161479815,1531161479813,2216089,0.00022668,5.00000000,1
1531161483469,1531161483467,2216090,0.00022723,10.00000000,0
1531161483470,1531161483467,2216091,0.00022725,10.00000000,0
1531161530326,1531161530322,2216092,0.00022693,108.00000000,0
1531161530339,1531161530333,2216093,0.00022718,40.00000000,0
1531161542393,1531161542387,2216094,0.00022716,10.00000000,0
1531161542393,1531161542387,2216095,0.00022718,20.00000000,0
1531161542405,1531161542400,2216096,0.00022718,2.00000000,0
1531161542405,1531161542400,2216097,0.00022725,9.00000000,0
1531161551342,1531161551339,2216098,0.00022724,20.00000000,0
1531161551950,1531161551946,2216099,0.00022698,1464.00000000,0
1531161551965,1531161551961,2216100,0.00022724,96.00000000,0
1531161551979,1531161551977,2216101,0.00022724,658.00000000,0
1531161561876,1531161561871,2216102,0.00022725,4.00000000,0
1531161561876,1531161561871,2216103,0.00022769,32.00000000,0
1531161561892,1531161561891,2216104,0.00022769,32.00000000,0
1531161561951,1531161561949,2216105,0.00022724,20.00000000,1
1531161602962,1531161602961,2216106,0.00022767,5.00000000,0
1531161620850,1531161620845,2216107,0.00022725,5.00000000,1
1531161620943,1531161620939,2216108,0.00022769,22.00000000,0
1531161626902,1531161626898,2216109,0.00022767,318.00000000,1
1531161642909,1531161642904,2216110,0.00022746,1330.00000000,0
1531161642928,1531161642924,2216111,0.00022768,777.00000000,0
1531161642948,1531161642942,2216112,0.00022768,672.00000000,0
1531161652210,1531161652206,2216113,0.00022769,5.00000000,0
1531161687725,1531161687722,2216114,0.00022768,281.00000000,0
1531161704808,1531161704803,2216115,0.00022768,320.00000000,0
1531161746334,1531161746328,2216116,0.00022768,5.00000000,0
1531161747402,1531161747399,2216117,0.00022768,347.00000000,0
1531161747425,1531161747421,2216118,0.00022768,586.00000000,0
1531161783064,1531161783060,2216119,0.00022768,5.00000000,1
1531161783077,1531161783073,2216120,0.00022768,400.00000000,0
1531161783088,1531161783084,2216121,0.00022768,5.00000000,1
1531161808986,1531161808982,2216122,0.00022767,570.00000000,0
1531161808998,1531161808997,2216123,0.00022768,591.00000000,0
1531161822511,1531161822505,2216124,0.00022767,291.00000000,0
1531161822534,1531161822529,2216125,0.00022767,539.00000000,0
1531161840349,1531161840345,2216126,0.00022767,29.00000000,0
1531161845507,1531161845502,2216127,0.00022748,1595.00000000,0
1531161845521,1531161845515,2216128,0.00022767,599.00000000,0
1531161856850,1531161856845,2216129,0.00022767,29.00000000,1
1531161856864,1531161856861,2216130,0.00022767,644.00000000,0
1531161856876,1531161856872,2216131,0.00022767,29.00000000,1
1531161887217,1531161887214,2216132,0.00022766,6.00000000,0
1531161888655,1531161888650,2216133,0.00022766,540.00000000,0
1531161888678,1531161888673,2216134,0.00022767,599.00000000,0
1531161902738,1531161902734,2216135,0.00022767,29.00000000,1
1531161902748,1531161902743,2216136,0.00022767,246.00000000,0
1531161902761,1531161902757,2216137,0.00022767,29.00000000,1
1531161902978,1531161902974,2216138,0.00022768,7.00000000,0
1531161902978,1531161902974,2216139,0.00022769,2.00000000,0
1531161928243,1531161928241,2216140,0.00022768,413.00000000,0
1531161929919,1531161929915,2216141,0.00022768,5.00000000,1
1531161937461,1531161937457,2216142,0.00022768,400.00000000,0
1531161937472,1531161937469,2216143,0.00022768,581.00000000,0
1531161939391,1531161939386,2216144,0.00022769,3.00000000,0
1531161964441,1531161964437,2216145,0.00022768,771.00000000,0
1531161964456,1531161964452,2216146,0.00022768,535.00000000,0
1531161978467,1531161978463,2216147,0.00022768,243.00000000,0
1531162008661,1531162008656,2216148,0.00022748,1545.00000000,0
1531162008675,1531162008672,2216149,0.00022768,17.00000000,0
1531162008690,1531162008687,2216150,0.00022768,655.00000000,0
1531162045952,1531162045948,2216151,0.00022767,87.00000000,1
1531162051625,1531162051619,2216152,0.00022768,737.00000000,0
1531162051644,1531162051641,2216153,0.00022768,287.00000000,0
1531162067927,1531162067923,2216154,0.00022745,1081.00000000,0
1531162067938,1531162067934,2216155,0.00022768,588.00000000,0
1531162067961,1531162067957,2216156,0.00022768,515.00000000,0
1531162100878,1531162100873,2216157,0.00022768,513.00000000,0
1531162119964,1531162119961,2216158,0.00022769,67.00000000,0
1531162120962,1531162120958,2216159,0.00022770,5.00000000,0
1531162122955,1531162122950,2216160,0.00022771,101.00000000,0
1531162124962,1531162124959,2216161,0.00022782,30.00000000,0
1531162144559,1531162144555,2216162,0.00022797,630.00000000,0
1531162144566,1531162144561,2216163,0.00022813,426.00000000,0
1531162164042,1531162164038,2216164,0.00022787,24.00000000,1
1531162189961,1531162189957,2216165,0.00022787,194.00000000,1
1531162248928,1531162248923,2216166,0.00022815,638.00000000,0
1531162248937,1531162248932,2216167,0.00022838,527.00000000,0
1531162248961,1531162248956,2216168,0.00022838,273.00000000,0
1531162262815,1531162262809,2216169,0.00022792,86.00000000,1
1531162262815,1531162262809,2216170,0.00022787,4064.00000000,1
1531162262958,1531162262956,2216171,0.00022776,13.00000000,1
1531162264958,1531162264954,2216172,0.00022772,43.00000000,1
1531162266969,1531162266963,2216173,0.00022769,29.00000000,1
1531162272113,1531162272108,2216174,0.00022767,37.00000000,1
1531162377492,1531162377487,2216175,0.00022750,29.00000000,0
1531162377492,1531162377487,2216176,0.00022753,10.00000000,0
1531162377492,1531162377487,2216177,0.00022767,169.00000000,0
1531162383972,1531162383968,2216178,0.00022765,20.00000000,0
1531162386081,1531162386077,2216179,0.00022765,442.00000000,0
1531162386981,1531162386977,2216180,0.00022765,20.00000000,1
1531162488314,1531162488310,2216181,0.00022766,13.00000000,0
1531162488996,1531162488991,2216182,0.00022766,37.00000000,1
1531162502403,1531162502399,2216183,0.00022764,5.00000000,0
1531162508717,1531162508712,2216184,0.00022764,66.00000000,0
1531162508735,1531162508731,2216185,0.00022764,744.00000000,0
1531162509138,1531162509135,2216186,0.00022764,5.00000000,1
1531162525232,1531162525227,2216187,0.00022762,5.00000000,0
1531162528557,1531162528551,2216188,0.00022762,80.00000000,0
1531162529011,1531162529005,2216189,0.00022762,5.00000000,1
1531162701559,1531162701553,2216190,0.00022759,183.00000000,0
1531162745939,1531162745935,2216191,0.00022755,77.00000000,0
1531162745964,1531162745960,2216192,0.00022755,142.00000000,0
1531162747526,1531162747521,2216193,0.00022756,10.00000000,0
1531162748032,1531162748029,2216194,0.00022759,114.00000000,1
1531162754921,1531162754915,2216195,0.00022761,667.00000000,0
1531162754931,1531162754926,2216196,0.00022764,231.00000000,0
1531162754954,1531162754948,2216197,0.00022764,306.00000000,0
1531162755170,1531162755164,2216198,0.00022759,5.00000000,1
1531162802461,1531162802456,2216199,0.00022759,5.00000000,0
1531162805225,1531162805219,2216200,0.00022759,50.00000000,0
1531162822507,1531162822502,2216201,0.00022760,38.00000000,0
1531162823045,1531162823040,2216202,0.00022760,54.00000000,1
1531162838601,1531162838596,2216203,0.00022740,1079.00000000,0
1531162838619,1531162838614,2216204,0.00022764,632.00000000,0
1531162838643,1531162838638,2216205,0.00022764,412.00000000,0
1531162868049,1531162868045,2216206,0.00022740,900.00000000,0
1531162868064,1531162868058,2216207,0.00022764,41.00000000,0
1531162868130,1531162868125,2216208,0.00022764,366.00000000,0
1531162873297,1531162873290,2216209,0.00022765,21.00000000,0
1531162890910,1531162890905,2216210,0.00022741,427.00000000,0
1531162890921,1531162890915,2216211,0.00022764,92.00000000,0
1531162890939,1531162890935,2216212,0.00022764,289.00000000,0
1531162902014,1531162902009,2216213,0.00022718,4.00000000,1
1531162924238,1531162924226,2216214,0.00022763,4.00000000,0
1531162927584,1531162927577,2216215,0.00022740,591.00000000,0
1531162927596,1531162927590,2216216,0.00022763,212.00000000,0
1531162944342,1531162944339,2216217,0.00022764,9.00000000,0
1531162954758,1531162954752,2216218,0.00022763,4.00000000,1
1531162954775,1531162954769,2216219,0.00022763,651.00000000,0
1531162954783,1531162954778,2216220,0.00022763,4.00000000,1
1531162955363,1531162955359,2216221,0.00022717,218.00000000,1
1531162955364,1531162955359,2216222,0.00022700,22.00000000,1
1531162955384,1531162955378,2216223,0.00022700,147.00000000,0
1531162959655,1531162959648,2216224,0.00022700,4.00000000,0
1531162986980,1531162986977,2216225,0.00022741,438.00000000,0
1531162987000,1531162986995,2216226,0.00022741,137.00000000,0
1531162994310,1531162994303,2216227,0.00022694,10.00000000,1
1531162994310,1531162994303,2216228,0.00022685,60.00000000,1
1531162994310,1531162994303,2216229,0.00022681,10.00000000,1
1531162994310,1531162994303,2216230,0.00022680,81.00000000,1
1531162994310,1531162994303,2216231,0.00022670,10.00000000,1
1531162994310,1531162994303,2216232,0.00022669,10.00000000,1
1531162994310,1531162994303,2216233,0.00022646,908.00000000,1
1531162994310,1531162994303,2216234,0.00022643,394.00000000,1
1531162994310,1531162994303,2216235,0.00022642,1526.00000000,1
1531162995574,1531162995569,2216236,0.00022690,38.00000000,1
1531163012961,1531163012956,2216237,0.00022739,13.00000000,0
1531163012961,1531163012956,2216238,0.00022740,12.00000000,0
1531163014183,1531163014178,2216239,0.00022740,7.00000000,0
1531163016173,1531163016169,2216240,0.00022740,778.00000000,0
1531163017198,1531163017195,2216241,0.00022740,19.00000000,1
1531163102599,1531163102594,2216242,0.00022729,5.00000000,0
1531163102920,1531163102915,2216243,0.00022729,5.00000000,0
1531163103047,1531163103041,2216244,0.00022729,5.00000000,1
1531163119790,1531163119785,2216245,0.00022728,5.00000000,0
1531163147693,1531163147687,2216246,0.00022651,27.00000000,1
1531163147693,1531163147687,2216247,0.00022643,5.00000000,1
1531163147693,1531163147687,2216248,0.00022642,1962.00000000,1
1531163147693,1531163147687,2216249,0.00022638,126.00000000,1
1531163147693,1531163147687,2216250,0.00022623,15.00000000,1
1531163147693,1531163147687,2216251,0.00022616,107.00000000,1
1531163147693,1531163147687,2216252,0.00022602,244.00000000,1
1531163147693,1531163147687,2216253,0.00022600,146.00000000,1
1531163147718,1531163147715,2216254,0.00022600,40.00000000,0
1531163147719,1531163147715,2216255,0.00022600,172.00000000,0
1531163147720,1531163147715,2216256,0.00022600,40.00000000,0
1531163147720,1531163147715,2216257,0.00022600,40.00000000,0
1531163147724,1531163147719,2216258,0.00022600,40.00000000,0
1531163147780,1531163147774,2216259,0.00022600,36.00000000,0
1531163150610,1531163150604,2216260,0.00022607,10.00000000,1
1531163165645,1531163165640,2216261,0.00022608,13.00000000,1
1531163165645,1531163165640,2216262,0.00022607,77.00000000,1
1531163177056,1531163177049,2216263,0.00022617,12.00000000,1
1531163186920,1531163186913,2216264,0.00022691,81.00000000,0
1531163188723,1531163188719,2216265,0.00022607,5.00000000,1
1531163207680,1531163207675,2216266,0.00022607,10.00000000,1
1531163252282,1531163252277,2216267,0.00022638,1270.00000000,0
1531163252294,1531163252287,2216268,0.00022669,504.00000000,0
1531163275478,1531163275472,2216269,0.00022666,11.00000000,0
1531163275478,1531163275472,2216270,0.00022667,23.00000000,0
1531163279350,1531163279345,2216271,0.00022705,8.00000000,0
1531163288000,1531163287995,2216272,0.00022702,1380.00000000,0
1531163329858,1531163329854,2216273,0.00022684,4.00000000,0
1531163334605,1531163334599,2216274,0.00022684,4.00000000,0
1531163353395,1531163353391,2216275,0.00022610,104.00000000,1
1531163402242,1531163402236,2216276,0.00022671,5.00000000,0
1531163406114,1531163406109,2216277,0.00022610,12.00000000,1
1531163423988,1531163423985,2216278,0.00022666,25.00000000,0
1531163425852,1531163425845,2216279,0.00022666,5.00000000,0
1531163446948,1531163446943,2216280,0.00022610,198.00000000,1
1531163473099,1531163473092,2216281,0.00022609,10.00000000,1
1531163480941,1531163480936,2216282,0.00022600,4.00000000,1
1531163485092,1531163485086,2216283,0.00022599,75.00000000,0
1531163487096,1531163487091,2216284,0.00022600,241.00000000,0
1531163503662,1531163503655,2216285,0.00022598,18.00000000,1
1531163503662,1531163503655,2216286,0.00022591,1435.00000000,1
1531163503662,1531163503655,2216287,0.00022590,5.00000000,1
1531163503662,1531163503655,2216288,0.00022588,55.00000000,1
1531163503662,1531163503655,2216289,0.00022580,5.00000000,1
1531163507585,1531163507579,2216290,0.00022580,13.00000000,0
1531163507739,1531163507731,2216291,0.00022580,8.00000000,0
1531163510703,1531163510698,2216292,0.00022579,8.00000000,0
1531163514110,1531163514104,2216293,0.00022574,32.00000000,1
1531163515661,1531163515655,2216294,0.00022579,716.00000000,0
1531163523009,1531163523003,2216295,0.00022580,6.00000000,0
1531163530105,1531163530100,2216296,0.00022584,203.00000000,0
1531163547333,1531163547328,2216297,0.00022579,8.00000000,1
1531163547333,1531163547328,2216298,0.00022572,18.00000000,1
1531163561275,1531163561270,2216299,0.00022572,31.00000000,0
1531163570218,1531163570212,2216300,0.00022568,1633.00000000,0
1531163570240,1531163570235,2216301,0.00022571,675.00000000,0
1531163571094,1531163571087,2216302,0.00022572,376.00000000,0
1531163577559,1531163577553,2216303,0.00022622,4.00000000,0
1531163583019,1531163583013,2216304,0.00022621,665.00000000,0
1531163624134,1531163624129,2216305,0.00022620,89.00000000,0
1531163634460,1531163634453,2216306,0.00022621,5.00000000,0
1531163634460,1531163634453,2216307,0.00022622,39.00000000,0
1531163649722,1531163649715,2216308,0.00022626,450.00000000,0
1531163649743,1531163649738,2216309,0.00022669,590.00000000,0
1531163649767,1531163649762,2216310,0.00022669,172.00000000,0
1531163679431,1531163679425,2216311,0.00022670,2.00000000,0
1531163703661,1531163703656,2216312,0.00022667,5.00000000,0
1531163728607,1531163728601,2216313,0.00022663,5.00000000,0
1531163733709,1531163733704,2216314,0.00022629,621.00000000,0
1531163733719,1531163733716,2216315,0.00022663,263.00000000,0
1531163733738,1531163733734,2216316,0.00022663,5.00000000,1
1531163779018,1531163779012,2216317,0.00022607,28.00000000,1
1531163779018,1531163779012,2216318,0.00022592,632.00000000,1
1531163785572,1531163785566,2216319,0.00022578,1453.00000000,0
1531163785581,1531163785576,2216320,0.00022591,588.00000000,0
1531163785596,1531163785591,2216321,0.00022591,692.00000000,0
1531163786301,1531163786300,2216322,0.00022592,90.00000000,0
1531163826169,1531163826163,2216323,0.00022624,28.00000000,0
1531163826169,1531163826163,2216324,0.00022625,5.00000000,0
1531163829727,1531163829722,2216325,0.00022567,25.00000000,1
1531163849466,1531163849460,2216326,0.00022568,581.00000000,1
1531163849479,1531163849473,2216327,0.00022568,763.00000000,1
1531163855168,1531163855161,2216328,0.00022621,635.00000000,0
1531163863029,1531163863025,2216329,0.00022622,10.00000000,0
1531163865299,1531163865297,2216330,0.00022622,12.00000000,1
1531163889296,1531163889290,2216331,0.00022601,363.00000000,0
1531163889312,1531163889310,2216332,0.00022621,178.00000000,0
1531163897806,1531163897802,2216333,0.00022582,18.00000000,1
1531163898164,1531163898159,2216334,0.00022582,74.00000000,0
1531163917835,1531163917830,2216335,0.00022622,4.00000000,0
1531163936399,1531163936393,2216336,0.00022621,58.00000000,0
1531163956610,1531163956605,2216337,0.00022581,6.00000000,1
1531163969437,1531163969430,2216338,0.00022621,183.00000000,0
1531163985154,1531163985150,2216339,0.00022582,13.00000000,1
1531163985179,1531163985173,2216340,0.00022582,697.00000000,1
1531163997077,1531163997070,2216341,0.00022622,41.00000000,0
1531163997077,1531163997070,2216342,0.00022637,18.00000000,0
1531163997077,1531163997070,2216343,0.00022641,27.00000000,0
1531163997077,1531163997070,2216344,0.00022642,60.00000000,0
1531164003813,1531164003804,2216345,0.00022642,5.00000000,0
1531164004795,1531164004792,2216346,0.00022642,11.00000000,0
1531164023893,1531164023888,2216347,0.00022641,5.00000000,0
1531164027783,1531164027778,2216348,0.00022631,177.00000000,0
1531164027801,1531164027796,2216349,0.00022641,98.00000000,0
1531164028185,1531164028183,2216350,0.00022641,5.00000000,1
1531164051756,1531164051751,2216351,0.00022639,100.00000000,0
1531164052552,1531164052546,2216352,0.00022639,472.00000000,0
1531164052609,1531164052602,2216353,0.00022639,49.00000000,1
1531164053177,1531164053173,2216354,0.00022639,51.00000000,1
1531164084365,1531164084360,2216355,0.00022637,10.00000000,0
1531164084365,1531164084360,2216356,0.00022639,95.00000000,0
1531164088965,1531164088961,2216357,0.00022639,10.00000000,1
1531164109729,1531164109723,2216358,0.00022641,342.00000000,0
1531164113834,1531164113829,2216359,0.00022642,555.00000000,0
1531164118815,1531164118811,2216360,0.00022656,409.00000000,0
1531164118830,1531164118823,2216361,0.00022671,193.00000000,0
1531164123950,1531164123948,2216362,0.00022642,300.00000000,1
1531164124185,1531164124180,2216363,0.00022642,74.00000000,1
1531164126182,1531164126175,2216364,0.00022642,5.00000000,1
1531164140012,1531164140006,2216365,0.00022672,37.00000000,0
1531164140012,1531164140006,2216366,0.00022684,18.00000000,0
1531164140012,1531164140006,2216367,0.00022700,25.00000000,0
1531164159147,1531164159142,2216368,0.00022695,6.00000000,0
1531164188576,1531164188570,2216369,0.00022692,308.00000000,0
1531164206162,1531164206157,2216370,0.00022671,154.00000000,0
1531164206178,1531164206173,2216371,0.00022699,85.00000000,0
1531164265097,1531164265091,2216372,0.00022687,4.00000000,0
1531164269424,1531164269418,2216373,0.00022685,478.00000000,0
1531164279803,1531164279798,2216374,0.00022685,351.00000000,0
1531164304343,1531164304339,2216375,0.00022681,5.00000000,0
1531164313522,1531164313516,2216376,0.00022652,569.00000000,0
1531164313540,1531164313538,2216377,0.00022680,390.00000000,0
1531164331801,1531164331794,2216378,0.00022698,5.00000000,0
1531164484866,1531164484860,2216379,0.00022694,579.00000000,0
1531164484877,1531164484872,2216380,0.00022694,634.00000000,0
1531164510634,1531164510627,2216381,0.00022631,5.00000000,1
1531164510634,1531164510627,2216382,0.00022630,5.00000000,1
1531164510634,1531164510627,2216383,0.00022629,5.00000000,1
1531164510634,1531164510627,2216384,0.00022628,5.00000000,1
1531164510634,1531164510627,2216385,0.00022626,5.00000000,1
1531164510634,1531164510627,2216386,0.00022625,5.00000000,1
1531164510634,1531164510627,2216387,0.00022624,37.00000000,1
1531164510634,1531164510627,2216388,0.00022601,38.00000000,1
1531164576245,1531164576238,2216389,0.00022688,4.00000000,0
1531164591257,1531164591251,2216390,0.00022621,55.00000000,0
1531164599885,1531164599879,2216391,0.00022654,864.00000000,0
1531164599907,1531164599905,2216392,0.00022693,645.00000000,0
1531164603396,1531164603393,2216393,0.00022694,5.00000000,0
1531164616238,1531164616233,2216394,0.00022691,10.00000000,0
1531164619259,1531164619257,2216395,0.00022694,74.00000000,0
1531164622092,1531164622089,2216396,0.00022696,5.00000000,0
1531164622278,1531164622270,2216397,0.00022696,249.00000000,0
1531164628105,1531164628101,2216398,0.00022623,29.00000000,1
1531164628116,1531164628111,2216399,0.00022622,10.00000000,1
1531164628116,1531164628111,2216400,0.00022617,48.00000000,1
1531164628116,1531164628111,2216401,0.00022616,10.00000000,1
1531164628116,1531164628111,2216402,0.00022609,5.00000000,1
1531164628116,1531164628111,2216403,0.00022608,5.00000000,1
1531164628116,1531164628111,2216404,0.00022607,5.00000000,1
1531164628116,1531164628111,2216405,0.00022606,1.00000000,1
1531164628128,1531164628122,2216406,0.00022606,4.00000000,1
1531164628128,1531164628122,2216407,0.00022605,5.00000000,1
1531164628134,1531164628127,2216408,0.00022604,5.00000000,1
1531164628134,1531164628127,2216409,0.00022603,5.00000000,1
1531164634544,1531164634538,2216410,0.00022693,48.00000000,1
1531164644836,1531164644830,2216411,0.00022602,100.00000000,1
1531164647885,1531164647879,2216412,0.00022686,39.00000000,0
1531164647885,1531164647879,2216413,0.00022690,185.00000000,0
1531164647905,1531164647899,2216414,0.00022693,6.00000000,1
1531164702159,1531164702151,2216415,0.00022657,57.00000000,1
1531164702271,1531164702266,2216416,0.00022657,144.00000000,1
1531164711255,1531164711250,2216417,0.00022657,5.00000000,1
1531164717416,1531164717411,2216418,0.00022658,5.00000000,1
1531164721655,1531164721648,2216419,0.00022656,5.00000000,1
1531164723402,1531164723395,2216420,0.00022659,5.00000000,1
1531164725107,1531164725102,2216421,0.00022674,846.00000000,0
1531164725126,1531164725120,2216422,0.00022694,679.00000000,0
1531164725151,1531164725148,2216423,0.00022694,465.00000000,0
1531164736262,1531164736256,2216424,0.00022694,51.00000000,1
1531164774427,1531164774426,2216425,0.00022693,7.00000000,0
1531164777089,1531164777084,2216426,0.00022655,66.00000000,1
1531164803463,1531164803460,2216427,0.00022604,28.00000000,1
1531164803463,1531164803460,2216428,0.00022603,29.00000000,1
1531164803463,1531164803460,2216429,0.00022601,164.00000000,1
1531164803463,1531164803460,2216430,0.00022600,34.00000000,1
1531164811751,1531164811745,2216431,0.00022600,8.00000000,1
1531164834087,1531164834081,2216432,0.00022679,48.00000000,0
1531164834087,1531164834081,2216433,0.00022680,12.00000000,0
1531164879130,1531164879126,2216434,0.00022602,53.00000000,1
1531164879130,1531164879126,2216435,0.00022601,44.00000000,1
1531164879130,1531164879126,2216436,0.00022600,482.00000000,1
1531164904010,1531164904007,2216437,0.00022659,5.00000000,0
1531164924687,1531164924681,2216438,0.00022656,5.00000000,0
1531164963609,1531164963601,2216439,0.00022654,111.00000000,0
1531164963609,1531164963601,2216440,0.00022657,48.00000000,0
1531164963609,1531164963601,2216441,0.00022680,37.00000000,0
1531164963609,1531164963601,2216442,0.00022695,10.00000000,0
1531164963609,1531164963601,2216443,0.00022707,102.00000000,0
1531164963609,1531164963601,2216444,0.00022713,101.00000000,0
1531164963609,1531164963601,2216445,0.00022735,6.00000000,0
1531164963609,1531164963601,2216446,0.00022764,98.00000000,0
1531164963609,1531164963601,2216447,0.00022765,281.00000000,0
1531164963609,1531164963601,2216448,0.00022834,5.00000000,0
1531164963609,1531164963601,2216449,0.00022839,60.00000000,0
1531164963609,1531164963601,2216450,0.00022848,7.00000000,0
1531164963609,1531164963601,2216451,0.00022854,134.00000000,0
1531164963804,1531164963798,2216452,0.00022656,18.00000000,1
1531164967106,1531164967101,2216453,0.00022719,28.00000000,1
1531164967106,1531164967101,2216454,0.00022718,3.00000000,1
1531164975096,1531164975090,2216455,0.00022719,34.00000000,1
1531164975362,1531164975357,2216456,0.00022719,23.00000000,1
1531164981285,1531164981282,2216457,0.00022719,35.00000000,1
1531164988604,1531164988599,2216458,0.00022719,393.00000000,1
1531165014542,1531165014537,2216459,0.00022719,35.00000000,0
1531165014542,1531165014537,2216460,0.00022764,37.00000000,0
1531165014542,1531165014537,2216461,0.00022789,1651.00000000,0
1531165014542,1531165014537,2216462,0.00022790,1244.00000000,0
1531165057079,1531165057072,2216463,0.00022785,28.00000000,0
1531165057079,1531165057072,2216464,0.00022788,13.00000000,0
1531165057079,1531165057072,2216465,0.00022853,18.00000000,0
1531165057079,1531165057072,2216466,0.00022855,18.00000000,0
1531165057079,1531165057072,2216467,0.00022877,280.00000000,0
1531165057079,1531165057072,2216468,0.00022880,191.00000000,0
1531165057812,1531165057808,2216469,0.00022745,27.00000000,1
1531165057838,1531165057835,2216470,0.00022745,10.00000000,1
1531165073583,1531165073577,2216471,0.00022832,57.00000000,0
1531165073583,1531165073577,2216472,0.00022833,486.00000000,0
1531165074313,1531165074309,2216473,0.00022833,7.00000000,1
1531165085711,1531165085705,2216474,0.00022833,148.00000000,0
1531165099643,1531165099638,2216475,0.00022776,1077.00000000,0
1531165099653,1531165099649,2216476,0.00022825,665.00000000,0
1531165107796,1531165107791,2216477,0.00022826,360.00000000,0
1531165137747,1531165137742,2216478,0.00022736,60.00000000,1
1531165185923,1531165185917,2216479,0.00022831,27.00000000,0
1531165185923,1531165185917,2216480,0.00022832,885.00000000,0
1531165185923,1531165185917,2216481,0.00022836,36.00000000,0
1531165204010,1531165204008,2216482,0.00022880,37.00000000,0
1531165204010,1531165204008,2216483,0.00022895,27.00000000,0
1531165204054,1531165204053,2216484,0.00022895,29.00000000,1
1531165204089,1531165204056,2216485,0.00022895,10.00000000,1
1531165204093,1531165204092,2216486,0.00022895,37.00000000,1
1531165204316,1531165204310,2216487,0.00022895,44.00000000,1
1531165210844,1531165210838,2216488,0.00022796,5.00000000,1
1531165252539,1531165252536,2216489,0.00022885,5.00000000,0
1531165252539,1531165252536,2216490,0.00022886,36.00000000,0
1531165252539,1531165252536,2216491,0.00022925,40.00000000,0
1531165252539,1531165252536,2216492,0.00022934,83.00000000,0
1531165252539,1531165252536,2216493,0.00022935,415.00000000,0
1531165268018,1531165268012,2216494,0.00022934,590.00000000,0
1531165268035,1531165268029,2216495,0.00022934,567.00000000,0
1531165325849,1531165325844,2216496,0.00022888,112.00000000,0
1531165325869,1531165325862,2216497,0.00022933,799.00000000,0
1531165325891,1531165325885,2216498,0.00022933,61.00000000,0
1531165355074,1531165355068,2216499,0.00022851,9.00000000,1
1531165395814,1531165395778,2216500,0.00022851,54.00000000,0
1531165395820,1531165395814,2216501,0.00022912,9.00000000,0
1531165395820,1531165395814,2216502,0.00022913,27.00000000,0
1531165395820,1531165395814,2216503,0.00022933,18.00000000,0
1531165406061,1531165406056,2216504,0.00022932,179.00000000,0
1531165409987,1531165409981,2216505,0.00022933,29.00000000,0
1531165410949,1531165410944,2216506,0.00022933,3.00000000,0
1531165410974,1531165410970,2216507,0.00022934,10.00000000,0
1531165410987,1531165410981,2216508,0.00022934,10.00000000,0
1531165454267,1531165454263,2216509,0.00022934,73.00000000,0
1531165466613,1531165466609,2216510,0.00022932,10.00000000,0
1531165466613,1531165466609,2216511,0.00022934,32.00000000,0
1531165586261,1531165586255,2216512,0.00022901,136.00000000,1
1531165587356,1531165587351,2216513,0.00022900,46.00000000,1
1531165633358,1531165633352,2216514,0.00022871,28.00000000,1
1531165634349,1531165634345,2216515,0.00022862,57.00000000,1
1531165635370,1531165635365,2216516,0.00022857,36.00000000,1
1531165643362,1531165643358,2216517,0.00022871,10.00000000,1
1531165678044,1531165678036,2216518,0.00022835,22.00000000,0
1531165694166,1531165694160,2216519,0.00022834,70.00000000,1
1531165694166,1531165694160,2216520,0.00022829,930.00000000,1
1531165694453,1531165694448,2216521,0.00022829,84.00000000,1
1531165741371,1531165741370,2216522,0.00022818,64.00000000,1
1531165742456,1531165742450,2216523,0.00022818,67.00000000,1
1531165744375,1531165744371,2216524,0.00022817,36.00000000,1
1531165748500,1531165748493,2216525,0.00022801,188.00000000,1
1531165803770,1531165803767,2216526,0.00022800,5.00000000,0
1531165803770,1531165803767,2216527,0.00022800,4.00000000,0
1531165821516,1531165821510,2216528,0.00022801,39.00000000,1
1531165823382,1531165823377,2216529,0.00022799,10.00000000,1
1531165825746,1531165825740,2216530,0.00022802,5.00000000,0
1531165882516,1531165882509,2216531,0.00022759,46.00000000,1
1531165885375,1531165885368,2216532,0.00022754,37.00000000,1
1531165914037,1531165914031,2216533,0.00022750,30.00000000,0
1531165914085,1531165914077,2216534,0.00022750,10.00000000,0
1531165914276,1531165914271,2216535,0.00022750,10.00000000,0
1531165931901,1531165931896,2216536,0.00022748,319.00000000,0
1531165962519,1531165962517,2216537,0.00022705,37.00000000,1
1531166007999,1531166007993,2216538,0.00022677,36.00000000,1
1531166008382,1531166008376,2216539,0.00022677,75.00000000,0
1531166012530,1531166012521,2216540,0.00022659,101.00000000,1
1531166013386,1531166013381,2216541,0.00022656,25.00000000,1
1531166024387,1531166024381,2216542,0.00022656,20.00000000,1
1531166033729,1531166033726,2216543,0.00022673,575.00000000,0
1531166046431,1531166046422,2216544,0.00022600,18.00000000,1
1531166046431,1531166046422,2216545,0.00022590,5.00000000,1
1531166046431,1531166046422,2216546,0.00022589,5.00000000,1
1531166046431,1531166046422,2216547,0.00022588,42.00000000,1
1531166046431,1531166046422,2216548,0.00022587,5.00000000,1
1531166046431,1531166046422,2216549,0.00022586,5.00000000,1
1531166046431,1531166046422,2216550,0.00022585,5.00000000,1
1531166046431,1531166046422,2216551,0.00022583,20.00000000,1
1531166046431,1531166046422,2216552,0.00022582,5.00000000,1
1531166046431,1531166046422,2216553,0.00022569,22.00000000,1
1531166046431,1531166046422,2216554,0.00022568,20.00000000,1
1531166046431,1531166046422,2216555,0.00022567,15.00000000,1
1531166046431,1531166046422,2216556,0.00022566,5.00000000,1
1531166046431,1531166046422,2216557,0.00022565,5.00000000,1
1531166046431,1531166046422,2216558,0.00022564,50.00000000,1
1531166046452,1531166046446,2216559,0.00022564,10.00000000,0
1531166046482,1531166046477,2216560,0.00022564,57.00000000,0
1531166046510,1531166046505,2216561,0.00022564,30.00000000,0
1531166046526,1531166046522,2216562,0.00022564,26.00000000,0
1531166047011,1531166047005,2216563,0.00022564,10.00000000,0
1531166054744,1531166054738,2216564,0.00022559,14.00000000,0
1531166054744,1531166054738,2216565,0.00022564,3348.00000000,0
1531166062795,1531166062790,2216566,0.00022669,7.00000000,0
1531166063036,1531166063030,2216567,0.00022668,10.00000000,0
1531166070559,1531166070553,2216568,0.00022668,144.00000000,0
1531166093776,1531166093771,2216569,0.00022605,5.00000000,1
1531166094986,1531166094981,2216570,0.00022606,5.00000000,1
1531166104838,1531166104833,2216571,0.00022735,5.00000000,0
1531166130350,1531166130344,2216572,0.00022732,5.00000000,0
1531166157608,1531166157604,2216573,0.00022729,178.00000000,0
1531166157608,1531166157604,2216574,0.00022730,30.00000000,0
1531166157608,1531166157604,2216575,0.00022735,307.00000000,0
1531166157669,1531166157664,2216576,0.00022735,29.00000000,1
1531166157673,1531166157669,2216577,0.00022735,21.00000000,1
1531166158423,1531166158416,2216578,0.00022739,17.00000000,0
1531166181920,1531166181913,2216579,0.00022735,100.00000000,1
1531166225626,1531166225619,2216580,0.00022753,958.00000000,0
1531166225643,1531166225638,2216581,0.00022771,558.00000000,0
1531166225670,1531166225669,2216582,0.00022771,599.00000000,0
1531166226531,1531166226530,2216583,0.00022772,101.00000000,0
1531166227440,1531166227434,2216584,0.00022785,22.00000000,0
1531166235807,1531166235802,2216585,0.00022740,5.00000000,1
1531166336032,1531166336026,2216586,0.00022827,5.00000000,0
1531166350495,1531166350489,2216587,0.00022782,415.00000000,0
1531166350507,1531166350503,2216588,0.00022824,592.00000000,0
1531166350525,1531166350519,2216589,0.00022824,371.00000000,0
1531166405101,1531166405097,2216590,0.00022824,10.00000000,1
1531166411344,1531166411338,2216591,0.00022824,2.00000000,1
1531166417283,1531166417277,2216592,0.00022823,8.00000000,0
1531166417447,1531166417442,2216593,0.00022824,11.00000000,1
1531166443523,1531166443519,2216594,0.00022825,208.00000000,0
1531166446737,1531166446731,2216595,0.00022826,50.00000000,1
1531166489022,1531166489016,2216596,0.00022826,145.00000000,1
1531166489046,1531166489044,2216597,0.00022826,485.00000000,1
1531166489446,1531166489440,2216598,0.00022825,184.00000000,1
1531166521460,1531166521456,2216599,0.00022825,25.00000000,1
1531166556637,1531166556635,2216600,0.00022826,47.00000000,0
1531166561322,1531166561314,2216601,0.00022826,13.00000000,0
1531166561322,1531166561314,2216602,0.00022830,6.00000000,0
1531166561355,1531166561349,2216603,0.00022830,30.00000000,0
1531166561380,1531166561373,2216604,0.00022832,5.00000000,0
1531166561380,1531166561373,2216605,0.00022849,6.00000000,0
1531166561380,1531166561373,2216606,0.00022854,20.00000000,0
1531166561380,1531166561373,2216607,0.00022928,4.00000000,0
1531166561424,1531166561418,2216608,0.00022928,6.00000000,0
1531166562451,1531166562446,2216609,0.00022932,46.00000000,0
1531166562510,1531166562505,2216610,0.00022933,38.00000000,0
1531166562547,1531166562540,2216611,0.00022933,24.00000000,0
1531166562586,1531166562581,2216612,0.00022933,24.00000000,0
1531166581370,1531166581366,2216613,0.00022893,621.00000000,0
1531166607923,1531166607919,2216614,0.00022894,36.00000000,0
1531166607923,1531166607919,2216615,0.00022933,2.00000000,0
1531166607923,1531166607919,2216616,0.00022934,2.00000000,0
1531166621675,1531166621669,2216617,0.00022934,5.00000000,0
1531166629825,1531166629820,2216618,0.00022933,672.00000000,0
1531166641857,1531166641851,2216619,0.00022926,195.00000000,0
1531166641870,1531166641865,2216620,0.00022926,683.00000000,0
1531166647257,1531166647251,2216621,0.00022927,2.00000000,0
1531166666623,1531166666622,2216622,0.00022836,29.00000000,1
1531166669640,1531166669632,2216623,0.00022825,13.00000000,1
1531166669640,1531166669632,2216624,0.00022824,4.00000000,1
1531166670236,1531166670231,2216625,0.00022926,29.00000000,0
1531166670236,1531166670231,2216626,0.00022927,14.00000000,0
1531166721732,1531166721726,2216627,0.00022836,5.00000000,1
1531166806549,1531166806543,2216628,0.00022835,22.00000000,1
1531166864918,1531166864912,2216629,0.00022835,8.00000000,1
1531166864953,1531166864947,2216630,0.00022835,30.00000000,0
1531166864972,1531166864966,2216631,0.00022835,31.00000000,0
1531166866445,1531166866424,2216632,0.00022835,20.00000000,0
1531166878174,1531166878167,2216633,0.00022796,16.00000000,1
1531166878174,1531166878167,2216634,0.00022795,175.00000000,1
1531166878174,1531166878167,2216635,0.00022790,37.00000000,1
1531166878174,1531166878167,2216636,0.00022757,10.00000000,1
1531166878174,1531166878167,2216637,0.00022755,54.00000000,1
1531166878174,1531166878167,2216638,0.00022754,652.00000000,1
1531166878187,1531166878181,2216639,0.00022754,56.00000000,0
1531166879005,1531166879003,2216640,0.00022791,37.00000000,0
1531166885768,1531166885763,2216641,0.00022831,406.00000000,0
1531166909187,1531166909182,2216642,0.00022744,4.00000000,1
1531166931054,1531166931047,2216643,0.00022744,6.00000000,1
1531166931054,1531166931047,2216644,0.00022742,4.00000000,1
1531166943036,1531166943034,2216645,0.00022742,53.00000000,0
1531166946930,1531166946924,2216646,0.00022798,5.00000000,0
1531166946930,1531166946924,2216647,0.00022799,13.00000000,0
1531166946930,1531166946924,2216648,0.00022800,25.00000000,0
1531166989343,1531166989340,2216649,0.00022743,13.00000000,1
1531166989343,1531166989340,2216650,0.00022742,30.00000000,1
1531166989343,1531166989340,2216651,0.00022741,37.00000000,1
1531166989343,1531166989340,2216652,0.00022737,10.00000000,1
1531166992573,1531166992567,2216653,0.00022737,85.00000000,0
1531167005721,1531167005719,2216654,0.00022781,5.00000000,0
1531167008144,1531167008138,2216655,0.00022735,266.00000000,1
1531167008144,1531167008138,2216656,0.00022710,534.00000000,1
1531167026044,1531167026042,2216657,0.00022744,1962.00000000,0
1531167026053,1531167026048,2216658,0.00022777,172.00000000,0
1531167026070,1531167026067,2216659,0.00022777,727.00000000,0
1531167037085,1531167037085,2216660,0.00022777,5.00000000,0
1531167101530,1531167101525,2216661,0.00022739,869.00000000,0
1531167101540,1531167101535,2216662,0.00022767,418.00000000,0
1531167117883,1531167117877,2216663,0.00022714,28.00000000,1
1531167117883,1531167117877,2216664,0.00022710,72.00000000,1
1531167188230,1531167188223,2216665,0.00022711,24.00000000,1
1531167188230,1531167188223,2216666,0.00022710,143.00000000,1
1531167205617,1531167205612,2216667,0.00022710,24.00000000,1
1531167223617,1531167223612,2216668,0.00022704,35.00000000,0
1531167225608,1531167225600,2216669,0.00022705,30.00000000,0
1531167236022,1531167236017,2216670,0.00022703,345.00000000,1
1531167239611,1531167239605,2216671,0.00022702,5.00000000,1
1531167240621,1531167240620,2216672,0.00022701,33.00000000,1
1531167241616,1531167241610,2216673,0.00022699,47.00000000,1
1531167257677,1531167257671,2216674,0.00022703,21.00000000,0
1531167260594,1531167260588,2216675,0.00022703,256.00000000,0
1531167263156,1531167263156,2216676,0.00022701,16.00000000,0
1531167302176,1531167302170,2216677,0.00022703,5.00000000,0
1531167339608,1531167339602,2216678,0.00022703,5.00000000,0
1531167502787,1531167502780,2216679,0.00022690,233.00000000,0
1531167505804,1531167505796,2216680,0.00022703,455.00000000,0
1531167546808,1531167546802,2216681,0.00022703,89.00000000,1
1531167579051,1531167579044,2216682,0.00022675,12.00000000,1
1531167579051,1531167579044,2216683,0.00022674,19.00000000,1
1531167579051,1531167579044,2216684,0.00022672,19.00000000,1
1531167579051,1531167579044,2216685,0.00022671,25.00000000,1
1531167579656,1531167579655,2216686,0.00022669,37.00000000,1
1531167598644,1531167598644,2216687,0.00022650,11.00000000,1
1531167602823,1531167602819,2216688,0.00022669,5.00000000,0
1531167604332,1531167604326,2216689,0.00022646,723.00000000,0
1531167604347,1531167604340,2216690,0.00022669,553.00000000,0
1531167604369,1531167604364,2216691,0.00022669,431.00000000,0
1531167612229,1531167612223,2216692,0.00022669,5.00000000,1
1531167612229,1531167612223,2216693,0.00022624,37.00000000,1
1531167612229,1531167612223,2216694,0.00022600,170.00000000,1
1531167612245,1531167612240,2216695,0.00022600,46.00000000,0
1531167612251,1531167612247,2216696,0.00022600,36.00000000,0
1531167612260,1531167612254,2216697,0.00022600,18.00000000,0
1531167612285,1531167612279,2216698,0.00022600,36.00000000,0
1531167612805,1531167612800,2216699,0.00022599,86.00000000,0
1531167612868,1531167612863,2216700,0.00022600,36.00000000,0
1531167613648,1531167613643,2216701,0.00022600,546.00000000,0
1531167614801,1531167614796,2216702,0.00022629,37.00000000,0
1531167633273,1531167633271,2216703,0.00022679,5.00000000,0
1531167668904,1531167668898,2216704,0.00022596,10.00000000,1
1531167669164,1531167669158,2216705,0.00022596,14.00000000,1
1531167790664,1531167790658,2216706,0.00022596,5.00000000,1
1531167807150,1531167807150,2216707,0.00022620,28.00000000,0
1531167807169,1531167807167,2216708,0.00022597,27.00000000,1
1531167837871,1531167837870,2216709,0.00022596,8.00000000,1
1531167841684,1531167841681,2216710,0.00022568,46.00000000,1
1531167866336,1531167866331,2216711,0.00022582,256.00000000,0
1531167866358,1531167866352,2216712,0.00022569,93.00000000,1
1531167893111,1531167893104,2216713,0.00022568,7.00000000,1
1531167895617,1531167895611,2216714,0.00022565,7.00000000,1
1531167895617,1531167895611,2216715,0.00022557,5.00000000,1
1531167895617,1531167895611,2216716,0.00022556,5.00000000,1
1531167895617,1531167895611,2216717,0.00022555,5.00000000,1
1531167895617,1531167895611,2216718,0.00022552,9.00000000,1
1531167895617,1531167895611,2216719,0.00022550,15.00000000,1
1531167895617,1531167895611,2216720,0.00022548,10.00000000,1
1531167899930,1531167899925,2216721,0.00022591,4.00000000,0
1531167904610,1531167904603,2216722,0.00022588,5.00000000,0
1531167913866,1531167913863,2216723,0.00022543,50.00000000,1
1531167934228,1531167934222,2216724,0.00022575,5.00000000,0
1531167934729,1531167934724,2216725,0.00022544,14.00000000,1
1531167934778,1531167934772,2216726,0.00022575,6.00000000,0
1531167960191,1531167960186,2216727,0.00022572,15.00000000,0
1531167966484,1531167966479,2216728,0.00022544,3.00000000,1
1531167974787,1531167974782,2216729,0.00022566,1.00000000,0
1531168010708,1531168010702,2216730,0.00022564,25.00000000,0
1531168021712,1531168021707,2216731,0.00022565,205.00000000,0
1531168041056,1531168041049,2216732,0.00022548,86.00000000,1
1531168041056,1531168041049,2216733,0.00022547,800.00000000,1
1531168041056,1531168041049,2216734,0.00022546,100.00000000,1
1531168041056,1531168041049,2216735,0.00022544,446.00000000,1
1531168042058,1531168042056,2216736,0.00022544,67.00000000,0
1531168052050,1531168052044,2216737,0.00022566,4.00000000,0
1531168052050,1531168052044,2216738,0.00022596,5.00000000,0
1531168056378,1531168056372,2216739,0.00022596,10.00000000,0
1531168089095,1531168089093,2216740,0.00022567,808.00000000,0
1531168089110,1531168089105,2216741,0.00022544,470.00000000,1
1531168104715,1531168104710,2216742,0.00022544,53.00000000,1
1531168105723,1531168105721,2216743,0.00022543,171.00000000,1
1531168107879,1531168107873,2216744,0.00022538,70.00000000,1
1531168114857,1531168114857,2216745,0.00022524,34.00000000,1
1531168116838,1531168116834,2216746,0.00022522,11.00000000,1
1531168117878,1531168117872,2216747,0.00022520,6.00000000,1
1531168118869,1531168118866,2216748,0.00022519,10.00000000,1
1531168120733,1531168120727,2216749,0.00022518,15.00000000,1
1531168120910,1531168120904,2216750,0.00022519,64.00000000,0
1531168123069,1531168123063,2216751,0.00022516,127.00000000,1
1531168124963,1531168124958,2216752,0.00022505,10.00000000,1
1531168127098,1531168127091,2216753,0.00022501,113.00000000,1
1531168127915,1531168127910,2216754,0.00022518,529.00000000,0
1531168130956,1531168130949,2216755,0.00022500,499.00000000,1
1531168130956,1531168130949,2216756,0.00022500,56.00000000,1
1531168131049,1531168131042,2216757,0.00022500,577.00000000,1
1531168131323,1531168131317,2216758,0.00022494,1.00000000,1
1531168132739,1531168132734,2216759,0.00022494,103.00000000,1
1531168133724,1531168133719,2216760,0.00022490,23.00000000,1
1531168133728,1531168133719,2216761,0.00022489,138.00000000,1
1531168133728,1531168133719,2216762,0.00022482,5.00000000,1
1531168133728,1531168133719,2216763,0.00022476,5.00000000,1
1531168133728,1531168133719,2216764,0.00022468,7.00000000,1
1531168133728,1531168133719,2216765,0.00022461,9.00000000,1
1531168133728,1531168133719,2216766,0.00022458,12.00000000,1
1531168133728,1531168133719,2216767,0.00022452,5.00000000,1
1531168133728,1531168133719,2216768,0.00022451,23.00000000,1
1531168133728,1531168133719,2216769,0.00022450,10.00000000,1
1531168133728,1531168133719,2216770,0.00022449,15.00000000,1
1531168133728,1531168133719,2216771,0.00022448,10.00000000,1
1531168133728,1531168133719,2216772,0.00022447,33.00000000,1
1531168133728,1531168133719,2216773,0.00022438,5.00000000,1
1531168133728,1531168133719,2216774,0.00022431,31.00000000,1
1531168133728,1531168133719,2216775,0.00022431,49.00000000,1
1531168135617,1531168135610,2216776,0.00022426,96.00000000,1
1531168135617,1531168135610,2216777,0.00022425,4.00000000,1
1531168136566,1531168136560,2216778,0.00022427,1.00000000,1
1531168138349,1531168138343,2216779,0.00022424,1.00000000,1
1531168175283,1531168175280,2216780,0.00022445,5.00000000,1
1531168176431,1531168176427,2216781,0.00022445,22.00000000,1
1531168176590,1531168176586,2216782,0.00022445,22.00000000,0
1531168182164,1531168182158,2216783,0.00022444,968.00000000,0
1531168182177,1531168182172,2216784,0.00022443,176.00000000,1
1531168182194,1531168182189,2216785,0.00022443,692.00000000,1
1531168186555,1531168186548,2216786,0.00022445,1.00000000,0
1531168186555,1531168186548,2216787,0.00022509,24.00000000,0
1531168187648,1531168187649,2216788,0.00022508,7.00000000,0
1531168189684,1531168189679,2216789,0.00022507,13.00000000,0
1531168192049,1531168192046,2216790,0.00022505,14.00000000,0
1531168195760,1531168195755,2216791,0.00022505,81.00000000,1
1531168195968,1531168195962,2216792,0.00022510,5.00000000,0
1531168196008,1531168196006,2216793,0.00022510,1.00000000,0
1531168197623,1531168197617,2216794,0.00022511,4.00000000,0
1531168204342,1531168204336,2216795,0.00022511,5.00000000,0
1531168204873,1531168204867,2216796,0.00022510,4.00000000,1
1531168215262,1531168215256,2216797,0.00022466,5.00000000,1
1531168236879,1531168236873,2216798,0.00022500,5.00000000,0
1531168244353,1531168244348,2216799,0.00022467,110.00000000,1
1531168246391,1531168246385,2216800,0.00022467,718.00000000,1
1531168246417,1531168246411,2216801,0.00022467,137.00000000,1
1531168246933,1531168246928,2216802,0.00022466,57.00000000,1
1531168252076,1531168252070,2216803,0.00022442,5.00000000,1
1531168265123,1531168265122,2216804,0.00022467,103.00000000,0
1531168269104,1531168269098,2216805,0.00022467,7.00000000,0
1531168292491,1531168292486,2216806,0.00022480,780.00000000,0
1531168292501,1531168292494,2216807,0.00022494,269.00000000,0
1531168303620,1531168303620,2216808,0.00022467,1.00000000,1
1531168303620,1531168303620,2216809,0.00022442,1.00000000,1
1531168303620,1531168303620,2216810,0.00022432,8.00000000,1
1531168325050,1531168325048,2216811,0.00022438,681.00000000,1
1531168325070,1531168325066,2216812,0.00022438,152.00000000,1
1531168340065,1531168340059,2216813,0.00022438,59.00000000,1
1531168355646,1531168355641,2216814,0.00022438,5.00000000,1
1531168368654,1531168368649,2216815,0.00022438,888.00000000,1
1531168386395,1531168386388,2216816,0.00022495,91.00000000,0
1531168386395,1531168386388,2216817,0.00022500,135.00000000,0
1531168387295,1531168387289,2216818,0.00022439,618.00000000,1
1531168416528,1531168416522,2216819,0.00022488,10.00000000,0
1531168416528,1531168416522,2216820,0.00022490,45.00000000,0
1531168416528,1531168416522,2216821,0.00022500,45.00000000,0
1531168431772,1531168431767,2216822,0.00022472,930.00000000,0
1531168431786,1531168431781,2216823,0.00022444,479.00000000,1
1531168431808,1531168431806,2216824,0.00022444,358.00000000,1
1531168434361,1531168434357,2216825,0.00022500,101.00000000,0
1531168440515,1531168440512,2216826,0.00022443,11.00000000,1
1531168446956,1531168446951,2216827,0.00022443,172.00000000,0
1531168453292,1531168453286,2216828,0.00022500,13.00000000,0
1531168473476,1531168473473,2216829,0.00022500,2.00000000,0
1531168473476,1531168473473,2216830,0.00022502,23.00000000,0
1531168486784,1531168486777,2216831,0.00022508,44.00000000,0
1531168504222,1531168504218,2216832,0.00022510,1.00000000,0
1531168504862,1531168504860,2216833,0.00022514,52.00000000,0
1531168509849,1531168509844,2216834,0.00022514,17.00000000,0
1531168511250,1531168511244,2216835,0.00022514,36.00000000,0
1531168511585,1531168511579,2216836,0.00022514,126.00000000,0
1531168546413,1531168546406,2216837,0.00022510,5.00000000,0
1531168562657,1531168562652,2216838,0.00022511,9.00000000,0
1531168563591,1531168563587,2216839,0.00022511,11.00000000,0
1531168568614,1531168568611,2216840,0.00022510,31.00000000,0
1531168575190,1531168575185,2216841,0.00022513,53.00000000,0
1531168576077,1531168576072,2216842,0.00022513,1.00000000,0
1531168576077,1531168576072,2216843,0.00022516,31.00000000,0
1531168576101,1531168576096,2216844,0.00022516,4.00000000,0
1531168576101,1531168576096,2216845,0.00022520,28.00000000,0
1531168577620,1531168577613,2216846,0.00022520,37.00000000,0
1531168577624,1531168577624,2216847,0.00022520,37.00000000,0
1531168577631,1531168577625,2216848,0.00022520,37.00000000,0
1531168577717,1531168577711,2216849,0.00022520,37.00000000,0
1531168578464,1531168578458,2216850,0.00022520,20.00000000,0
1531168578474,1531168578472,2216851,0.00022520,16.00000000,0
1531168594012,1531168594007,2216852,0.00022520,30.00000000,0
1531168594041,1531168594035,2216853,0.00022520,26.00000000,0
1531168610268,1531168610262,2216854,0.00022491,840.00000000,0
1531168610285,1531168610280,2216855,0.00022518,700.00000000,0
1531168611226,1531168611220,2216856,0.00022500,30.00000000,1
1531168642293,1531168642287,2216857,0.00022518,189.00000000,0
1531168657445,1531168657439,2216858,0.00022519,107.00000000,0
1531168661495,1531168661491,2216859,0.00022519,10.00000000,0
1531168661522,1531168661517,2216860,0.00022519,10.00000000,0
1531168661525,1531168661519,2216861,0.00022519,5.00000000,0
1531168661549,1531168661547,2216862,0.00022519,10.00000000,0
1531168661725,1531168661723,2216863,0.00022519,6.00000000,0
1531168661872,1531168661866,2216864,0.00022519,10.00000000,0
1531168662962,1531168662960,2216865,0.00022519,42.00000000,0
1531168662962,1531168662960,2216866,0.00022520,3.00000000,0
1531168662992,1531168662986,2216867,0.00022520,38.00000000,0
1531168669371,1531168669366,2216868,0.00022513,189.00000000,0
1531168669381,1531168669375,2216869,0.00022507,72.00000000,1
1531168671960,1531168671959,2216870,0.00022520,59.00000000,0
1531168671969,1531168671964,2216871,0.00022520,59.00000000,0
1531168671989,1531168671984,2216872,0.00022520,10.00000000,0
1531168682122,1531168682117,2216873,0.00022519,310.00000000,0
1531168682142,1531168682139,2216874,0.00022519,8.00000000,0
1531168708535,1531168708529,2216875,0.00022519,112.00000000,0
1531168724256,1531168724254,2216876,0.00022506,727.00000000,1
1531168724269,1531168724265,2216877,0.00022506,274.00000000,1
1531168724810,1531168724809,2216878,0.00022505,72.00000000,1
1531168725818,1531168725812,2216879,0.00022501,699.00000000,1
1531168726824,1531168726818,2216880,0.00022506,36.00000000,1
1531168728513,1531168728508,2216881,0.00022520,63.00000000,0
1531168728821,1531168728816,2216882,0.00022520,853.00000000,1
1531168766548,1531168766541,2216883,0.00022533,117.00000000,0
1531168766548,1531168766541,2216884,0.00022534,15.00000000,0
1531168766548,1531168766541,2216885,0.00022543,80.00000000,0
1531168766548,1531168766541,2216886,0.00022551,20.00000000,0
1531168766548,1531168766541,2216887,0.00022558,30.00000000,0
1531168766548,1531168766541,2216888,0.00022583,835.00000000,0
1531168766548,1531168766541,2216889,0.00022595,153.00000000,0
1531168799927,1531168799922,2216890,0.00022582,12.00000000,0
1531168802670,1531168802666,2216891,0.00022582,5.00000000,0
1531168813169,1531168813163,2216892,0.00022534,671.00000000,0
1531168813185,1531168813180,2216893,0.00022581,509.00000000,0
1531168835796,1531168835790,2216894,0.00022581,21.00000000,0
1531168840258,1531168840251,2216895,0.00022581,5.00000000,0
1531168841896,1531168841892,2216896,0.00022485,8.00000000,1
1531168847245,1531168847239,2216897,0.00022533,1036.00000000,0
1531168847256,1531168847249,2216898,0.00022580,529.00000000,0
1531168880579,1531168880574,2216899,0.00022481,21.00000000,1
1531168941758,1531168941752,2216900,0.00022466,45.00000000,1
1531168941758,1531168941752,2216901,0.00022464,301.00000000,1
1531168941758,1531168941752,2216902,0.00022456,36.00000000,1
1531168941785,1531168941780,2216903,0.00022450,45.00000000,0
1531168942551,1531168942546,2216904,0.00022450,45.00000000,0
1531168944854,1531168944849,2216905,0.00022439,10.00000000,1
1531168945864,1531168945861,2216906,0.00022438,748.00000000,1
1531168947009,1531168947003,2216907,0.00022432,5.00000000,1
1531168948004,1531168947999,2216908,0.00022424,19.00000000,1
1531168950985,1531168950979,2216909,0.00022420,11.00000000,1
1531168951866,1531168951864,2216910,0.00022419,26.00000000,1
1531168971858,1531168971857,2216911,0.00022421,6.00000000,1
1531169062951,1531169062945,2216912,0.00022414,23.00000000,1
1531169063251,1531169063247,2216913,0.00022414,9.00000000,0
1531169064103,1531169064097,2216914,0.00022412,8.00000000,1
1531169064596,1531169064591,2216915,0.00022414,328.00000000,0
1531169072783,1531169072777,2216916,0.00022407,45.00000000,1
1531169072783,1531169072777,2216917,0.00022400,172.00000000,1
1531169072874,1531169072872,2216918,0.00022400,178.00000000,0
1531169072918,1531169072913,2216919,0.00022400,58.00000000,0
1531169074905,1531169074900,2216920,0.00022395,5.00000000,1
1531169075661,1531169075655,2216921,0.00022395,126.00000000,0
1531169086643,1531169086638,2216922,0.00022393,20.00000000,1
1531169087782,1531169087777,2216923,0.00022378,1.00000000,1
1531169090059,1531169090052,2216924,0.00022378,9.00000000,1
1531169090059,1531169090052,2216925,0.00022377,15.00000000,1
1531169090059,1531169090052,2216926,0.00022376,70.00000000,1
1531169090059,1531169090052,2216927,0.00022370,25.00000000,1
1531169090059,1531169090052,2216928,0.00022363,15.00000000,1
1531169090059,1531169090052,2216929,0.00022362,48.00000000,1
1531169090108,1531169090103,2216930,0.00022376,17.00000000,0
1531169090153,1531169090147,2216931,0.00022376,57.00000000,0
1531169093278,1531169093272,2216932,0.00022375,21.00000000,0
1531169102449,1531169102442,2216933,0.00022376,1.00000000,0
1531169104484,1531169104477,2216934,0.00022395,49.00000000,0
1531169106333,1531169106327,2216935,0.00022395,543.00000000,0
1531169106333,1531169106327,2216936,0.00022400,766.00000000,0
1531169108287,1531169108285,2216937,0.00022400,309.00000000,0
1531169108885,1531169108880,2216938,0.00022414,393.00000000,0
1531169109166,1531169109161,2216939,0.00022417,8.00000000,0
1531169109166,1531169109161,2216940,0.00022426,36.00000000,0
1531169109166,1531169109161,2216941,0.00022443,46.00000000,0
1531169111872,1531169111868,2216942,0.00022443,354.00000000,0
1531169116017,1531169116011,2216943,0.00022449,43.00000000,0
1531169116017,1531169116011,2216944,0.00022478,35.00000000,0
1531169116017,1531169116011,2216945,0.00022550,1601.00000000,0
1531169116017,1531169116011,2216946,0.00022570,737.00000000,0
1531169116512,1531169116505,2216947,0.00022500,10.00000000,1
1531169124867,1531169124863,2216948,0.00022445,15.00000000,1
1531169136943,1531169136937,2216949,0.00022443,56.00000000,1
1531169136943,1531169136937,2216950,0.00022442,36.00000000,1
1531169136943,1531169136937,2216951,0.00022420,101.00000000,1
1531169138028,1531169138022,2216952,0.00022419,60.00000000,0
1531169138871,1531169138864,2216953,0.00022420,41.00000000,0
1531169143828,1531169143823,2216954,0.00022363,5.00000000,1
1531169146808,1531169146802,2216955,0.00022446,5.00000000,0
1531169155433,1531169155428,2216956,0.00022444,10.00000000,0
1531169155433,1531169155428,2216957,0.00022445,5.00000000,0
1531169156033,1531169156031,2216958,0.00022446,31.00000000,0
1531169156952,1531169156946,2216959,0.00022446,15.00000000,1
1531169181328,1531169181325,2216960,0.00022447,93.00000000,1
1531169181328,1531169181325,2216961,0.00022446,92.00000000,1
1531169181682,1531169181676,2216962,0.00022445,23.00000000,1
1531169182021,1531169182016,2216963,0.00022445,95.00000000,1
1531169183221,1531169183215,2216964,0.00022445,15.00000000,0
1531169183221,1531169183215,2216965,0.00022446,19.00000000,0
1531169199978,1531169199972,2216966,0.00022443,13.00000000,0
1531169199978,1531169199972,2216967,0.00022444,97.00000000,0
1531169199978,1531169199972,2216968,0.00022446,1840.00000000,0
1531169208705,1531169208700,2216969,0.00022446,172.00000000,0
1531169220750,1531169220747,2216970,0.00022443,15.00000000,0
1531169220750,1531169220747,2216971,0.00022444,10.00000000,0
1531169220750,1531169220747,2216972,0.00022445,15.00000000,0
1531169220750,1531169220747,2216973,0.00022446,10.00000000,0
1531169245369,1531169245364,2216974,0.00022419,332.00000000,0
1531169245382,1531169245377,2216975,0.00022443,399.00000000,0
1531169245395,1531169245390,2216976,0.00022443,191.00000000,0
1531169255688,1531169255682,2216977,0.00022442,10.00000000,0
1531169259664,1531169259658,2216978,0.00022445,723.00000000,0
1531169259820,1531169259814,2216979,0.00022397,21.00000000,1
1531169279349,1531169279343,2216980,0.00022446,300.00000000,0
1531169305511,1531169305506,2216981,0.00022400,5.00000000,1
1531169404897,1531169404891,2216982,0.00022444,2331.00000000,0
1531169407816,1531169407809,2216983,0.00022404,40.00000000,1
1531169428584,1531169428579,2216984,0.00022446,222.00000000,0
1531169431215,1531169431211,2216985,0.00022446,7839.00000000,0
1531169432963,1531169432956,2216986,0.00022409,42.00000000,1
1531169432963,1531169432956,2216987,0.00022408,87.00000000,1
1531169432963,1531169432956,2216988,0.00022406,171.00000000,1
1531169435819,1531169435814,2216989,0.00022409,47.00000000,1
1531169442204,1531169442177,2216990,0.00022409,47.00000000,1
1531169446698,1531169446693,2216991,0.00022496,5.00000000,0
1531169471986,1531169471983,2216992,0.00022485,20.00000000,1
1531169476461,1531169476456,2216993,0.00022489,100.00000000,0
1531169477460,1531169477454,2216994,0.00022412,29.00000000,1
1531169477460,1531169477454,2216995,0.00022411,5.00000000,1
1531169477460,1531169477454,2216996,0.00022410,9.00000000,1
1531169491018,1531169491013,2216997,0.00022481,13.00000000,0
1531169491888,1531169491882,2216998,0.00022485,10.00000000,1
1531169503008,1531169503005,2216999,0.00022474,29.00000000,0
1531169505137,1531169505131,2217000,0.00022475,16.00000000,0
1531169527530,1531169527525,2217001,0.00022424,709.00000000,1
1531169545001,1531169544995,2217002,0.00022424,5.00000000,1
1531169546350,1531169546344,2217003,0.00022450,75.00000000,0
1531169546359,1531169546354,2217004,0.00022424,25.00000000,1
1531169546907,1531169546902,2217005,0.00022424,5.00000000,0
1531169554375,1531169554371,2217006,0.00022477,10.00000000,0
1531169554375,1531169554371,2217007,0.00022500,35.00000000,0
1531169554375,1531169554371,2217008,0.00022505,16.00000000,0
1531169554375,1531169554371,2217009,0.00022512,20.00000000,0
1531169554375,1531169554371,2217010,0.00022532,101.00000000,0
1531169554447,1531169554443,2217011,0.00022532,3.00000000,1
1531169567511,1531169567506,2217012,0.00022550,35.00000000,0
1531169573911,1531169573909,2217013,0.00022532,15.00000000,1
1531169576915,1531169576909,2217014,0.00022445,10.00000000,1
1531169593481,1531169593475,2217015,0.00022543,10.00000000,0
1531169599423,1531169599419,2217016,0.00022544,15.00000000,0
1531169604946,1531169604941,2217017,0.00022562,6.00000000,0
1531169609270,1531169609264,2217018,0.00022566,62.00000000,0
1531169609270,1531169609264,2217019,0.00022587,321.00000000,0
1531169623757,1531169623752,2217020,0.00022588,18.00000000,0
1531169623918,1531169623912,2217021,0.00022588,77.00000000,1
1531169624908,1531169624905,2217022,0.00022588,145.00000000,1
1531169636793,1531169636787,2217023,0.00022596,9.00000000,0
1531169638506,1531169638501,2217024,0.00022597,300.00000000,0
1531169664078,1531169664073,2217025,0.00022596,50.00000000,0
1531169669970,1531169669965,2217026,0.00022566,767.00000000,0
1531169669981,1531169669977,2217027,0.00022596,230.00000000,0
1531169671063,1531169671057,2217028,0.00022596,50.00000000,1
1531169702445,1531169702440,2217029,0.00022568,798.00000000,0
1531169702460,1531169702454,2217030,0.00022596,418.00000000,0
1531169702482,1531169702477,2217031,0.00022596,285.00000000,0
1531169704275,1531169704270,2217032,0.00022596,703.00000000,1
1531169705380,1531169705373,2217033,0.00022597,5.00000000,0
1531169719004,1531169718998,2217034,0.00022541,89.00000000,1
1531169736694,1531169736688,2217035,0.00022597,3007.00000000,0
1531169746329,1531169746323,2217036,0.00022596,50.00000000,0
1531169748794,1531169748787,2217037,0.00022596,5.00000000,0
1531169749261,1531169749255,2217038,0.00022568,614.00000000,0
1531169749271,1531169749265,2217039,0.00022596,468.00000000,0
1531169749286,1531169749282,2217040,0.00022596,294.00000000,0
1531169768914,1531169768910,2217041,0.00022596,55.00000000,1
1531169803474,1531169803468,2217042,0.00022541,100.00000000,1
1531169828643,1531169828637,2217043,0.00022542,400.00000000,1
1531169828654,1531169828650,2217044,0.00022542,172.00000000,1
1531169869152,1531169869146,2217045,0.00022588,10.00000000,0
1531169869173,1531169869167,2217046,0.00022596,91.00000000,0
1531169869195,1531169869190,2217047,0.00022596,1.00000000,0
1531169869195,1531169869190,2217048,0.00022597,166.00000000,0
1531169869243,1531169869240,2217049,0.00022597,12.00000000,0
1531169872395,1531169872389,2217050,0.00022542,131.00000000,1
1531169872410,1531169872406,2217051,0.00022542,667.00000000,1
1531169887331,1531169887326,2217052,0.00022570,734.00000000,0
1531169887341,1531169887335,2217053,0.00022543,432.00000000,1
1531169887366,1531169887360,2217054,0.00022543,427.00000000,1
1531169922285,1531169922280,2217055,0.00022545,418.00000000,1
1531169973355,1531169973353,2217056,0.00022549,14.00000000,1
1531169992590,1531169992585,2217057,0.00022549,10.00000000,1
1531169997915,1531169997910,2217058,0.00022550,334.00000000,1
1531170005643,1531170005637,2217059,0.00022596,5.00000000,0
1531170015129,1531170015124,2217060,0.00022549,30.00000000,1
1531170015129,1531170015124,2217061,0.00022547,80.00000000,1
1531170048680,1531170048676,2217062,0.00022566,171.00000000,0
1531170048687,1531170048682,2217063,0.00022543,78.00000000,1
1531170052232,1531170052227,2217064,0.00022589,5.00000000,0
1531170076374,1531170076367,2217065,0.00022542,10.00000000,1
1531170076374,1531170076367,2217066,0.00022541,40.00000000,1
1531170076374,1531170076367,2217067,0.00022539,13.00000000,1
1531170076374,1531170076367,2217068,0.00022496,35.00000000,1
1531170076374,1531170076367,2217069,0.00022452,189.00000000,1
1531170076374,1531170076367,2217070,0.00022439,713.00000000,1
1531170113629,1531170113626,2217071,0.00022553,5.00000000,0
1531170132026,1531170132021,2217072,0.00022448,27.00000000,1
1531170132026,1531170132021,2217073,0.00022445,3.00000000,1
1531170146314,1531170146309,2217074,0.00022497,352.00000000,0
1531170146333,1531170146329,2217075,0.00022450,126.00000000,1
1531170184948,1531170184943,2217076,0.00022450,727.00000000,1
1531170184970,1531170184965,2217077,0.00022450,87.00000000,1
1531170227011,1531170227007,2217078,0.00022481,51.00000000,0
1531170227026,1531170227020,2217079,0.00022450,711.00000000,1
1531170227042,1531170227037,2217080,0.00022450,23.00000000,1
1531170227748,1531170227741,2217081,0.00022512,27.00000000,0
1531170230738,1531170230732,2217082,0.00022522,38.00000000,0
1531170304970,1531170304965,2217083,0.00022506,5.00000000,0
1531170307227,1531170307221,2217084,0.00022478,901.00000000,0
1531170307249,1531170307242,2217085,0.00022450,609.00000000,1
1531170327645,1531170327640,2217086,0.00022477,496.00000000,0
1531170327651,1531170327647,2217087,0.00022450,421.00000000,1
1531170327960,1531170327954,2217088,0.00022505,22.00000000,0
1531170353032,1531170353029,2217089,0.00022505,5.00000000,0
1531170355017,1531170355011,2217090,0.00022478,250.00000000,0
1531170355030,1531170355026,2217091,0.00022452,104.00000000,1
1531170355042,1531170355035,2217092,0.00022452,169.00000000,1
1531170366379,1531170366373,2217093,0.00022507,57.00000000,0
1531170409883,1531170409876,2217094,0.00022507,12.00000000,0
1531170576245,1531170576241,2217095,0.00022497,667.00000000,0
1531170576254,1531170576248,2217096,0.00022489,657.00000000,1
1531170576272,1531170576267,2217097,0.00022489,278.00000000,1
1531170582444,1531170582438,2217098,0.00022451,5.00000000,1
1531170582444,1531170582438,2217099,0.00022449,5.00000000,1
1531170582444,1531170582438,2217100,0.00022439,5.00000000,1
1531170582444,1531170582438,2217101,0.00022429,25.00000000,1
1531170598294,1531170598286,2217102,0.00022430,13.00000000,1
1531170598294,1531170598286,2217103,0.00022429,29.00000000,1
1531170598294,1531170598286,2217104,0.00022424,10.00000000,1
1531170598294,1531170598286,2217105,0.00022420,2050.00000000,1
1531170598294,1531170598286,2217106,0.00022414,36.00000000,1
1531170598294,1531170598286,2217107,0.00022396,10.00000000,1
1531170598294,1531170598286,2217108,0.00022389,10.00000000,1
1531170598294,1531170598286,2217109,0.00022366,249.00000000,1
1531170598294,1531170598286,2217110,0.00022364,10.00000000,1
1531170598294,1531170598286,2217111,0.00022362,46.00000000,1
1531170598294,1531170598286,2217112,0.00022360,212.00000000,1
1531170606955,1531170606948,2217113,0.00022479,5.00000000,0
1531170653857,1531170653850,2217114,0.00022473,5.00000000,0
1531170658975,1531170658969,2217115,0.00022415,5.00000000,1
1531170673762,1531170673757,2217116,0.00022421,252.00000000,1
1531170685649,1531170685645,2217117,0.00022423,12.00000000,1
1531170685649,1531170685645,2217118,0.00022399,5.00000000,1
1531170685649,1531170685645,2217119,0.00022370,5.00000000,1
1531170685649,1531170685645,2217120,0.00022369,36.00000000,1
1531170685649,1531170685645,2217121,0.00022360,241.00000000,1
1531170699418,1531170699412,2217122,0.00022362,6.00000000,1
1531170699418,1531170699412,2217123,0.00022360,34.00000000,1
1531170716311,1531170716306,2217124,0.00022360,40.00000000,1
1531170725818,1531170725812,2217125,0.00022360,67.00000000,1
1531170725818,1531170725812,2217126,0.00022358,8.00000000,1
1531170725818,1531170725812,2217127,0.00022353,8.00000000,1
1531170725818,1531170725812,2217128,0.00022347,106.00000000,1
1531170731236,1531170731230,2217129,0.00022348,196.00000000,1
1531170731256,1531170731251,2217130,0.00022348,799.00000000,1
1531170735839,1531170735833,2217131,0.00022349,73.00000000,1
1531170735839,1531170735833,2217132,0.00022347,35.00000000,1
1531170741743,1531170741738,2217133,0.00022419,10.00000000,0
1531170751622,1531170751617,2217134,0.00022348,10.00000000,1
1531170751622,1531170751617,2217135,0.00022347,30.00000000,1
1531170793774,1531170793770,2217136,0.00022347,364.00000000,1
1531170849206,1531170849200,2217137,0.00022389,27.00000000,0
1531170849446,1531170849441,2217138,0.00022389,36.00000000,0
1531170851101,1531170851095,2217139,0.00022392,5.00000000,0
1531170851101,1531170851095,2217140,0.00022397,2.00000000,0
1531170879923,1531170879918,2217141,0.00022359,29.00000000,1
1531170879943,1531170879938,2217142,0.00022359,47.00000000,0
1531170883824,1531170883818,2217143,0.00022416,43.00000000,0
1531170891005,1531170890998,2217144,0.00022414,11.00000000,0
1531170893024,1531170893019,2217145,0.00022413,29.00000000,0
1531170894025,1531170894020,2217146,0.00022420,8.00000000,0
1531170905800,1531170905795,2217147,0.00022475,5.00000000,0
1531170912597,1531170912591,2217148,0.00022475,30.00000000,0
1531170912628,1531170912624,2217149,0.00022475,103.00000000,1
1531170912706,1531170912701,2217150,0.00022475,147.00000000,1
1531170936052,1531170936048,2217151,0.00022480,5.00000000,0
1531170945267,1531170945262,2217152,0.00022423,657.00000000,1
1531170974031,1531170974026,2217153,0.00022480,12.00000000,0
1531171006468,1531171006464,2217154,0.00022423,405.00000000,1
1531171006495,1531171006489,2217155,0.00022423,759.00000000,1
1531171014367,1531171014361,2217156,0.00022479,627.00000000,0
1531171014397,1531171014391,2217157,0.00022479,499.00000000,0
1531171024356,1531171024351,2217158,0.00022480,5.00000000,0
1531171025016,1531171025010,2217159,0.00022480,8.00000000,1
1531171043785,1531171043782,2217160,0.00022477,10.00000000,0
1531171043785,1531171043782,2217161,0.00022479,30.00000000,0
1531171045302,1531171045297,2217162,0.00022451,835.00000000,0
1531171045404,1531171045399,2217163,0.00022423,733.00000000,1
1531171055254,1531171055249,2217164,0.00022479,20.00000000,0
1531171062371,1531171062366,2217165,0.00022479,7.00000000,0
1531171065028,1531171065024,2217166,0.00022456,91.00000000,1
1531171065041,1531171065036,2217167,0.00022456,276.00000000,1
1531171078754,1531171078746,2217168,0.00022479,13.00000000,0
1531171078754,1531171078746,2217169,0.00022483,15.00000000,0
1531171078754,1531171078746,2217170,0.00022504,6.00000000,0
1531171078754,1531171078746,2217171,0.00022507,19.00000000,0
1531171078754,1531171078746,2217172,0.00022534,35.00000000,0
1531171078754,1531171078746,2217173,0.00022557,16.00000000,0
1531171078754,1531171078746,2217174,0.00022563,86.00000000,0
1531171078754,1531171078746,2217175,0.00022564,102.00000000,0
1531171078754,1531171078746,2217176,0.00022578,54.00000000,0
1531171078754,1531171078746,2217177,0.00022579,713.00000000,0
1531171078754,1531171078746,2217178,0.00022597,268.00000000,0
1531171104184,1531171104177,2217179,0.00022582,37.00000000,0
1531171104221,1531171104216,2217180,0.00022582,33.00000000,0
1531171104255,1531171104250,2217181,0.00022582,37.00000000,0
1531171104256,1531171104252,2217182,0.00022582,37.00000000,0
1531171104261,1531171104255,2217183,0.00022582,11.00000000,0
1531171105624,1531171105619,2217184,0.00022537,325.00000000,0
1531171105633,1531171105628,2217185,0.00022582,41.00000000,0
1531171106035,1531171106031,2217186,0.00022582,155.00000000,1
1531171121296,1531171121292,2217187,0.00022582,33.00000000,0
1531171136209,1531171136202,2217188,0.00022583,5.00000000,0
1531171136209,1531171136202,2217189,0.00022597,24.00000000,0
1531171136222,1531171136218,2217190,0.00022597,22.00000000,0
1531171136234,1531171136230,2217191,0.00022597,16.00000000,0
1531171136282,1531171136278,2217192,0.00022597,22.00000000,0
1531171140895,1531171140889,2217193,0.00022597,22.00000000,0
1531171140901,1531171140896,2217194,0.00022597,22.00000000,0
1531171140970,1531171140966,2217195,0.00022597,22.00000000,0
1531171142981,1531171142976,2217196,0.00022597,13.00000000,0
1531171150066,1531171150061,2217197,0.00022597,2.00000000,0
1531171166106,1531171166103,2217198,0.00022597,583.00000000,0
1531171166370,1531171166365,2217199,0.00022597,99.00000000,0
1531171166921,1531171166918,2217200,0.00022597,35.00000000,0
1531171171687,1531171171681,2217201,0.00022596,55.00000000,0
1531171174972,1531171174967,2217202,0.00022596,18.00000000,0
1531171175021,1531171175016,2217203,0.00022596,18.00000000,0
1531171187689,1531171187685,2217204,0.00022568,80.00000000,0
1531171187711,1531171187706,2217205,0.00022595,44.00000000,0
1531171193407,1531171193402,2217206,0.00022596,345.00000000,0
1531171201466,1531171201461,2217207,0.00022541,10.00000000,1
1531171205299,1531171205293,2217208,0.00022596,5.00000000,0
1531171235337,1531171235334,2217209,0.00022576,10.00000000,0
1531171235337,1531171235334,2217210,0.00022578,13.00000000,0
1531171236272,1531171236265,2217211,0.00022578,19.00000000,1
1531171244436,1531171244432,2217212,0.00022596,11.00000000,0
1531171244463,1531171244458,2217213,0.00022596,120.00000000,0
1531171244463,1531171244458,2217214,0.00022597,466.00000000,0
1531171251934,1531171251930,2217215,0.00022597,29.00000000,0
1531171251938,1531171251934,2217216,0.00022597,55.00000000,0
1531171251955,1531171251951,2217217,0.00022597,55.00000000,0
1531171251974,1531171251970,2217218,0.00022597,44.00000000,0
1531171251996,1531171251992,2217219,0.00022597,55.00000000,0
1531171254184,1531171254179,2217220,0.00022597,77.00000000,0
1531171254205,1531171254202,2217221,0.00022597,36.00000000,0
1531171263817,1531171263811,2217222,0.00022597,10.00000000,0
1531171264118,1531171264115,2217223,0.00022597,10.00000000,0
1531171287047,1531171287041,2217224,0.00022596,746.00000000,0
1531171287065,1531171287061,2217225,0.00022596,120.00000000,0
1531171295301,1531171295294,2217226,0.00022597,58.00000000,0
1531171295301,1531171295294,2217227,0.00022614,41.00000000,0
1531171295301,1531171295294,2217228,0.00022617,7.00000000,0
1531171295301,1531171295294,2217229,0.00022619,10.00000000,0
1531171295301,1531171295294,2217230,0.00022640,18.00000000,0
1531171295301,1531171295294,2217231,0.00022664,24.00000000,0
1531171295301,1531171295294,2217232,0.00022665,34.00000000,0
1531171295301,1531171295294,2217233,0.00022667,5.00000000,0
1531171295301,1531171295294,2217234,0.00022670,5.00000000,0
1531171295301,1531171295294,2217235,0.00022702,5.00000000,0
1531171295301,1531171295294,2217236,0.00022730,33.00000000,0
1531171295301,1531171295294,2217237,0.00022732,20.00000000,0
1531171295301,1531171295294,2217238,0.00022770,47.00000000,0
1531171295301,1531171295294,2217239,0.00022773,218.00000000,0
1531171295301,1531171295294,2217240,0.00022776,63.00000000,0
1531171295337,1531171295333,2217241,0.00022776,49.00000000,0
1531171299684,1531171299680,2217242,0.00022776,23.00000000,0
1531171304244,1531171304239,2217243,0.00022776,36.00000000,0
1531171314131,1531171314126,2217244,0.00022736,27.00000000,0
1531171314131,1531171314126,2217245,0.00022776,203.00000000,0
1531171314304,1531171314302,2217246,0.00022776,197.00000000,0
1531171314305,1531171314302,2217247,0.00022797,392.00000000,0
1531171314751,1531171314746,2217248,0.00022797,35.00000000,0
1531171324334,1531171324329,2217249,0.00022756,7.00000000,0
1531171343964,1531171343959,2217250,0.00022756,5.00000000,0
1531171345034,1531171345029,2217251,0.00022756,5.00000000,1
1531171351628,1531171351622,2217252,0.00022808,20.00000000,0
1531171351628,1531171351622,2217253,0.00022814,570.00000000,0
1531171357356,1531171357353,2217254,0.00022808,54.00000000,0
1531171357371,1531171357366,2217255,0.00022808,54.00000000,0
1531171357380,1531171357375,2217256,0.00022808,43.00000000,0
1531171357391,1531171357386,2217257,0.00022808,54.00000000,0
1531171357726,1531171357720,2217258,0.00022684,108.00000000,1
1531171357726,1531171357720,2217259,0.00022683,54.00000000,1
1531171357726,1531171357720,2217260,0.00022673,67.00000000,1
1531171358411,1531171358406,2217261,0.00022785,54.00000000,0
1531171364463,1531171364458,2217262,0.00022785,70.00000000,0
1531171364489,1531171364484,2217263,0.00022785,17.00000000,0
1531171364489,1531171364484,2217264,0.00022786,53.00000000,0
1531171405862,1531171405858,2217265,0.00022786,240.00000000,0
1531171405878,1531171405874,2217266,0.00022786,43.00000000,0
1531171405888,1531171405883,2217267,0.00022786,240.00000000,0
1531171405892,1531171405886,2217268,0.00022786,131.00000000,0
1531171405892,1531171405886,2217269,0.00022797,54.00000000,0
1531171405892,1531171405886,2217270,0.00022808,55.00000000,0
1531171406038,1531171406033,2217271,0.00022786,264.00000000,1
1531171406076,1531171406071,2217272,0.00022808,247.00000000,0
1531171406116,1531171406111,2217273,0.00022808,264.00000000,0
1531171409203,1531171409197,2217274,0.00022808,35.00000000,0
1531171463061,1531171463057,2217275,0.00022807,506.00000000,0
1531171463077,1531171463072,2217276,0.00022807,11.00000000,0
1531171479567,1531171479562,2217277,0.00022808,258.00000000,0
1531171479582,1531171479580,2217278,0.00022808,600.00000000,0
1531171480522,1531171480518,2217279,0.00022808,35.00000000,0
1531171486098,1531171486094,2217280,0.00022808,32.00000000,0
1531171486988,1531171486985,2217281,0.00022808,70.00000000,0
1531171487006,1531171487001,2217282,0.00022808,70.00000000,0
1531171487018,1531171487014,2217283,0.00022808,43.00000000,0
1531171487086,1531171487081,2217284,0.00022808,70.00000000,0
1531171487798,1531171487794,2217285,0.00022808,6.00000000,0
1531171487801,1531171487797,2217286,0.00022808,6.00000000,0
1531171499029,1531171499026,2217287,0.00022808,804.00000000,0
1531171500998,1531171500995,2217288,0.00022808,27.00000000,0
1531171513470,1531171513466,2217289,0.00022766,2009.00000000,0
1531171513485,1531171513480,2217290,0.00022724,693.00000000,1
1531171527798,1531171527792,2217291,0.00022808,10.00000000,0
1531171528464,1531171528459,2217292,0.00022808,10.00000000,0
1531171528492,1531171528488,2217293,0.00022808,5.00000000,0
1531171528526,1531171528521,2217294,0.00022808,10.00000000,0
1531171528547,1531171528543,2217295,0.00022808,10.00000000,0
1531171542592,1531171542591,2217296,0.00022801,433.00000000,0
1531171542592,1531171542591,2217297,0.00022808,172.00000000,0
1531171542599,1531171542595,2217298,0.00022808,37.00000000,0
1531171547075,1531171547070,2217299,0.00022794,13.00000000,0
1531171547084,1531171547078,2217300,0.00022808,56.00000000,0
1531171548482,1531171548478,2217301,0.00022834,21.00000000,0
1531171548504,1531171548497,2217302,0.00022844,9.00000000,0
1531171548504,1531171548497,2217303,0.00022854,35.00000000,0
1531171548504,1531171548497,2217304,0.00022868,24.00000000,0
1531171549978,1531171549973,2217305,0.00022868,4.00000000,0
1531171549979,1531171549973,2217306,0.00022872,5.00000000,0
1531171549979,1531171549973,2217307,0.00022885,67.00000000,0
1531171549999,1531171549995,2217308,0.00022885,43.00000000,0
1531171551232,1531171551226,2217309,0.00022885,18.00000000,0
1531171551251,1531171551250,2217310,0.00022885,18.00000000,0
1531171551252,1531171551250,2217311,0.00022885,14.00000000,0
1531171551252,1531171551250,2217312,0.00022886,4.00000000,0
1531171551278,1531171551274,2217313,0.00022886,16.00000000,0
1531171564222,1531171564214,2217314,0.00022876,11.00000000,0
1531171564222,1531171564214,2217315,0.00022885,20.00000000,0
1531171564222,1531171564214,2217316,0.00022886,123.00000000,0
1531171564222,1531171564214,2217317,0.00022891,5.00000000,0
1531171564222,1531171564214,2217318,0.00022893,5.00000000,0
1531171564222,1531171564214,2217319,0.00022894,5.00000000,0
1531171564222,1531171564214,2217320,0.00022898,33.00000000,0
1531171564222,1531171564214,2217321,0.00022905,15.00000000,0
1531171564222,1531171564214,2217322,0.00022911,64.00000000,0
1531171564222,1531171564214,2217323,0.00022927,20.00000000,0
1531171564222,1531171564214,2217324,0.00022929,64.00000000,0
1531171564222,1531171564214,2217325,0.00022934,153.00000000,0
1531171564222,1531171564214,2217326,0.00022935,102.00000000,0
1531171564230,1531171564223,2217327,0.00022935,601.00000000,0
1531171564230,1531171564223,2217328,0.00022938,6.00000000,0
1531171564891,1531171564887,2217329,0.00022938,35.00000000,0
1531171565227,1531171565221,2217330,0.00022938,9.00000000,0
1531171572871,1531171572867,2217331,0.00022938,69.00000000,0
1531171572894,1531171572889,2217332,0.00022938,29.00000000,0
1531171572895,1531171572892,2217333,0.00022938,8.00000000,0
1531171572920,1531171572915,2217334,0.00022939,26.00000000,0
1531171572944,1531171572939,2217335,0.00022939,7.00000000,0
1531171581125,1531171581120,2217336,0.00022938,10.00000000,0
1531171581125,1531171581120,2217337,0.00022948,10.00000000,0
1531171586835,1531171586816,2217338,0.00022948,13.00000000,0
1531171586835,1531171586816,2217339,0.00022950,265.00000000,0
1531171586835,1531171586816,2217340,0.00022951,64.00000000,0
1531171586835,1531171586816,2217341,0.00022959,185.00000000,0
1531171586835,1531171586816,2217342,0.00022971,7.00000000,0
1531171586835,1531171586816,2217343,0.00022977,36.00000000,0
1531171586835,1531171586816,2217344,0.00022987,50.00000000,0
1531171586848,1531171586842,2217345,0.00022987,65.00000000,0
1531171586848,1531171586842,2217346,0.00022990,366.00000000,0
1531171586848,1531171586842,2217347,0.00022994,6.00000000,0
1531171586848,1531171586842,2217348,0.00022995,22.00000000,0
1531171586848,1531171586842,2217349,0.00022999,14.00000000,0
1531171586848,1531171586842,2217350,0.00023000,31.00000000,0
1531171586848,1531171586842,2217351,0.00023001,110.00000000,0
1531171586864,1531171586860,2217352,0.00023001,11.00000000,0
1531171587251,1531171587247,2217353,0.00022951,4.00000000,0
1531171588009,1531171588008,2217354,0.00022951,35.00000000,0
1531171590681,1531171590677,2217355,0.00022951,36.00000000,0
1531171590693,1531171590688,2217356,0.00022951,2.00000000,0
1531171617041,1531171617040,2217357,0.00022929,13.00000000,1
1531171617041,1531171617040,2217358,0.00022928,14.00000000,1
1531171619043,1531171619039,2217359,0.00022927,25.00000000,1
1531171619170,1531171619166,2217360,0.00022900,10.00000000,1
1531171619170,1531171619166,2217361,0.00022876,83.00000000,1
1531171621235,1531171621231,2217362,0.00022877,75.00000000,1
1531171622042,1531171622037,2217363,0.00022873,11.00000000,1
1531171624048,1531171624042,2217364,0.00022869,174.00000000,1
1531171625646,1531171625642,2217365,0.00022874,44.00000000,1
1531171625778,1531171625773,2217366,0.00022874,42.00000000,1
1531171627043,1531171627038,2217367,0.00022879,43.00000000,1
1531171652067,1531171652062,2217368,0.00022966,38.00000000,0
1531171652068,1531171652062,2217369,0.00022967,37.00000000,0
1531171655755,1531171655751,2217370,0.00022845,21.00000000,1
1531171656014,1531171656010,2217371,0.00022965,14.00000000,0
1531171656014,1531171656010,2217372,0.00022966,13.00000000,0
1531171656014,1531171656010,2217373,0.00022987,11.00000000,0
1531171656014,1531171656010,2217374,0.00023000,27.00000000,0
1531171656014,1531171656010,2217375,0.00023001,63.00000000,0
1531171656014,1531171656010,2217376,0.00023002,178.00000000,0
1531171656014,1531171656010,2217377,0.00023023,31.00000000,0
1531171656218,1531171656212,2217378,0.00023023,84.00000000,0
1531171656218,1531171656212,2217379,0.00023039,10.00000000,0
1531171656218,1531171656212,2217380,0.00023057,115.00000000,0
1531171656218,1531171656212,2217381,0.00023058,24.00000000,0
1531171656218,1531171656212,2217382,0.00023060,24.00000000,0
1531171656218,1531171656212,2217383,0.00023074,11.00000000,0
1531171656218,1531171656212,2217384,0.00023079,65.00000000,0
1531171656218,1531171656212,2217385,0.00023087,40.00000000,0
1531171656218,1531171656212,2217386,0.00023090,240.00000000,0
1531171657012,1531171657009,2217387,0.00023089,54.00000000,0
1531171663123,1531171663118,2217388,0.00022972,6.00000000,1
1531171663206,1531171663203,2217389,0.00022972,24.00000000,1
1531171663767,1531171663761,2217390,0.00023089,29.00000000,0
1531171663785,1531171663781,2217391,0.00023090,76.00000000,0
1531171663803,1531171663799,2217392,0.00023090,47.00000000,0
1531171663804,1531171663800,2217393,0.00023090,10.00000000,0
1531171663821,1531171663816,2217394,0.00023090,76.00000000,0
1531171672995,1531171672991,2217395,0.00023090,202.00000000,0
1531171683287,1531171683283,2217396,0.00022982,27.00000000,1
1531171685060,1531171685055,2217397,0.00022972,8.00000000,1
1531171692196,1531171692193,2217398,0.00022977,5.00000000,0
1531171697200,1531171697193,2217399,0.00022977,8.00000000,0
1531171697200,1531171697193,2217400,0.00022998,8.00000000,0
1531171697200,1531171697193,2217401,0.00023071,22.00000000,0
1531171701988,1531171701982,2217402,0.00022930,6.00000000,1
1531171705193,1531171705188,2217403,0.00022934,13.00000000,1
1531171705193,1531171705188,2217404,0.00022933,98.00000000,1
1531171705193,1531171705188,2217405,0.00022932,17.00000000,1
1531171705193,1531171705188,2217406,0.00022931,44.00000000,1
1531171705193,1531171705188,2217407,0.00022930,8.00000000,1
1531171705206,1531171705200,2217408,0.00022926,113.00000000,0
1531171706733,1531171706731,2217409,0.00023069,8.00000000,0
1531171750779,1531171750774,2217410,0.00023021,17.00000000,0
1531171750779,1531171750774,2217411,0.00023022,5.00000000,0
1531171750779,1531171750774,2217412,0.00023023,4.00000000,0
1531171757857,1531171757852,2217413,0.00022958,26.00000000,1
1531171766712,1531171766708,2217414,0.00023010,26.00000000,0
1531171782816,1531171782811,2217415,0.00022995,30.00000000,0
1531171788144,1531171788141,2217416,0.00022958,1.00000000,1
1531171855193,1531171855188,2217417,0.00022980,24.00000000,1
1531171855193,1531171855188,2217418,0.00022979,174.00000000,1
1531171855193,1531171855188,2217419,0.00022958,5.00000000,1
1531171855224,1531171855219,2217420,0.00022958,117.00000000,0
1531171855286,1531171855281,2217421,0.00022958,39.00000000,0
1531171855491,1531171855487,2217422,0.00022958,118.00000000,0
1531171856068,1531171856064,2217423,0.00022934,843.00000000,1
1531171857067,1531171857063,2217424,0.00022939,84.00000000,1
1531171858079,1531171858073,2217425,0.00022930,3080.00000000,1
1531171867151,1531171867149,2217426,0.00022953,60.00000000,0
1531171869093,1531171869089,2217427,0.00022952,23.00000000,0
1531171869301,1531171869298,2217428,0.00022935,42.00000000,1
1531171869301,1531171869298,2217429,0.00022930,680.00000000,1
1531171872933,1531171872929,2217430,0.00022952,1.00000000,0
1531171872933,1531171872929,2217431,0.00022957,44.00000000,0
1531171872933,1531171872929,2217432,0.00022958,166.00000000,0
1531171872950,1531171872944,2217433,0.00022958,211.00000000,0
1531171872954,1531171872951,2217434,0.00022958,211.00000000,0
1531171872962,1531171872959,2217435,0.00022958,43.00000000,0
1531171872989,1531171872986,2217436,0.00022958,105.00000000,0
1531171872993,1531171872989,2217437,0.00022958,211.00000000,0
1531171890860,1531171890856,2217438,0.00022957,620.00000000,0
1531171893214,1531171893209,2217439,0.00022957,32.00000000,0
1531171904221,1531171904216,2217440,0.00022956,268.00000000,0
1531171904221,1531171904216,2217441,0.00022957,352.00000000,0
1531171904225,1531171904221,2217442,0.00022957,528.00000000,0
1531171904250,1531171904246,2217443,0.00022957,258.00000000,0
1531171904953,1531171904948,2217444,0.00022957,35.00000000,0
1531171905482,1531171905477,2217445,0.00022957,32.00000000,0
1531171920105,1531171920100,2217446,0.00022956,245.00000000,0
1531171927184,1531171927179,2217447,0.00022935,43.00000000,1
1531171927421,1531171927420,2217448,0.00022935,9.00000000,1
1531171928343,1531171928339,2217449,0.00022956,1.00000000,0
1531171928343,1531171928339,2217450,0.00022957,208.00000000,0
1531171928343,1531171928339,2217451,0.00022958,159.00000000,0
1531171928361,1531171928357,2217452,0.00022958,368.00000000,0
1531171932579,1531171932575,2217453,0.00022958,278.00000000,0
1531171937284,1531171937280,2217454,0.00022941,174.00000000,1
1531171937339,1531171937335,2217455,0.00022941,22.00000000,0
1531171937676,1531171937672,2217456,0.00022936,380.00000000,1
1531171954987,1531171954982,2217457,0.00022941,1.00000000,0
1531171954987,1531171954982,2217458,0.00022958,69.00000000,0
1531171955024,1531171955020,2217459,0.00022958,32.00000000,0
1531171955049,1531171955048,2217460,0.00022958,70.00000000,0
1531171955775,1531171955771,2217461,0.00022958,33.00000000,0
1531171958203,1531171958199,2217462,0.00022958,75.00000000,0
1531171958281,1531171958277,2217463,0.00022958,174.00000000,0
1531171958479,1531171958475,2217464,0.00022958,174.00000000,0
1531171958581,1531171958577,2217465,0.00022958,228.00000000,0
1531171958773,1531171958769,2217466,0.00022958,174.00000000,0
1531171958975,1531171958972,2217467,0.00022958,102.00000000,0
1531171958990,1531171958985,2217468,0.00022958,88.00000000,0
1531171961836,1531171961831,2217469,0.00022935,58.00000000,1
1531171961836,1531171961831,2217470,0.00022930,242.00000000,1
1531171962293,1531171962290,2217471,0.00022930,78.00000000,1
1531171987490,1531171987486,2217472,0.00022931,197.00000000,1
1531171988531,1531171988527,2217473,0.00022944,660.00000000,0
1531171988540,1531171988537,2217474,0.00022931,46.00000000,1
1531171989018,1531171989015,2217475,0.00022931,9.00000000,0
1531172008168,1531172008164,2217476,0.00022930,353.00000000,1
1531172008204,1531172008199,2217477,0.00022931,188.00000000,0
1531172016664,1531172016660,2217478,0.00022958,506.00000000,0
1531172019546,1531172019542,2217479,0.00022958,24.00000000,0
1531172043370,1531172043366,2217480,0.00022958,620.00000000,0
1531172043380,1531172043375,2217481,0.00022958,625.00000000,0
1531172056450,1531172056446,2217482,0.00022958,35.00000000,0
1531172067767,1531172067762,2217483,0.00022931,328.00000000,1
1531172075866,1531172075862,2217484,0.00022944,529.00000000,0
1531172075880,1531172075874,2217485,0.00022931,165.00000000,1
1531172075906,1531172075904,2217486,0.00022931,291.00000000,1
1531172095807,1531172095802,2217487,0.00022958,36.00000000,0
1531172106391,1531172106388,2217488,0.00022931,611.00000000,1
1531172106409,1531172106405,2217489,0.00022931,665.00000000,1
1531172123176,1531172123173,2217490,0.00022958,29.00000000,0
1531172123186,1531172123179,2217491,0.00022958,70.00000000,0
1531172123204,1531172123199,2217492,0.00022958,66.00000000,0
1531172123209,1531172123206,2217493,0.00022958,70.00000000,0
1531172125242,1531172125236,2217494,0.00022930,5.00000000,1
1531172135092,1531172135088,2217495,0.00022931,562.00000000,1
1531172135110,1531172135106,2217496,0.00022931,338.00000000,1
1531172146461,1531172146457,2217497,0.00022931,173.00000000,1
1531172153813,1531172153811,2217498,0.00022957,70.00000000,0
1531172153813,1531172153811,2217499,0.00022958,69.00000000,0
1531172153819,1531172153816,2217500,0.00022958,620.00000000,0
1531172153827,1531172153824,2217501,0.00022958,629.00000000,0
1531172161304,1531172161299,2217502,0.00022958,19.00000000,0
1531172161323,1531172161319,2217503,0.00022958,19.00000000,0
1531172161326,1531172161321,2217504,0.00022958,19.00000000,0
1531172161337,1531172161333,2217505,0.00022958,16.00000000,0
1531172161381,1531172161377,2217506,0.00022932,16.00000000,1
1531172161655,1531172161652,2217507,0.00022945,450.00000000,0
1531172161662,1531172161659,2217508,0.00022932,320.00000000,1
1531172169820,1531172169814,2217509,0.00022932,16.00000000,0
1531172169853,1531172169849,2217510,0.00022958,307.00000000,0
1531172169878,1531172169874,2217511,0.00022958,174.00000000,0
1531172174258,1531172174253,2217512,0.00022958,5.00000000,0
1531172205158,1531172205154,2217513,0.00022931,5.00000000,1
1531172210527,1531172210522,2217514,0.00022944,358.00000000,0
1531172210546,1531172210542,2217515,0.00022931,584.00000000,1
1531172210562,1531172210557,2217516,0.00022931,219.00000000,1
1531172218441,1531172218437,2217517,0.00022930,84.00000000,1
1531172240624,1531172240619,2217518,0.00022931,64.00000000,0
1531172241360,1531172241356,2217519,0.00022931,160.00000000,1
1531172241360,1531172241356,2217520,0.00022930,191.00000000,1
1531172248330,1531172248326,2217521,0.00022930,1020.00000000,1
1531172264348,1531172264343,2217522,0.00022958,62.00000000,0
1531172264356,1531172264353,2217523,0.00022958,258.00000000,0
1531172264356,1531172264355,2217524,0.00022958,62.00000000,0
1531172264362,1531172264358,2217525,0.00022958,62.00000000,0
1531172264436,1531172264432,2217526,0.00022958,62.00000000,0
1531172265598,1531172265594,2217527,0.00022936,65.00000000,1
1531172265688,1531172265684,2217528,0.00022958,35.00000000,0
1531172303400,1531172303396,2217529,0.00022936,33.00000000,1
1531172308961,1531172308955,2217530,0.00022957,8.00000000,0
1531172308992,1531172308989,2217531,0.00022946,1503.00000000,0
1531172309002,1531172308998,2217532,0.00022957,448.00000000,0
1531172309014,1531172309011,2217533,0.00022957,514.00000000,0
1531172315390,1531172315386,2217534,0.00022957,8.00000000,1
1531172317825,1531172317822,2217535,0.00022958,27.00000000,0
1531172317835,1531172317831,2217536,0.00022958,27.00000000,0
1531172317902,1531172317899,2217537,0.00022958,7.00000000,0
1531172332087,1531172332083,2217538,0.00022958,46.00000000,0
1531172335810,1531172335808,2217539,0.00022958,45.00000000,0
1531172345203,1531172345199,2217540,0.00022958,104.00000000,0
1531172353424,1531172353421,2217541,0.00022958,219.00000000,0
1531172353432,1531172353427,2217542,0.00022958,218.00000000,0
1531172357617,1531172357612,2217543,0.00022935,122.00000000,1
1531172357617,1531172357612,2217544,0.00022930,85.00000000,1
1531172368894,1531172368890,2217545,0.00022936,257.00000000,1
1531172368920,1531172368917,2217546,0.00022936,444.00000000,1
1531172369333,1531172369328,2217547,0.00022957,216.00000000,0
1531172369333,1531172369328,2217548,0.00022958,733.00000000,0
1531172456975,1531172456971,2217549,0.00022998,13.00000000,0
1531172456975,1531172456971,2217550,0.00022999,14.00000000,0
1531172456975,1531172456971,2217551,0.00023000,5.00000000,0
1531172456975,1531172456971,2217552,0.00023071,11.00000000,0
1531172460938,1531172460934,2217553,0.00022951,43.00000000,1
1531172501823,1531172501819,2217554,0.00023070,44.00000000,0
1531172587812,1531172587808,2217555,0.00023071,7.00000000,0
1531172588338,1531172588334,2217556,0.00023018,20.00000000,1
1531172628598,1531172628594,2217557,0.00023045,1713.00000000,0
1531172628610,1531172628607,2217558,0.00023019,392.00000000,1
1531172628636,1531172628631,2217559,0.00023019,714.00000000,1
1531172632996,1531172632958,2217560,0.00023071,7.00000000,0
1531172632996,1531172632958,2217561,0.00023072,2.00000000,0
1531172643340,1531172643336,2217562,0.00023045,1475.00000000,0
1531172643351,1531172643347,2217563,0.00023019,54.00000000,1
1531172643372,1531172643369,2217564,0.00023019,527.00000000,1
1531172666985,1531172666981,2217565,0.00023046,610.00000000,0
1531172667004,1531172667001,2217566,0.00023021,259.00000000,1
1531172667019,1531172667016,2217567,0.00023021,587.00000000,1
1531172682878,1531172682874,2217568,0.00023045,723.00000000,0
1531172682892,1531172682889,2217569,0.00023071,709.00000000,0
1531172725848,1531172725844,2217570,0.00023046,554.00000000,0
1531172725857,1531172725853,2217571,0.00023021,272.00000000,1
1531172753708,1531172753705,2217572,0.00023044,510.00000000,0
1531172753721,1531172753718,2217573,0.00023019,46.00000000,1
1531172753737,1531172753732,2217574,0.00023019,297.00000000,1
1531172763141,1531172763137,2217575,0.00023070,10.00000000,0
1531172763141,1531172763137,2217576,0.00023072,33.00000000,0
1531172764596,1531172764592,2217577,0.00023018,43.00000000,1
1531172789664,1531172789661,2217578,0.00023040,780.00000000,0
1531172789678,1531172789673,2217579,0.00023014,92.00000000,1
1531172789703,1531172789698,2217580,0.00023014,375.00000000,1
1531172794817,1531172794813,2217581,0.00022955,13.00000000,1
1531172794817,1531172794813,2217582,0.00022954,35.00000000,1
1531172794817,1531172794813,2217583,0.00022950,204.00000000,1
1531172794835,1531172794831,2217584,0.00022950,29.00000000,1
1531172803106,1531172803101,2217585,0.00022953,116.00000000,1
1531172850365,1531172850361,2217586,0.00022952,8.00000000,1
1531172850882,1531172850877,2217587,0.00022951,234.00000000,0
1531172864806,1531172864802,2217588,0.00022951,788.00000000,1
1531172876489,1531172876485,2217589,0.00022951,349.00000000,1
1531172877913,1531172877908,2217590,0.00022981,815.00000000,0
1531172877927,1531172877924,2217591,0.00022951,94.00000000,1
1531172909826,1531172909822,2217592,0.00022951,349.00000000,0
1531172937364,1531172937361,2217593,0.00022991,96.00000000,0
1531172937374,1531172937371,2217594,0.00022951,94.00000000,1
1531172986910,1531172986907,2217595,0.00022951,349.00000000,0
1531173012525,1531173012522,2217596,0.00022951,94.00000000,1
1531173093490,1531173093488,2217597,0.00022950,27.00000000,1
1531173093490,1531173093488,2217598,0.00022930,81.00000000,1
1531173093492,1531173093489,2217599,0.00022930,27.00000000,1
1531173093497,1531173093494,2217600,0.00022930,27.00000000,1
1531173093796,1531173093792,2217601,0.00022930,47.00000000,1
1531173093796,1531173093792,2217602,0.00022928,35.00000000,1
1531173100326,1531173100323,2217603,0.00022836,8.00000000,0
1531173258342,1531173258339,2217604,0.00022836,8.00000000,1
1531173280922,1531173280921,2217605,0.00022877,28.00000000,0
1531173280922,1531173280921,2217606,0.00022878,10.00000000,0
1531173280922,1531173280921,2217607,0.00022888,63.00000000,0
1531173334633,1531173334631,2217608,0.00022885,192.00000000,0
1531173334655,1531173334652,2217609,0.00022885,270.00000000,0
1531173428205,1531173428202,2217610,0.00022899,5.00000000,0
1531173432435,1531173432428,2217611,0.00022851,14.00000000,1
1531173432435,1531173432428,2217612,0.00022836,4.00000000,1
1531173432435,1531173432428,2217613,0.00022827,10.00000000,1
1531173432435,1531173432428,2217614,0.00022826,62.00000000,1
1531173432435,1531173432428,2217615,0.00022824,26.00000000,1
1531173432435,1531173432428,2217616,0.00022805,5.00000000,1
1531173432435,1531173432428,2217617,0.00022803,14.00000000,1
1531173432435,1531173432428,2217618,0.00022795,5.00000000,1
1531173432435,1531173432428,2217619,0.00022785,10.00000000,1
1531173432435,1531173432428,2217620,0.00022780,5.00000000,1
1531173432435,1531173432428,2217621,0.00022775,5.00000000,1
1531173432435,1531173432428,2217622,0.00022770,5.00000000,1
1531173432435,1531173432428,2217623,0.00022762,17.00000000,1
1531173432435,1531173432428,2217624,0.00022755,14.00000000,1
1531173432435,1531173432428,2217625,0.00022743,100.00000000,1
1531173432435,1531173432428,2217626,0.00022731,14.00000000,1
1531173432447,1531173432444,2217627,0.00022731,827.00000000,0
1531173432938,1531173432935,2217628,0.00022721,3.00000000,1
1531173500594,1531173500591,2217629,0.00022755,58.00000000,1
1531173500594,1531173500591,2217630,0.00022754,5.00000000,1
1531173500594,1531173500591,2217631,0.00022753,19.00000000,1
1531173508908,1531173508906,2217632,0.00022807,38.00000000,0
1531173548112,1531173548109,2217633,0.00022803,203.00000000,0
1531173580309,1531173580307,2217634,0.00022802,10.00000000,0
1531173624205,1531173624201,2217635,0.00022804,88.00000000,0
1531173624205,1531173624201,2217636,0.00022805,170.00000000,0
1531173624365,1531173624362,2217637,0.00022805,137.00000000,0
1531173624515,1531173624512,2217638,0.00022808,35.00000000,0
1531173626355,1531173626351,2217639,0.00022808,140.00000000,0
1531173627593,1531173627591,2217640,0.00022810,13.00000000,0
1531173628350,1531173628346,2217641,0.00022811,14.00000000,0
1531173629353,1531173629351,2217642,0.00022835,35.00000000,0
1531173630807,1531173630804,2217643,0.00022879,46.00000000,0
1531173630832,1531173630831,2217644,0.00022879,1.00000000,0
1531173630832,1531173630831,2217645,0.00022888,28.00000000,0
1531173630852,1531173630849,2217646,0.00022888,24.00000000,0
1531173630898,1531173630894,2217647,0.00022888,24.00000000,0
1531173630900,1531173630898,2217648,0.00022888,24.00000000,0
1531173631318,1531173631316,2217649,0.00022898,6.00000000,0
1531173631324,1531173631320,2217650,0.00022898,6.00000000,0
1531173631355,1531173631353,2217651,0.00022898,6.00000000,0
