event_time,trade_time,trade_id,price,quantity,maker
1531160270714,1531160270710,17491674,0.00122140,130.00000000,1
1531160271478,1531160271473,17491675,0.00122140,9.81000000,1
1531160271567,1531160271564,17491676,0.00122150,0.36000000,0
1531160271633,1531160271629,17491677,0.00122150,2.00000000,1
1531160272068,1531160272063,17491678,0.00122150,6.90000000,1
1531160272068,1531160272063,17491679,0.00122140,0.65000000,1
1531160274232,1531160274228,17491680,0.00122140,88.28000000,1
1531160274555,1531160274553,17491681,0.00122140,182.14000000,1
1531160275275,1531160275271,17491682,0.00122160,51.90000000,0
1531160275832,1531160275812,17491683,0.00122140,25.67000000,1
1531160277692,1531160277688,17491684,0.00122130,1.00000000,0
1531160278601,1531160278598,17491685,0.00122130,6.85000000,0
1531160278601,1531160278598,17491686,0.00122140,7.15000000,0
1531160279891,1531160279888,17491687,0.00122140,2.73000000,0
1531160279891,1531160279888,17491688,0.00122190,67.19000000,0
1531160279891,1531160279888,17491689,0.00122200,8.28000000,0
1531160281730,1531160281727,17491690,0.00122190,34.59000000,0
1531160282174,1531160282172,17491691,0.00122180,92.52000000,0
1531160283247,1531160283243,17491692,0.00122180,2.00000000,0
1531160283799,1531160283797,17491693,0.00122180,1.01000000,0
1531160290916,1531160290914,17491694,0.00122090,3.00000000,1
1531160292131,1531160292129,17491695,0.00122200,14.92000000,1
1531160292176,1531160292173,17491696,0.00122200,29.41000000,1
1531160292819,1531160292816,17491697,0.00122200,14.92000000,1
1531160292825,1531160292822,17491698,0.00122200,24.64000000,1
1531160293145,1531160293142,17491699,0.00122140,106.25000000,0
1531160293889,1531160293886,17491700,0.00122110,185.23000000,0
1531160293901,1531160293898,17491701,0.00122090,95.01000000,1
1531160295082,1531160295081,17491702,0.00122080,8.74000000,1
1531160295094,1531160295091,17491703,0.00122090,3.00000000,0
1531160295095,1531160295092,17491704,0.00122090,8.74000000,1
1531160296428,1531160296426,17491705,0.00122100,9.81000000,1
1531160297850,1531160297847,17491706,0.00122100,9.00000000,1
1531160298364,1531160298361,17491707,0.00122100,26.21000000,1
1531160298845,1531160298844,17491708,0.00122100,155.76000000,1
1531160299903,1531160299900,17491709,0.00122090,83.96000000,1
1531160299903,1531160299900,17491710,0.00122080,257.82000000,1
1531160300304,1531160300300,17491711,0.00122080,3.05000000,1
1531160301342,1531160301339,17491712,0.00122080,210.33000000,1
1531160302954,1531160302951,17491713,0.00122060,14.52000000,1
1531160303066,1531160303063,17491714,0.00122080,100.00000000,0
1531160306025,1531160306021,17491715,0.00122080,33.37000000,0
1531160307128,1531160307125,17491716,0.00122080,106.31000000,0
1531160307882,1531160307880,17491717,0.00122080,1.25000000,0
1531160311247,1531160311244,17491718,0.00122080,60.94000000,1
1531160311648,1531160311645,17491719,0.00122060,82.81000000,1
1531160312841,1531160312838,17491720,0.00122050,19.77000000,1
1531160313186,1531160313181,17491721,0.00122040,0.03000000,1
1531160313506,1531160313502,17491722,0.00122040,4.49000000,0
1531160313514,1531160313511,17491723,0.00122040,0.01000000,0
1531160313514,1531160313511,17491724,0.00122050,496.67000000,0
1531160315707,1531160315703,17491725,0.00122050,20.00000000,0
1531160317630,1531160317627,17491726,0.00122000,3.26000000,1
1531160317815,1531160317811,17491727,0.00122000,24.89000000,1
1531160318980,1531160318977,17491728,0.00122040,1.07000000,0
1531160319271,1531160319268,17491729,0.00122000,11.27000000,1
1531160319324,1531160319320,17491730,0.00122040,23.70000000,0
1531160321164,1531160321161,17491731,0.00122040,106.32000000,0
1531160322095,1531160322090,17491732,0.00122040,6.93000000,0
1531160322407,1531160322407,17491733,0.00122000,127.07000000,1
1531160324331,1531160324326,17491734,0.00122000,5.00000000,1
1531160324331,1531160324326,17491735,0.00121990,31.78000000,1
1531160324331,1531160324326,17491736,0.00121930,90.14000000,1
1531160324331,1531160324326,17491737,0.00121930,1.24000000,1
1531160324332,1531160324326,17491738,0.00121930,8.30000000,1
1531160328022,1531160328018,17491739,0.00121920,500.00000000,1
1531160328609,1531160328605,17491740,0.00121920,8.21000000,1
1531160329724,1531160329721,17491741,0.00121920,700.00000000,1
1531160330847,1531160330844,17491742,0.00121920,89.30000000,1
1531160330987,1531160330983,17491743,0.00121920,1241.12000000,1
1531160331089,1531160331086,17491744,0.00121910,104.71000000,1
1531160333092,1531160333089,17491745,0.00121900,20.00000000,1
1531160333217,1531160333213,17491746,0.00121880,25.77000000,1
1531160333217,1531160333213,17491747,0.00121870,13.20000000,1
1531160333217,1531160333213,17491748,0.00121850,69.53000000,1
1531160333217,1531160333213,17491749,0.00121800,20.00000000,1
1531160333217,1531160333213,17491750,0.00121780,311.21000000,1
1531160333218,1531160333213,17491751,0.00121780,2.53000000,1
1531160333491,1531160333486,17491752,0.00121770,39.56000000,1
1531160334096,1531160334094,17491753,0.00121900,106.35000000,0
1531160334796,1531160334792,17491754,0.00121900,32.32000000,0
1531160336686,1531160336683,17491755,0.00121880,0.95000000,0
1531160340065,1531160340062,17491756,0.00121770,24.81000000,1
1531160340696,1531160340694,17491757,0.00121780,330.63000000,1
1531160340696,1531160340694,17491758,0.00121770,61.63000000,1
1531160340724,1531160340722,17491759,0.00121760,55.56000000,0
1531160340728,1531160340725,17491760,0.00121760,55.57000000,0
1531160340765,1531160340762,17491761,0.00121760,75.93000000,0
1531160343146,1531160343143,17491762,0.00121810,88.45000000,1
1531160344321,1531160344317,17491763,0.00121810,199.55000000,1
1531160344321,1531160344317,17491764,0.00121800,300.45000000,1
1531160347009,1531160347006,17491765,0.00121950,2.58000000,0
1531160347009,1531160347006,17491766,0.00121960,80.00000000,0
1531160347248,1531160347245,17491767,0.00121830,88.45000000,1
1531160347655,1531160347652,17491768,0.00122010,80.00000000,0
1531160347717,1531160347714,17491769,0.00122010,157.70000000,1
1531160347740,1531160347738,17491770,0.00122010,4.00000000,1
1531160348367,1531160348363,17491771,0.00122010,0.88000000,1
1531160348367,1531160348363,17491772,0.00121830,499.12000000,1
1531160348665,1531160348662,17491773,0.00121830,101.00000000,1
1531160349302,1531160349299,17491774,0.00121950,12.76000000,0
1531160349737,1531160349734,17491775,0.00122010,11.00000000,1
1531160349773,1531160349768,17491776,0.00122010,0.82000000,1
1531160352721,1531160352717,17491777,0.00121830,23.68000000,1
1531160353413,1531160353409,17491778,0.00121950,55.57000000,0
1531160357804,1531160357801,17491779,0.00121930,117.54000000,0
1531160358127,1531160358124,17491780,0.00121840,3.79000000,1
1531160358127,1531160358124,17491781,0.00121830,6.04000000,1
1531160363721,1531160363718,17491782,0.00121900,1.59000000,0
1531160363799,1531160363799,17491783,0.00121900,2.00000000,0
1531160369589,1531160369586,17491784,0.00121900,0.88000000,0
1531160370232,1531160370230,17491785,0.00121900,83.60000000,0
1531160370394,1531160370391,17491786,0.00121900,7.36000000,0
1531160371131,1531160371128,17491787,0.00121900,0.01000000,0
1531160372078,1531160372074,17491788,0.00121840,1.64000000,1
1531160372078,1531160372074,17491789,0.00121830,6.59000000,1
1531160375689,1531160375686,17491790,0.00121910,55.57000000,0
1531160379243,1531160379240,17491791,0.00121990,82.00000000,0
1531160379988,1531160379985,17491792,0.00121990,101.56000000,0
1531160383032,1531160383027,17491793,0.00122070,84.48000000,0
1531160383631,1531160383628,17491794,0.00122080,15.00000000,0
1531160385635,1531160385632,17491795,0.00122010,84.80000000,1
1531160386807,1531160386804,17491796,0.00122080,44.07000000,0
1531160386807,1531160386804,17491797,0.00122130,9.90000000,0
1531160387522,1531160387519,17491798,0.00122110,10.13000000,0
1531160390746,1531160390742,17491799,0.00122080,2.16000000,1
1531160392620,1531160392618,17491800,0.00122110,1.63000000,0
1531160394174,1531160394172,17491801,0.00122090,12.00000000,1
1531160394313,1531160394310,17491802,0.00122090,9.80000000,1
1531160395075,1531160395073,17491803,0.00122090,13.20000000,1
1531160395080,1531160395076,17491804,0.00122090,0.40000000,1
1531160395080,1531160395076,17491805,0.00122080,0.01000000,1
1531160395080,1531160395076,17491806,0.00122000,264.30000000,1
1531160397959,1531160397955,17491807,0.00122000,29.42000000,1
1531160398069,1531160398067,17491808,0.00122000,264.71000000,1
1531160398869,1531160398866,17491809,0.00122000,6.56000000,1
1531160399470,1531160399466,17491810,0.00122000,0.57000000,1
1531160399550,1531160399547,17491811,0.00122000,1.00000000,1
1531160400997,1531160400993,17491812,0.00122020,0.99000000,1
1531160401072,1531160401070,17491813,0.00122020,312.35000000,1
1531160401555,1531160401551,17491814,0.00122080,13.59000000,0
1531160401581,1531160401580,17491815,0.00122120,9.00000000,0
1531160401638,1531160401638,17491816,0.00122130,82.46000000,0
1531160401655,1531160401653,17491817,0.00122130,0.83000000,0
1531160401707,1531160401703,17491818,0.00122150,8.91000000,0
1531160401759,1531160401756,17491819,0.00122130,29.40000000,1
1531160402153,1531160402150,17491820,0.00122130,52.77000000,1
1531160402153,1531160402150,17491821,0.00122090,13.45000000,1
1531160402153,1531160402150,17491822,0.00122080,13.60000000,1
1531160402153,1531160402150,17491823,0.00122020,8.42000000,1
1531160402795,1531160402790,17491824,0.00122120,0.09000000,0
1531160402987,1531160402983,17491825,0.00122120,8.26000000,0
1531160402987,1531160402983,17491826,0.00122150,0.09000000,0
1531160402987,1531160402983,17491827,0.00122190,97.80000000,0
1531160403491,1531160403488,17491828,0.00122100,2.00000000,1
1531160403566,1531160403564,17491829,0.00122100,2.00000000,1
1531160403979,1531160403975,17491830,0.00122100,17.88000000,1
1531160404157,1531160404154,17491831,0.00122190,49.85000000,0
1531160405106,1531160405102,17491832,0.00122110,0.10000000,1
1531160405383,1531160405381,17491833,0.00122200,9.78000000,0
1531160405513,1531160405509,17491834,0.00122110,11.02000000,1
1531160406081,1531160406078,17491835,0.00122110,8.20000000,1
1531160406711,1531160406710,17491836,0.00122200,0.01000000,0
1531160406912,1531160406909,17491837,0.00122120,11.01000000,1
1531160407081,1531160407077,17491838,0.00122120,1.32000000,1
1531160409104,1531160409100,17491839,0.00122130,1.63000000,1
1531160409104,1531160409100,17491840,0.00122120,22.98000000,1
1531160409703,1531160409698,17491841,0.00122210,25.73000000,0
1531160411347,1531160411344,17491842,0.00122200,217.69000000,1
1531160411456,1531160411452,17491843,0.00122230,0.90000000,0
1531160411735,1531160411733,17491844,0.00122200,4.10000000,1
1531160411758,1531160411756,17491845,0.00122200,2.86000000,1
1531160411902,1531160411899,17491846,0.00122140,264.27000000,1
1531160412564,1531160412561,17491847,0.00122230,7.18000000,0
1531160412719,1531160412714,17491848,0.00122230,2.32000000,0
1531160412780,1531160412775,17491849,0.00122140,95.67000000,1
1531160413688,1531160413685,17491850,0.00122230,1.39000000,0
1531160414976,1531160414973,17491851,0.00122140,3.06000000,1
1531160414976,1531160414973,17491852,0.00122130,5.14000000,1
1531160415062,1531160415059,17491853,0.00122220,1.64000000,0
1531160415381,1531160415377,17491854,0.00122220,4.09000000,0
1531160415535,1531160415531,17491855,0.00122130,22.01000000,1
1531160415739,1531160415735,17491856,0.00122220,18.75000000,0
1531160416731,1531160416728,17491857,0.00122130,88.02000000,1
1531160416752,1531160416749,17491858,0.00122130,6.48000000,1
1531160417136,1531160417134,17491859,0.00122130,117.76000000,1
1531160417136,1531160417134,17491860,0.00122120,124.50000000,1
1531160417136,1531160417134,17491861,0.00122110,29.13000000,1
1531160418131,1531160418128,17491862,0.00122100,88.14000000,1
1531160418605,1531160418601,17491863,0.00122190,2.05000000,0
1531160418664,1531160418660,17491864,0.00122100,187.85000000,1
1531160419155,1531160419152,17491865,0.00122190,1.23000000,0
1531160419217,1531160419213,17491866,0.00122100,1.90000000,1
1531160419551,1531160419549,17491867,0.00122090,106.20000000,0
1531160419620,1531160419619,17491868,0.00122090,1.64000000,0
1531160419692,1531160419688,17491869,0.00122090,2.16000000,0
1531160419692,1531160419688,17491870,0.00122190,1.11000000,0
1531160419753,1531160419750,17491871,0.00122080,100.36000000,1
1531160420262,1531160420258,17491872,0.00122090,4.02000000,0
1531160420440,1531160420436,17491873,0.00122010,8.21000000,1
1531160420753,1531160420748,17491874,0.00122010,2.79000000,1
1531160420753,1531160420748,17491875,0.00122000,26.58000000,1
1531160421013,1531160421010,17491876,0.00122000,13.88000000,1
1531160421047,1531160421044,17491877,0.00122000,189.10000000,1
1531160421384,1531160421381,17491878,0.00122000,8.22000000,1
1531160422028,1531160422025,17491879,0.00121900,1.00000000,1
1531160422105,1531160422102,17491880,0.00121900,1.00000000,1
1531160423724,1531160423723,17491881,0.00121890,5.15000000,1
1531160424500,1531160424495,17491882,0.00121890,22.85000000,1
1531160424500,1531160424495,17491883,0.00121870,6.59000000,1
1531160424848,1531160424845,17491884,0.00121900,28.00000000,0
1531160424848,1531160424845,17491885,0.00121930,9.33000000,0
1531160424848,1531160424845,17491886,0.00121980,131.16000000,0
1531160428300,1531160428296,17491887,0.00121880,4.02000000,0
1531160428300,1531160428296,17491888,0.00121920,80.00000000,0
1531160428300,1531160428296,17491889,0.00121970,13.44000000,0
1531160428317,1531160428314,17491890,0.00121970,97.40000000,0
1531160428865,1531160428862,17491891,0.00121970,25.83000000,0
1531160431429,1531160431425,17491892,0.00121900,9.01000000,1
1531160431429,1531160431425,17491893,0.00121830,38.47000000,1
1531160431429,1531160431425,17491894,0.00121800,9.96000000,1
1531160431429,1531160431425,17491895,0.00121770,34.22000000,1
1531160432556,1531160432551,17491896,0.00121780,7.10000000,1
1531160432558,1531160432555,17491897,0.00121950,106.30000000,0
1531160434494,1531160434491,17491898,0.00121930,5.83000000,0
1531160435331,1531160435327,17491899,0.00121930,32.80000000,0
1531160438863,1531160438860,17491900,0.00121900,41.14000000,1
1531160439610,1531160439607,17491901,0.00121930,193.27000000,0
1531160439723,1531160439720,17491902,0.00121930,9.81000000,1
1531160442129,1531160442125,17491903,0.00121930,9.81000000,1
1531160444450,1531160444448,17491904,0.00121940,5.69000000,0
1531160444688,1531160444686,17491905,0.00121930,6.83000000,1
1531160445118,1531160445115,17491906,0.00121930,9.81000000,1
1531160446010,1531160446006,17491907,0.00121930,18.51000000,1
1531160447055,1531160447052,17491908,0.00121940,1.41000000,0
1531160447055,1531160447052,17491909,0.00121990,8.22000000,0
1531160447055,1531160447052,17491910,0.00122010,8.00000000,0
1531160447055,1531160447052,17491911,0.00122080,61.00000000,0
1531160447055,1531160447052,17491912,0.00122090,71.37000000,0
1531160447438,1531160447435,17491913,0.00121930,11.36000000,1
1531160447529,1531160447526,17491914,0.00121930,5.62000000,1
1531160448133,1531160448131,17491915,0.00121940,11.03000000,1
1531160448133,1531160448131,17491916,0.00121930,18.40000000,1
1531160448293,1531160448290,17491917,0.00121930,8.82000000,1
1531160449512,1531160449507,17491918,0.00121930,11.02000000,1
1531160451122,1531160451117,17491919,0.00121930,29.43000000,1
1531160451476,1531160451472,17491920,0.00122050,60.00000000,0
1531160451476,1531160451472,17491921,0.00122070,214.43000000,0
1531160454096,1531160454092,17491922,0.00121930,29.43000000,1
1531160456433,1531160456430,17491923,0.00122060,44.54000000,0
1531160456448,1531160456446,17491924,0.00122060,44.57000000,0
1531160456470,1531160456466,17491925,0.00122060,4.89000000,0
1531160456521,1531160456518,17491926,0.00122060,25.22000000,1
1531160456547,1531160456544,17491927,0.00122080,11.03000000,0
1531160456547,1531160456544,17491928,0.00122090,4.61000000,0
1531160456547,1531160456544,17491929,0.00122130,84.36000000,0
1531160456787,1531160456782,17491930,0.00122060,0.78000000,1
1531160458564,1531160458562,17491931,0.00121950,11.03000000,1
1531160459565,1531160459562,17491932,0.00121940,18.23000000,1
1531160459670,1531160459667,17491933,0.00121940,0.01000000,1
1531160460134,1531160460130,17491934,0.00121940,88.29000000,1
1531160465039,1531160465036,17491935,0.00122070,1.05000000,0
1531160470191,1531160470188,17491936,0.00122050,100.00000000,0
1531160470417,1531160470414,17491937,0.00121960,48.60000000,1
1531160470513,1531160470510,17491938,0.00121960,8.21000000,1
1531160474297,1531160474296,17491939,0.00121970,88.23000000,1
1531160478840,1531160478836,17491940,0.00121950,29.41000000,1
1531160479720,1531160479716,17491941,0.00122090,11.03000000,0
1531160479771,1531160479770,17491942,0.00122090,11.03000000,1
1531160479788,1531160479785,17491943,0.00121950,21.39000000,1
1531160480486,1531160480482,17491944,0.00122110,13.05000000,0
1531160480486,1531160480482,17491945,0.00122130,1.82000000,0
1531160480486,1531160480482,17491946,0.00122150,40.00000000,0
1531160480486,1531160480482,17491947,0.00122170,3.00000000,0
1531160480486,1531160480482,17491948,0.00122200,48.86000000,0
1531160481134,1531160481132,17491949,0.00122000,29.41000000,1
1531160484516,1531160484512,17491950,0.00122020,9.80000000,1
1531160485649,1531160485649,17491951,0.00122020,110.00000000,1
1531160487157,1531160487153,17491952,0.00122030,1.63000000,1
1531160487157,1531160487153,17491953,0.00122020,8.17000000,1
1531160488780,1531160488777,17491954,0.00122020,60.46000000,1
1531160490174,1531160490171,17491955,0.00122000,9.80000000,1
1531160491349,1531160491345,17491956,0.00122020,3.17000000,0
1531160492548,1531160492545,17491957,0.00122000,53.78000000,1
1531160493579,1531160493574,17491958,0.00122020,106.91000000,0
1531160495003,1531160494999,17491959,0.00122000,2.43000000,1
1531160495321,1531160495317,17491960,0.00122000,7.00000000,0
1531160498343,1531160498340,17491961,0.00121980,89.37000000,0
1531160498351,1531160498351,17491962,0.00121980,58.00000000,0
1531160506714,1531160506712,17491963,0.00121960,106.17000000,0
1531160508546,1531160508543,17491964,0.00121960,201.93000000,0
1531160508555,1531160508551,17491965,0.00121960,51.57000000,0
1531160510760,1531160510755,17491966,0.00122000,62.68000000,0
1531160515107,1531160515102,17491967,0.00122120,1.52000000,0
1531160519538,1531160519534,17491968,0.00122000,32.32000000,1
1531160519575,1531160519575,17491969,0.00122090,81.25000000,0
1531160520776,1531160520774,17491970,0.00122000,68.00000000,1
1531160521427,1531160521426,17491971,0.00122080,106.90000000,0
1531160526789,1531160526787,17491972,0.00122050,9.80000000,1
1531160526974,1531160526970,17491973,0.00122120,271.31000000,0
1531160526974,1531160526970,17491974,0.00122170,6.09000000,0
1531160528097,1531160528093,17491975,0.00122050,22.98000000,1
1531160529788,1531160529783,17491976,0.00122050,10.47000000,1
1531160530204,1531160530201,17491977,0.00122040,9.00000000,0
1531160531077,1531160531073,17491978,0.00122010,1.63000000,1
1531160531077,1531160531073,17491979,0.00122000,122.95000000,1
1531160532785,1531160532782,17491980,0.00121980,1.23000000,1
1531160533815,1531160533811,17491981,0.00121970,25.65000000,1
1531160533851,1531160533847,17491982,0.00121960,25.39000000,1
1531160533942,1531160533938,17491983,0.00121960,59.00000000,1
1531160534087,1531160534085,17491984,0.00121950,5.00000000,1
1531160534742,1531160534739,17491985,0.00121940,4.00000000,1
1531160535784,1531160535781,17491986,0.00121970,106.26000000,0
1531160536656,1531160536652,17491987,0.00121940,2.08000000,1
1531160536656,1531160536652,17491988,0.00121930,18.93000000,1
1531160536815,1531160536812,17491989,0.00121900,4.87000000,1
1531160536816,1531160536812,17491990,0.00121900,21.01000000,0
1531160536816,1531160536812,17491991,0.00121930,63.03000000,0
1531160536816,1531160536812,17491992,0.00121960,15.96000000,0
1531160538129,1531160538126,17491993,0.00121900,37.00000000,1
1531160539795,1531160539791,17491994,0.00121930,5.47000000,0
1531160540287,1531160540284,17491995,0.00121930,148.71000000,0
1531160542138,1531160542133,17491996,0.00121900,333.00000000,1
1531160542637,1531160542635,17491997,0.00121900,0.07000000,1
1531160544147,1531160544143,17491998,0.00121840,81.90000000,1
1531160544450,1531160544448,17491999,0.00121900,1.60000000,0
1531160546841,1531160546837,17492000,0.00121840,20.93000000,1
1531160546947,1531160546943,17492001,0.00121840,4.66000000,1
1531160548253,1531160548249,17492002,0.00121850,249.40000000,1
1531160548280,1531160548277,17492003,0.00121850,0.01000000,1
1531160548280,1531160548277,17492004,0.00121840,58.99000000,1
1531160548542,1531160548538,17492005,0.00121840,0.90000000,1
1531160549259,1531160549241,17492006,0.00121800,35.20000000,1
1531160549336,1531160549332,17492007,0.00121840,25.51000000,0
1531160549336,1531160549332,17492008,0.00121860,80.77000000,0
1531160550128,1531160550126,17492009,0.00121800,0.07000000,1
1531160550151,1531160550148,17492010,0.00121780,6.74000000,0
1531160550727,1531160550724,17492011,0.00121770,59.48000000,1
1531160550741,1531160550737,17492012,0.00121760,9.94000000,1
1531160551133,1531160551129,17492013,0.00121750,0.85000000,1
1531160551133,1531160551129,17492014,0.00121720,22.80000000,1
1531160551133,1531160551129,17492015,0.00121690,5.86000000,1
1531160553983,1531160553979,17492016,0.00121640,0.18000000,1
1531160554074,1531160554071,17492017,0.00121640,1.62000000,1
1531160555082,1531160555078,17492018,0.00121640,4.13000000,1
1531160556759,1531160556755,17492019,0.00121640,1.46000000,1
1531160562328,1531160562323,17492020,0.00121760,53.61000000,0
1531160562328,1531160562323,17492021,0.00121770,52.63000000,0
1531160564894,1531160564890,17492022,0.00121760,0.20000000,0
1531160570016,1531160570012,17492023,0.00121740,40.00000000,0
1531160573244,1531160573240,17492024,0.00121770,2.25000000,0
1531160575595,1531160575592,17492025,0.00121660,41.54000000,1
1531160586392,1531160586388,17492026,0.00121670,106.39000000,0
1531160586757,1531160586753,17492027,0.00121660,9.00000000,1
1531160590631,1531160590628,17492028,0.00121670,7.06000000,0
1531160592671,1531160592667,17492029,0.00121670,81.89000000,0
1531160592694,1531160592689,17492030,0.00121670,4.66000000,0
1531160598255,1531160598251,17492031,0.00121680,1.64000000,1
1531160598255,1531160598251,17492032,0.00121660,37.51000000,1
1531160598290,1531160598286,17492033,0.00121660,6.99000000,1
1531160598429,1531160598425,17492034,0.00121760,1.07000000,0
1531160602657,1531160602653,17492035,0.00121730,356.00000000,0
1531160602820,1531160602816,17492036,0.00121740,8.30000000,0
1531160602998,1531160602994,17492037,0.00121740,3.32000000,0
1531160603291,1531160603287,17492038,0.00121670,3.74000000,1
1531160603291,1531160603287,17492039,0.00121660,41.26000000,1
1531160603591,1531160603587,17492040,0.00121660,0.92000000,1
1531160603784,1531160603781,17492041,0.00121740,0.83000000,0
1531160603892,1531160603888,17492042,0.00121740,106.14000000,0
1531160606970,1531160606965,17492043,0.00121660,1.26000000,1
1531160608964,1531160608961,17492044,0.00121660,20.70000000,1
1531160611872,1531160611868,17492045,0.00121710,6.26000000,0
1531160611884,1531160611880,17492046,0.00121760,5.58000000,0
1531160614014,1531160614010,17492047,0.00121770,1.66000000,0
1531160616974,1531160616971,17492048,0.00121660,1.32000000,1
1531160619324,1531160619320,17492049,0.00121760,324.52000000,0
1531160623674,1531160623670,17492050,0.00121700,106.15000000,0
1531160623888,1531160623884,17492051,0.00121670,480.14000000,1
1531160623888,1531160623884,17492052,0.00121660,621.66000000,1
1531160623918,1531160623914,17492053,0.00121660,3.13000000,0
1531160624368,1531160624363,17492054,0.00121660,737.12000000,0
1531160631779,1531160631774,17492055,0.00121660,1.54000000,0
1531160633894,1531160633891,17492056,0.00121650,245.46000000,1
1531160633905,1531160633900,17492057,0.00121650,79.35000000,0
1531160633927,1531160633922,17492058,0.00121650,245.46000000,1
1531160634524,1531160634520,17492059,0.00121660,8.21000000,0
1531160634940,1531160634937,17492060,0.00121660,3.34000000,0
1531160638440,1531160638436,17492061,0.00121660,106.28000000,0
1531160643586,1531160643583,17492062,0.00121650,324.82000000,0
1531160644058,1531160644053,17492063,0.00121640,56.64000000,1
1531160644058,1531160644053,17492064,0.00121660,50.00000000,0
1531160645797,1531160645794,17492065,0.00121640,68.34000000,0
1531160649275,1531160649270,17492066,0.00121660,16.19000000,0
1531160649780,1531160649776,17492067,0.00121660,59.00000000,0
1531160651609,1531160651605,17492068,0.00121660,106.17000000,0
1531160652445,1531160652444,17492069,0.00121640,1.07000000,1
1531160655331,1531160655327,17492070,0.00121660,1.03000000,0
1531160660644,1531160660640,17492071,0.00121660,9.00000000,0
1531160663820,1531160663815,17492072,0.00121640,2.19000000,1
1531160663820,1531160663815,17492073,0.00121620,24.93000000,1
1531160663820,1531160663815,17492074,0.00121600,19.83000000,1
1531160664459,1531160664455,17492075,0.00121660,106.18000000,0
1531160666073,1531160666048,17492076,0.00121660,1.03000000,0
1531160667083,1531160667079,17492077,0.00121660,189.98000000,0
1531160669790,1531160669787,17492078,0.00121770,12.40000000,0
1531160669790,1531160669787,17492079,0.00121780,0.01000000,0
1531160669790,1531160669787,17492080,0.00121820,130.24000000,0
1531160669906,1531160669903,17492081,0.00121850,88.43000000,1
1531160670018,1531160670015,17492082,0.00121850,110.00000000,1
1531160670797,1531160670795,17492083,0.00121850,509.88000000,1
1531160670815,1531160670812,17492084,0.00121850,375.96000000,1
1531160681781,1531160681777,17492085,0.00121680,142.06000000,1
1531160681814,1531160681810,17492086,0.00121740,39.33000000,0
1531160700500,1531160700497,17492087,0.00121660,49.97000000,1
1531160704364,1531160704360,17492088,0.00121790,0.10000000,0
1531160716223,1531160716219,17492089,0.00121790,2.35000000,0
1531160718341,1531160718338,17492090,0.00121860,82.00000000,0
1531160718341,1531160718338,17492091,0.00121870,24.13000000,0
1531160724302,1531160724297,17492092,0.00121840,9.73000000,1
1531160724302,1531160724297,17492093,0.00121790,10.01000000,1
1531160724302,1531160724297,17492094,0.00121710,3.27000000,1
1531160724302,1531160724297,17492095,0.00121700,80.00000000,1
1531160724327,1531160724322,17492096,0.00121700,144.58000000,0
1531160724899,1531160724897,17492097,0.00121860,31.47000000,0
1531160729322,1531160729317,17492098,0.00121840,209.00000000,0
1531160731172,1531160731169,17492099,0.00121840,154.62000000,0
1531160738050,1531160738047,17492100,0.00121840,158.37000000,1
1531160738070,1531160738066,17492101,0.00121850,173.09000000,0
1531160738093,1531160738089,17492102,0.00121840,209.00000000,1
1531160738424,1531160738420,17492103,0.00121840,120.25000000,0
1531160738426,1531160738421,17492104,0.00121840,34.37000000,0
1531160739477,1531160739471,17492105,0.00121860,201.61000000,0
1531160739477,1531160739471,17492106,0.00121900,4.86000000,0
1531160739477,1531160739471,17492107,0.00121930,80.00000000,0
1531160739477,1531160739471,17492108,0.00121950,73.53000000,0
1531160741323,1531160741319,17492109,0.00121930,240.00000000,0
1531160741556,1531160741553,17492110,0.00121850,6.31000000,1
1531160741556,1531160741553,17492111,0.00121840,19.46000000,1
1531160741558,1531160741555,17492112,0.00121840,6.30000000,1
1531160741777,1531160741773,17492113,0.00121740,21.76000000,1
1531160741912,1531160741909,17492114,0.00121740,0.01000000,1
1531160744371,1531160744368,17492115,0.00121920,1.54000000,0
1531160744507,1531160744502,17492116,0.00121920,0.86000000,0
1531160745548,1531160745544,17492117,0.00121850,2.33000000,1
1531160746996,1531160746992,17492118,0.00121850,107.67000000,1
1531160748464,1531160748460,17492119,0.00121850,290.68000000,1
1531160748525,1531160748521,17492120,0.00121840,1.00000000,1
1531160751433,1531160751428,17492121,0.00121850,1.77000000,0
1531160752339,1531160752336,17492122,0.00121850,27.74000000,0
1531160752469,1531160752465,17492123,0.00121840,1.34000000,1
1531160759769,1531160759765,17492124,0.00121840,39.80000000,0
1531160761017,1531160761014,17492125,0.00121970,1.04000000,0
1531160761544,1531160761541,17492126,0.00121850,1.00000000,1
1531160764179,1531160764176,17492127,0.00121850,48.53000000,1
1531160764192,1531160764189,17492128,0.00121850,571.97000000,1
1531160767707,1531160767704,17492129,0.00121850,83.37000000,1
1531160770391,1531160770390,17492130,0.00121900,7.29000000,0
1531160770640,1531160770635,17492131,0.00121850,110.00000000,1
1531160770981,1531160770978,17492132,0.00121850,313.13000000,1
1531160771959,1531160771953,17492133,0.00121840,4.37000000,1
1531160772964,1531160772960,17492134,0.00121850,102.37000000,0
1531160774620,1531160774616,17492135,0.00121850,80.20000000,1
1531160775914,1531160775911,17492136,0.00121840,1.63000000,1
1531160777558,1531160777557,17492137,0.00121880,7.39000000,0
1531160778923,1531160778920,17492138,0.00121870,14.04000000,0
1531160780109,1531160780104,17492139,0.00121850,3.26000000,1
1531160780467,1531160780463,17492140,0.00121860,36.39000000,0
1531160782775,1531160782773,17492141,0.00121850,1040.23000000,1
1531160784387,1531160784383,17492142,0.00121840,0.01000000,1
1531160784387,1531160784383,17492143,0.00121790,24.33000000,1
1531160784387,1531160784383,17492144,0.00121750,0.66000000,1
1531160784722,1531160784718,17492145,0.00121850,106.24000000,0
1531160788069,1531160788065,17492146,0.00121850,1.12000000,0
1531160803729,1531160803724,17492147,0.00121780,200.00000000,1
1531160809313,1531160809310,17492148,0.00121860,83.18000000,0
1531160812661,1531160812658,17492149,0.00121870,1.11000000,0
1531160813206,1531160813203,17492150,0.00121870,2.66000000,0
1531160820741,1531160820739,17492151,0.00121860,2.46000000,1
1531160820741,1531160820739,17492152,0.00121800,13.95000000,1
1531160840747,1531160840743,17492153,0.00121860,467.26000000,1
1531160842205,1531160842200,17492154,0.00121870,1.06000000,0
1531160842666,1531160842662,17492155,0.00121870,106.14000000,0
1531160843777,1531160843772,17492156,0.00121860,6.12000000,1
1531160851227,1531160851224,17492157,0.00121870,4.89000000,1
1531160851227,1531160851224,17492158,0.00121860,4.93000000,1
1531160867001,1531160866998,17492159,0.00121860,23.16000000,1
1531160872905,1531160872901,17492160,0.00121870,1.00000000,0
1531160873485,1531160873481,17492161,0.00121870,8.26000000,0
1531160876007,1531160876003,17492162,0.00121950,4.00000000,0
1531160887695,1531160887692,17492163,0.00121880,1.64000000,1
1531160889158,1531160889154,17492164,0.00121880,21.50000000,0
1531160892380,1531160892377,17492165,0.00121870,11.74000000,1
1531160893345,1531160893341,17492166,0.00121860,35.26000000,1
1531160894847,1531160894844,17492167,0.00121860,1.73000000,0
1531160896592,1531160896588,17492168,0.00121850,1.86000000,1
1531160897684,1531160897681,17492169,0.00121850,2.25000000,1
1531160905551,1531160905547,17492170,0.00121900,1.00000000,0
1531160905551,1531160905547,17492171,0.00121920,325.00000000,0
1531160905551,1531160905547,17492172,0.00121930,197.00000000,0
1531160905815,1531160905812,17492173,0.00121860,2.47000000,1
1531160913032,1531160913030,17492174,0.00121850,0.01000000,1
1531160913032,1531160913030,17492175,0.00121800,299.99000000,1
1531160913085,1531160913082,17492176,0.00121880,29.46000000,1
1531160913150,1531160913146,17492177,0.00121880,20.54000000,1
1531160913245,1531160913242,17492178,0.00121800,142.26000000,1
1531160914530,1531160914526,17492179,0.00121790,3.83000000,1
1531160915878,1531160915874,17492180,0.00121780,80.00000000,1
1531160917088,1531160917084,17492181,0.00121780,80.82000000,1
1531160918558,1531160918554,17492182,0.00121780,24.20000000,1
1531160919772,1531160919770,17492183,0.00121780,85.79000000,1
1531160920896,1531160920894,17492184,0.00121800,0.05000000,0
1531160920896,1531160920894,17492185,0.00121810,3.85000000,0
1531160920896,1531160920894,17492186,0.00121880,0.46000000,0
1531160920896,1531160920894,17492187,0.00121960,194.94000000,0
1531160920896,1531160920894,17492188,0.00121970,600.00000000,0
1531160920912,1531160920909,17492189,0.00121970,558.84000000,1
1531160920928,1531160920926,17492190,0.00121970,1.08000000,1
1531160920960,1531160920956,17492191,0.00121970,10.00000000,1
1531160920967,1531160920961,17492192,0.00121970,735.06000000,1
1531160920967,1531160920961,17492193,0.00121780,1.39000000,1
1531160920967,1531160920961,17492194,0.00121730,2.57000000,1
1531160920967,1531160920961,17492195,0.00121710,1.31000000,1
1531160920967,1531160920961,17492196,0.00121680,31.15000000,1
1531160920967,1531160920961,17492197,0.00121670,4.09000000,1
1531160920967,1531160920961,17492198,0.00121660,489.00000000,1
1531160921160,1531160921157,17492199,0.00121790,1.38000000,1
1531160922897,1531160922893,17492200,0.00121800,11.07000000,1
1531160922897,1531160922893,17492201,0.00121790,11.75000000,1
1531160924718,1531160924713,17492202,0.00121920,539.00000000,0
1531160924718,1531160924713,17492203,0.00121930,1465.00000000,0
1531160924718,1531160924713,17492204,0.00121940,100.31000000,0
1531160931246,1531160931243,17492205,0.00121790,36.87000000,1
1531160931972,1531160931968,17492206,0.00121790,0.13000000,0
1531160933031,1531160933027,17492207,0.00121790,2.25000000,1
1531160936617,1531160936613,17492208,0.00121900,30.27000000,0
1531160937745,1531160937741,17492209,0.00121790,8.25000000,1
1531160938718,1531160938715,17492210,0.00121790,110.00000000,1
1531160940032,1531160940028,17492211,0.00121790,66.54000000,1
1531160950967,1531160950963,17492212,0.00121790,1.63000000,1
1531160953439,1531160953436,17492213,0.00121790,1.65000000,1
1531160953439,1531160953436,17492214,0.00121780,25.52000000,1
1531160957261,1531160957258,17492215,0.00121790,4.49000000,1
1531160957273,1531160957268,17492216,0.00121790,9.82000000,1
1531160959499,1531160959495,17492217,0.00121790,137.80000000,1
1531160960080,1531160960078,17492218,0.00121790,9.82000000,1
1531160961109,1531160961104,17492219,0.00121790,22.85000000,1
1531160963072,1531160963069,17492220,0.00121790,0.01000000,1
1531160963072,1531160963069,17492221,0.00121780,1.66000000,1
1531160963072,1531160963069,17492222,0.00121750,8.15000000,1
1531160963843,1531160963840,17492223,0.00121750,53.97000000,1
1531160963880,1531160963876,17492224,0.00121860,83.18000000,0
1531160966067,1531160966063,17492225,0.00121750,2.64000000,1
1531160966067,1531160966063,17492226,0.00121740,26.82000000,1
1531160967081,1531160967076,17492227,0.00121840,1.03000000,0
1531160970293,1531160970289,17492228,0.00121840,82.16000000,0
1531160975079,1531160975078,17492229,0.00121870,1.59000000,0
1531160981022,1531160981018,17492230,0.00121790,7.87000000,0
1531160981022,1531160981018,17492231,0.00121850,1.00000000,0
1531160981022,1531160981018,17492232,0.00121870,23.33000000,0
1531160981897,1531160981893,17492233,0.00121870,29.45000000,1
1531160982151,1531160982146,17492234,0.00121870,17.92000000,1
1531160983543,1531160983539,17492235,0.00121870,21.42000000,1
1531160984823,1531160984821,17492236,0.00121870,0.01000000,1
1531160991982,1531160991977,17492237,0.00121750,15.44000000,1
1531160993927,1531160993922,17492238,0.00121870,51.00000000,1
1531160994002,1531160993998,17492239,0.00121870,88.32000000,1
1531160994003,1531160994000,17492240,0.00121870,9.80000000,1
1531160994552,1531160994549,17492241,0.00121890,16.00000000,0
1531160995042,1531160995037,17492242,0.00121870,80.00000000,1
1531160995794,1531160995792,17492243,0.00121870,9.00000000,1
1531160996127,1531160996122,17492244,0.00121870,88.32000000,1
1531160996433,1531160996430,17492245,0.00121870,4.48000000,1
1531160997688,1531160997683,17492246,0.00121870,200.00000000,1
1531160997861,1531160997857,17492247,0.00121890,68.19000000,0
1531160998901,1531160998897,17492248,0.00121890,15.99000000,1
1531160998901,1531160998897,17492249,0.00121870,98.12000000,1
1531160999081,1531160999078,17492250,0.00121870,264.90000000,1
1531161001202,1531161001199,17492251,0.00121880,21.71000000,1
1531161001202,1531161001199,17492252,0.00121870,21.60000000,1
1531161002085,1531161002080,17492253,0.00121870,88.30000000,1
1531161002378,1531161002375,17492254,0.00121900,0.91000000,0
1531161002378,1531161002375,17492255,0.00121930,4.09000000,0
1531161004076,1531161004073,17492256,0.00121910,11.00000000,0
1531161004513,1531161004510,17492257,0.00121870,0.10000000,1
1531161005079,1531161005076,17492258,0.00121870,88.31000000,1
1531161007613,1531161007611,17492259,0.00121870,88.17000000,1
1531161008098,1531161008095,17492260,0.00121870,29.44000000,1
1531161008431,1531161008427,17492261,0.00121880,1.64000000,0
1531161008459,1531161008454,17492262,0.00121870,82.18000000,1
1531161008905,1531161008898,17492263,0.00121870,2.46000000,0
1531161011927,1531161011922,17492264,0.00121870,11.62000000,0
1531161011928,1531161011925,17492265,0.00121770,1.00000000,1
1531161011928,1531161011925,17492266,0.00121760,28.44000000,1
1531161013829,1531161013825,17492267,0.00121870,1.44000000,0
1531161015639,1531161015635,17492268,0.00121760,29.45000000,1
1531161019938,1531161019935,17492269,0.00121760,46.71000000,1
1531161020818,1531161020812,17492270,0.00121760,9.81000000,0
1531161027500,1531161027496,17492271,0.00121770,9.81000000,1
1531161031355,1531161031352,17492272,0.00121770,9.81000000,1
1531161032689,1531161032685,17492273,0.00121770,9.80000000,1
1531161035410,1531161035406,17492274,0.00121770,13.63000000,1
1531161035780,1531161035778,17492275,0.00121770,1.00000000,1
1531161036908,1531161036903,17492276,0.00121840,0.01000000,0
1531161037642,1531161037639,17492277,0.00121770,5.00000000,1
1531161038922,1531161038918,17492278,0.00121770,29.45000000,1
1531161040053,1531161040048,17492279,0.00121830,1.17000000,0
1531161040592,1531161040587,17492280,0.00121770,106.45000000,1
1531161041801,1531161041797,17492281,0.00121770,0.01000000,1
1531161041801,1531161041797,17492282,0.00121760,3.53000000,1
1531161041909,1531161041904,17492283,0.00121760,29.47000000,1
1531161043351,1531161043348,17492284,0.00121760,1.00000000,1
1531161044087,1531161044084,17492285,0.00121760,29.47000000,1
1531161046254,1531161046252,17492286,0.00121840,103.90000000,1
1531161047052,1531161047050,17492287,0.00121840,0.09000000,1
1531161047084,1531161047080,17492288,0.00121760,13.38000000,1
1531161047084,1531161047080,17492289,0.00121750,16.09000000,1
1531161050119,1531161050118,17492290,0.00121750,2.75000000,1
1531161050119,1531161050118,17492291,0.00121740,7.07000000,1
1531161053088,1531161053083,17492292,0.00121740,26.06000000,1
1531161053088,1531161053083,17492293,0.00121710,3.41000000,1
1531161056081,1531161056078,17492294,0.00121720,88.42000000,1
1531161059075,1531161059072,17492295,0.00121710,234.74000000,1
1531161059097,1531161059094,17492296,0.00121710,30.60000000,0
1531161059825,1531161059824,17492297,0.00121710,0.01000000,0
1531161061728,1531161061724,17492298,0.00121700,49.46000000,1
1531161062100,1531161062097,17492299,0.00121700,265.42000000,1
1531161063021,1531161063019,17492300,0.00121690,238.18000000,1
1531161063705,1531161063701,17492301,0.00121650,201.89000000,1
1531161063705,1531161063701,17492302,0.00121640,27.39000000,1
1531161063721,1531161063718,17492303,0.00121630,174.51000000,0
1531161063740,1531161063735,17492304,0.00121630,5.93000000,0
1531161063827,1531161063823,17492305,0.00121630,851.26000000,0
1531161063848,1531161063846,17492306,0.00121630,556.90000000,0
1531161063871,1531161063867,17492307,0.00121630,177.19000000,0
1531161063873,1531161063868,17492308,0.00121630,57.18000000,0
1531161063878,1531161063874,17492309,0.00121630,57.18000000,0
1531161064614,1531161064608,17492310,0.00121630,390.57000000,0
1531161064614,1531161064608,17492311,0.00121690,0.09000000,0
1531161064614,1531161064608,17492312,0.00121750,89.34000000,0
1531161064648,1531161064643,17492313,0.00121750,1.61000000,0
1531161069769,1531161069764,17492314,0.00121730,1.93000000,0
1531161073380,1531161073375,17492315,0.00121700,1.63000000,1
1531161073380,1531161073375,17492316,0.00121690,8.24000000,1
1531161073380,1531161073375,17492317,0.00121620,13.80000000,1
1531161076413,1531161076413,17492318,0.00121770,43.70000000,0
1531161077965,1531161077963,17492319,0.00121660,29.48000000,1
1531161079468,1531161079464,17492320,0.00121700,240.00000000,0
1531161080324,1531161080323,17492321,0.00121700,14.00000000,0
1531161080455,1531161080450,17492322,0.00121700,240.00000000,0
1531161080723,1531161080720,17492323,0.00121670,9.83000000,1
1531161082666,1531161082663,17492324,0.00121670,110.00000000,1
1531161083491,1531161083487,17492325,0.00121670,9.83000000,1
1531161084788,1531161084785,17492326,0.00121700,105.06000000,0
1531161087729,1531161087727,17492327,0.00121680,1.52000000,0
1531161087780,1531161087776,17492328,0.00121690,29.47000000,1
1531161088554,1531161088551,17492329,0.00121690,70.01000000,1
1531161090741,1531161090739,17492330,0.00121700,101.84000000,0
1531161094176,1531161094173,17492331,0.00121680,8.24000000,1
1531161096130,1531161096127,17492332,0.00121690,1.63000000,0
1531161100741,1531161100737,17492333,0.00121690,60.96000000,0
1531161103110,1531161103105,17492334,0.00121690,8.12000000,0
1531161104211,1531161104206,17492335,0.00121690,56.10000000,0
1531161105922,1531161105918,17492336,0.00121700,5.68000000,0
1531161106000,1531161105996,17492337,0.00121690,57.36000000,1
1531161106049,1531161106045,17492338,0.00121680,1.05000000,0
1531161108327,1531161108323,17492339,0.00121680,354.04000000,0
1531161109484,1531161109481,17492340,0.00121660,450.20000000,1
1531161114558,1531161114554,17492341,0.00121670,1.00000000,1
1531161118523,1531161118520,17492342,0.00121640,124.99000000,1
1531161122140,1531161122137,17492343,0.00121650,99.43000000,1
1531161128403,1531161128399,17492344,0.00121660,1.81000000,0
1531161128403,1531161128399,17492345,0.00121680,7.19000000,0
1531161134087,1531161134084,17492346,0.00121650,128.49000000,0
1531161138367,1531161138363,17492347,0.00121640,3.28000000,1
1531161138367,1531161138363,17492348,0.00121630,85.17000000,1
1531161140068,1531161140064,17492349,0.00121650,11.10000000,0
1531161141104,1531161141100,17492350,0.00121650,103.09000000,0
1531161141123,1531161141122,17492351,0.00121650,14.29000000,0
1531161141153,1531161141148,17492352,0.00121650,11.08000000,1
1531161141153,1531161141148,17492353,0.00121630,77.42000000,1
1531161143655,1531161143651,17492354,0.00121660,8.24000000,0
1531161144116,1531161144111,17492355,0.00121630,54.04000000,1
1531161144116,1531161144111,17492356,0.00121620,211.47000000,1
1531161144250,1531161144246,17492357,0.00121660,0.95000000,0
1531161145984,1531161145980,17492358,0.00121660,4.82000000,0
1531161146708,1531161146704,17492359,0.00121650,1.00000000,1
1531161146883,1531161146879,17492360,0.00121650,0.51000000,0
1531161146883,1531161146879,17492361,0.00121660,19.79000000,0
1531161146883,1531161146879,17492362,0.00121680,20.36000000,0
1531161146883,1531161146879,17492363,0.00121700,1.67000000,0
1531161147360,1531161147356,17492364,0.00121750,20.00000000,0
1531161150395,1531161150392,17492365,0.00121730,1.60000000,0
1531161155080,1531161155076,17492366,0.00121600,29.51000000,1
1531161158074,1531161158068,17492367,0.00121600,265.58000000,1
1531161160009,1531161160005,17492368,0.00121700,106.33000000,0
1531161160048,1531161160043,17492369,0.00121600,66.98000000,1
1531161161906,1531161161904,17492370,0.00121560,88.53000000,1
1531161164906,1531161164902,17492371,0.00121560,88.53000000,1
1531161168306,1531161168301,17492372,0.00121550,9.84000000,1
1531161169398,1531161169394,17492373,0.00121640,18.97000000,0
1531161171121,1531161171116,17492374,0.00121550,9.84000000,1
1531161174179,1531161174174,17492375,0.00121560,29.51000000,1
1531161174814,1531161174810,17492376,0.00121650,4.20000000,1
1531161174814,1531161174811,17492377,0.00121650,0.07000000,1
1531161174945,1531161174941,17492378,0.00121560,16.49000000,1
1531161174945,1531161174941,17492379,0.00121550,9.00000000,1
1531161175160,1531161175157,17492380,0.00121550,20.51000000,0
1531161175463,1531161175463,17492381,0.00121550,3.00000000,0
1531161176532,1531161176529,17492382,0.00121540,9.73000000,1
1531161178171,1531161178167,17492383,0.00121500,2.96000000,1
1531161178171,1531161178167,17492384,0.00121490,6.88000000,1
1531161178816,1531161178813,17492385,0.00121540,1.58000000,0
1531161181518,1531161181512,17492386,0.00121550,16.95000000,0
1531161182600,1531161182597,17492387,0.00121500,29.52000000,1
1531161182992,1531161182988,17492388,0.00121500,1.11000000,1
1531161183015,1531161183010,17492389,0.00121500,15.00000000,1
1531161184004,1531161184000,17492390,0.00121490,8.79000000,1
1531161184025,1531161184024,17492391,0.00121480,37.11000000,0
1531161185094,1531161185089,17492392,0.00121450,80.00000000,1
1531161185094,1531161185089,17492393,0.00121440,8.67000000,1
1531161185908,1531161185903,17492394,0.00121440,98.00000000,1
1531161185996,1531161185994,17492395,0.00121480,1.00000000,0
1531161186053,1531161186049,17492396,0.00121440,47.00000000,1
1531161186217,1531161186212,17492397,0.00121440,266.33000000,1
1531161186217,1531161186212,17492398,0.00121430,3.29000000,1
1531161186313,1531161186310,17492399,0.00121410,1.22000000,1
1531161186313,1531161186310,17492400,0.00121390,480.00000000,1
1531161186314,1531161186310,17492401,0.00121390,7.97000000,1
1531161186396,1531161186391,17492402,0.00121390,272.81000000,1
1531161186396,1531161186391,17492403,0.00121380,2.54000000,1
1531161186396,1531161186391,17492404,0.00121360,1.23000000,1
1531161186396,1531161186391,17492405,0.00121340,10.29000000,1
1531161186396,1531161186391,17492406,0.00121320,80.00000000,1
1531161186396,1531161186391,17492407,0.00121310,200.00000000,1
1531161186396,1531161186391,17492408,0.00121300,639.71000000,1
1531161186654,1531161186648,17492409,0.00121310,82.20000000,1
1531161186654,1531161186648,17492410,0.00121300,187.42000000,1
1531161187107,1531161187102,17492411,0.00121300,259.36000000,1
1531161187592,1531161187588,17492412,0.00121300,72.00000000,1
1531161187707,1531161187702,17492413,0.00121300,0.68000000,1
1531161188008,1531161188004,17492414,0.00121430,106.23000000,0
1531161189454,1531161189449,17492415,0.00121410,9.80000000,0
1531161189521,1531161189515,17492416,0.00121280,0.18000000,1
1531161189543,1531161189538,17492417,0.00121280,40.00000000,1
1531161189576,1531161189571,17492418,0.00121410,7.84000000,0
1531161189624,1531161189620,17492419,0.00121410,7.84000000,0
1531161190750,1531161190747,17492420,0.00121280,1.00000000,1
1531161190890,1531161190886,17492421,0.00121400,150.00000000,0
1531161191138,1531161191133,17492422,0.00121400,1.23000000,0
1531161191714,1531161191709,17492423,0.00121390,2.26000000,0
1531161191809,1531161191806,17492424,0.00121280,1.00000000,1
1531161192811,1531161192807,17492425,0.00121280,0.69000000,1
1531161192811,1531161192807,17492426,0.00121270,1.31000000,1
1531161193006,1531161193001,17492427,0.00121380,2.26000000,0
1531161193502,1531161193497,17492428,0.00121380,1.02000000,0
1531161193979,1531161193976,17492429,0.00121270,2.00000000,1
1531161195068,1531161195065,17492430,0.00121270,0.80000000,1
1531161195068,1531161195065,17492431,0.00121260,10.20000000,1
1531161196117,1531161196113,17492432,0.00121260,0.98000000,1
1531161196117,1531161196113,17492433,0.00121250,32.02000000,1
1531161197184,1531161197179,17492434,0.00121250,1.00000000,1
1531161201066,1531161201062,17492435,0.00121350,106.17000000,0
1531161203223,1531161203219,17492436,0.00121250,0.82000000,1
1531161203223,1531161203219,17492437,0.00121200,97.14000000,1
1531161203223,1531161203219,17492438,0.00121170,23.00000000,1
1531161203333,1531161203328,17492439,0.00121200,1.89000000,0
1531161203347,1531161203344,17492440,0.00121200,0.11000000,0
1531161203446,1531161203441,17492441,0.00121300,4.00000000,1
1531161203446,1531161203441,17492442,0.00121250,8.17000000,1
1531161203552,1531161203549,17492443,0.00121250,9.86000000,1
1531161203640,1531161203636,17492444,0.00121250,57.00000000,1
1531161204416,1531161204412,17492445,0.00121280,0.84000000,1
1531161204551,1531161204549,17492446,0.00121280,2.54000000,1
1531161204783,1531161204779,17492447,0.00121350,15.28000000,1
1531161204783,1531161204779,17492448,0.00121280,0.74000000,1
1531161204783,1531161204779,17492449,0.00121250,25.31000000,1
1531161204790,1531161204787,17492450,0.00121250,15.28000000,1
1531161204811,1531161204807,17492451,0.00121250,266.02000000,1
1531161205817,1531161205813,17492452,0.00121200,1.00000000,1
1531161206565,1531161206562,17492453,0.00121230,41.33000000,0
1531161207073,1531161207070,17492454,0.00121200,0.89000000,1
1531161207073,1531161207070,17492455,0.00121130,0.11000000,1
1531161208148,1531161208144,17492456,0.00121140,512.00000000,1
1531161208769,1531161208766,17492457,0.00121180,1.76000000,0
1531161212599,1531161212595,17492458,0.00121220,52.98000000,0
1531161212791,1531161212787,17492459,0.00121200,29.58000000,1
1531161214123,1531161214119,17492460,0.00121200,29.62000000,1
1531161214435,1531161214430,17492461,0.00121220,27.02000000,0
1531161214435,1531161214430,17492462,0.00121240,79.18000000,0
1531161214857,1531161214853,17492463,0.00121200,28.75000000,1
1531161215206,1531161215202,17492464,0.00121240,8.24000000,0
1531161215209,1531161215206,17492465,0.00121240,185.67000000,0
1531161215209,1531161215206,17492466,0.00121280,15.28000000,0
1531161215209,1531161215206,17492467,0.00121360,36.02000000,0
1531161219122,1531161219119,17492468,0.00121200,0.29000000,1
1531161219122,1531161219119,17492469,0.00121140,9.59000000,1
1531161226013,1531161226009,17492470,0.00121130,1.50000000,1
1531161226013,1531161226009,17492471,0.00121110,6.78000000,1
1531161228392,1531161228386,17492472,0.00121230,106.14000000,0
1531161228660,1531161228655,17492473,0.00121110,2.47000000,1
1531161229435,1531161229433,17492474,0.00121230,240.00000000,0
1531161230392,1531161230389,17492475,0.00121230,240.00000000,0
1531161230789,1531161230784,17492476,0.00121110,9.09000000,1
1531161230789,1531161230784,17492477,0.00121100,20.54000000,1
1531161234963,1531161234958,17492478,0.00121110,9.19000000,1
1531161234963,1531161234958,17492479,0.00121100,20.44000000,1
1531161236853,1531161236849,17492480,0.00121100,1.22000000,1
1531161237529,1531161237525,17492481,0.00121100,0.84000000,1
1531161238176,1531161238173,17492482,0.00121100,29.64000000,1
1531161240311,1531161240307,17492483,0.00121120,1.58000000,0
1531161240664,1531161240661,17492484,0.00121140,5.34000000,0
1531161242864,1531161242860,17492485,0.00121140,3.68000000,0
1531161243101,1531161243098,17492486,0.00121230,9.95000000,0
1531161243101,1531161243098,17492487,0.00121270,36.81000000,0
1531161243101,1531161243098,17492488,0.00121290,59.47000000,0
1531161244090,1531161244084,17492489,0.00121200,8.27000000,1
1531161245549,1531161245546,17492490,0.00121200,1.31000000,1
1531161248144,1531161248140,17492491,0.00121200,1.04000000,1
1531161253532,1531161253528,17492492,0.00121290,1.52000000,0
1531161255404,1531161255399,17492493,0.00121210,3.30000000,1
1531161255404,1531161255399,17492494,0.00121200,36.82000000,1
1531161257104,1531161257102,17492495,0.00121290,106.38000000,0
1531161259039,1531161259034,17492496,0.00121280,144.17000000,0
1531161259039,1531161259034,17492497,0.00121290,219.00000000,0
1531161263199,1531161263194,17492498,0.00121320,53.80000000,0
1531161263199,1531161263194,17492499,0.00121330,11.07000000,0
1531161263199,1531161263194,17492500,0.00121380,3.20000000,0
1531161263199,1531161263194,17492501,0.00121400,6.84000000,0
1531161264596,1531161264592,17492502,0.00121300,15.00000000,1
1531161265135,1531161265132,17492503,0.00121300,15.00000000,1
1531161272449,1531161272445,17492504,0.00121310,5.33000000,1
1531161272776,1531161272772,17492505,0.00121420,2.47000000,0
1531161272776,1531161272772,17492506,0.00121480,6.52000000,0
1531161275179,1531161275174,17492507,0.00121360,0.83000000,0
1531161275179,1531161275174,17492508,0.00121400,1.74000000,0
1531161275179,1531161275174,17492509,0.00121470,2.47000000,0
1531161275895,1531161275890,17492510,0.00121460,32.06000000,0
1531161277018,1531161277014,17492511,0.00121310,32.32000000,1
1531161278526,1531161278522,17492512,0.00121450,13.05000000,0
1531161291086,1531161291082,17492513,0.00121480,0.58000000,0
1531161293388,1531161293383,17492514,0.00121480,1.08000000,0
1531161295204,1531161295197,17492515,0.00121480,0.12000000,0
1531161295204,1531161295197,17492516,0.00121500,106.03000000,0
1531161301515,1531161301510,17492517,0.00121500,140.43000000,0
1531161304494,1531161304476,17492518,0.00121500,65.84000000,0
1531161304823,1531161304819,17492519,0.00121500,181.00000000,0
1531161305125,1531161305119,17492520,0.00121500,0.55000000,0
1531161305240,1531161305237,17492521,0.00121500,8.77000000,1
1531161305789,1531161305786,17492522,0.00121520,0.10000000,0
1531161308333,1531161308329,17492523,0.00121520,1.00000000,0
1531161312385,1531161312381,17492524,0.00121460,263.50000000,1
1531161318321,1531161318316,17492525,0.00121510,0.94000000,1
1531161321876,1531161321872,17492526,0.00121520,0.63000000,0
1531161321921,1531161321916,17492527,0.00121550,22.43000000,0
1531161321921,1531161321916,17492528,0.00121580,65.93000000,0
1531161323142,1531161323138,17492529,0.00121510,150.87000000,1
1531161323266,1531161323261,17492530,0.00121580,106.14000000,0
1531161324719,1531161324713,17492531,0.00121580,1.54000000,0
1531161336388,1531161336384,17492532,0.00121580,106.25000000,0
1531161337825,1531161337821,17492533,0.00121560,1.00000000,0
1531161339111,1531161339106,17492534,0.00121560,0.65000000,0
1531161339111,1531161339106,17492535,0.00121580,474.35000000,0
1531161339825,1531161339819,17492536,0.00121540,163.62000000,1
1531161340904,1531161340901,17492537,0.00121580,0.66000000,0
1531161340904,1531161340901,17492538,0.00121600,1.34000000,0
1531161341936,1531161341932,17492539,0.00121600,1.00000000,0
1531161343028,1531161343024,17492540,0.00121600,0.13000000,0
1531161343028,1531161343024,17492541,0.00121610,0.87000000,0
1531161350181,1531161350178,17492542,0.00121610,0.20000000,0
1531161351164,1531161351160,17492543,0.00121610,0.78000000,1
1531161352309,1531161352305,17492544,0.00121690,106.32000000,0
1531161352725,1531161352724,17492545,0.00121550,80.00000000,1
1531161352776,1531161352772,17492546,0.00121550,10.10000000,1
1531161353062,1531161353059,17492547,0.00121690,1.54000000,0
1531161353765,1531161353760,17492548,0.00121550,438.90000000,1
1531161353765,1531161353760,17492549,0.00121540,21.67000000,1
1531161353765,1531161353760,17492550,0.00121530,3.89000000,1
1531161353765,1531161353760,17492551,0.00121510,80.00000000,1
1531161353765,1531161353760,17492552,0.00121500,53.61000000,1
1531161353828,1531161353822,17492553,0.00121500,338.00000000,0
1531161353832,1531161353831,17492554,0.00121500,48.45000000,0
1531161353951,1531161353947,17492555,0.00121500,13.00000000,0
1531161355878,1531161355873,17492556,0.00121500,4.34000000,0
1531161356017,1531161356013,17492557,0.00121500,11.05000000,0
1531161357218,1531161357214,17492558,0.00121500,11.51000000,0
1531161357334,1531161357329,17492559,0.00121500,45.28000000,0
1531161358025,1531161358023,17492560,0.00121500,12.55000000,0
1531161359914,1531161359909,17492561,0.00121490,17.45000000,0
1531161360778,1531161360775,17492562,0.00121490,10.17000000,0
1531161360778,1531161360775,17492563,0.00121500,4.73000000,0
1531161361841,1531161361838,17492564,0.00121500,98.00000000,0
1531161361923,1531161361920,17492565,0.00121500,29.50000000,0
1531161361927,1531161361923,17492566,0.00121500,29.47000000,0
1531161364344,1531161364340,17492567,0.00121490,1.85000000,1
1531161364839,1531161364835,17492568,0.00121490,0.98000000,1
1531161365554,1531161365550,17492569,0.00121500,106.33000000,0
1531161365714,1531161365711,17492570,0.00121500,14.30000000,0
1531161366371,1531161366366,17492571,0.00121500,56.00000000,0
1531161366845,1531161366841,17492572,0.00121500,78.42000000,0
1531161373952,1531161373949,17492573,0.00121540,11.00000000,0
1531161373997,1531161373995,17492574,0.00121540,88.35000000,0
1531161374102,1531161374099,17492575,0.00121540,32.00000000,0
1531161374156,1531161374151,17492576,0.00121540,183.05000000,0
1531161375056,1531161375051,17492577,0.00121540,107.34000000,1
1531161379162,1531161379158,17492578,0.00121540,9.83000000,1
1531161379554,1531161379550,17492579,0.00121540,80.05000000,1
1531161381284,1531161381280,17492580,0.00121540,29.47000000,1
1531161382756,1531161382750,17492581,0.00121550,0.85000000,0
1531161385627,1531161385623,17492582,0.00121550,0.74000000,0
1531161386070,1531161386065,17492583,0.00121560,80.00000000,1
1531161386570,1531161386565,17492584,0.00121590,106.24000000,0
1531161387608,1531161387604,17492585,0.00121560,20.26000000,1
1531161388293,1531161388288,17492586,0.00121580,72.35000000,0
1531161388684,1531161388679,17492587,0.00121580,0.99000000,0
1531161391169,1531161391166,17492588,0.00121550,0.94000000,1
1531161391169,1531161391166,17492589,0.00121540,28.57000000,1
1531161394502,1531161394498,17492590,0.00121560,277.00000000,1
1531161394894,1531161394892,17492591,0.00121570,2.42000000,0
1531161397262,1531161397258,17492592,0.00121570,5.79000000,1
1531161398780,1531161398776,17492593,0.00121570,11.60000000,1
1531161399850,1531161399845,17492594,0.00121570,29.51000000,1
1531161401419,1531161401418,17492595,0.00121580,1.77000000,0
1531161401419,1531161401418,17492596,0.00121590,104.45000000,0
1531161403783,1531161403778,17492597,0.00121550,1.64000000,1
1531161404278,1531161404273,17492598,0.00121540,2.22000000,0
1531161407039,1531161407035,17492599,0.00121590,29.51000000,1
1531161408861,1531161408856,17492600,0.00121590,74.26000000,1
1531161410808,1531161410803,17492601,0.00121600,13.00000000,0
1531161410808,1531161410803,17492602,0.00121680,0.87000000,0
1531161410808,1531161410803,17492603,0.00121710,81.23000000,0
1531161410854,1531161410851,17492604,0.00121710,2.31000000,1
1531161410874,1531161410869,17492605,0.00121710,0.61000000,1
1531161422179,1531161422174,17492606,0.00121630,101.00000000,0
1531161431512,1531161431507,17492607,0.00121590,1.65000000,1
1531161435786,1531161435783,17492608,0.00121620,1.83000000,0
1531161435786,1531161435783,17492609,0.00121650,78.75000000,0
1531161438758,1531161438753,17492610,0.00121500,79.86000000,1
1531161449641,1531161449638,17492611,0.00121590,94.10000000,0
1531161450014,1531161450010,17492612,0.00121590,16.59000000,0
1531161450072,1531161450067,17492613,0.00121590,5.68000000,1
1531161450105,1531161450103,17492614,0.00121590,9.84000000,1
1531161450134,1531161450130,17492615,0.00121590,3.00000000,1
1531161451426,1531161451422,17492616,0.00121590,11.99000000,1
1531161451488,1531161451484,17492617,0.00121590,9.69000000,1
1531161451506,1531161451501,17492618,0.00121590,29.51000000,1
1531161452836,1531161452831,17492619,0.00121590,24.37000000,1
1531161458254,1531161458251,17492620,0.00121610,3.57000000,1
1531161458961,1531161458955,17492621,0.00121610,7.50000000,1
1531161458961,1531161458955,17492622,0.00121590,0.01000000,1
1531161459464,1531161459460,17492623,0.00121590,29.52000000,1
1531161460159,1531161460154,17492624,0.00121590,49.74000000,1
1531161461196,1531161461195,17492625,0.00121500,0.81000000,1
1531161463412,1531161463407,17492626,0.00121500,40.34000000,0
1531161465049,1531161465042,17492627,0.00121480,1.51000000,0
1531161465049,1531161465042,17492628,0.00121580,25.06000000,0
1531161465049,1531161465042,17492629,0.00121640,74.43000000,0
1531161481920,1531161481915,17492630,0.00121610,110.68000000,0
1531161481920,1531161481915,17492631,0.00121620,135.98000000,0
1531161485565,1531161485560,17492632,0.00121490,227.50000000,1
1531161487083,1531161487080,17492633,0.00121500,24.71000000,1
1531161489118,1531161489112,17492634,0.00121500,294.29000000,1
1531161489118,1531161489112,17492635,0.00121490,286.50000000,1
1531161489118,1531161489112,17492636,0.00121480,400.00000000,1
1531161489118,1531161489112,17492637,0.00121470,19.69000000,1
1531161489694,1531161489693,17492638,0.00121690,8.66000000,0
1531161495424,1531161495420,17492639,0.00121650,1.00000000,0
1531161511203,1531161511198,17492640,0.00121570,1.50000000,0
1531161513716,1531161513711,17492641,0.00121510,1.62000000,1
1531161525431,1531161525426,17492642,0.00121570,0.03000000,0
1531161525431,1531161525426,17492643,0.00121690,4.97000000,0
1531161526414,1531161526411,17492644,0.00121560,1.63000000,1
1531161527545,1531161527541,17492645,0.00121560,102.48000000,1
1531161528487,1531161528481,17492646,0.00121710,0.13000000,0
1531161531692,1531161531691,17492647,0.00121700,0.01000000,0
1531161535613,1531161535609,17492648,0.00121690,221.21000000,0
1531161536930,1531161536928,17492649,0.00121560,6.14000000,1
1531161551182,1531161551177,17492650,0.00121550,1.78000000,0
1531161552532,1531161552526,17492651,0.00121540,8.33000000,1
1531161552532,1531161552526,17492652,0.00121530,2.00000000,1
1531161552532,1531161552526,17492653,0.00121500,12.80000000,1
1531161552856,1531161552852,17492654,0.00121550,7.18000000,0
1531161559125,1531161559121,17492655,0.00121540,106.16000000,0
1531161560743,1531161560737,17492656,0.00121500,1.82000000,0
1531161560743,1531161560737,17492657,0.00121540,64.66000000,0
1531161560934,1531161560930,17492658,0.00121540,29.49000000,0
1531161560939,1531161560936,17492659,0.00121540,21.18000000,0
1531161561322,1531161561317,17492660,0.00121540,7.67000000,1
1531161564055,1531161564049,17492661,0.00121550,1.04000000,0
1531161569769,1531161569765,17492662,0.00121560,3.73000000,1
1531161570841,1531161570837,17492663,0.00121560,1.94000000,1
1531161575931,1531161575926,17492664,0.00121560,1.00000000,1
1531161584604,1531161584600,17492665,0.00121670,11.05000000,0
1531161584710,1531161584706,17492666,0.00121670,9.82000000,1
1531161584719,1531161584715,17492667,0.00121670,9.83000000,1
1531161585645,1531161585643,17492668,0.00121670,19.30000000,1
1531161587470,1531161587464,17492669,0.00121570,384.62000000,1
1531161592366,1531161592364,17492670,0.00121680,1.59000000,0
1531161593290,1531161593286,17492671,0.00121660,0.40000000,0
1531161594304,1531161594299,17492672,0.00121620,1.66000000,0
1531161594304,1531161594299,17492673,0.00121660,26.34000000,0
1531161594739,1531161594734,17492674,0.00121660,101.00000000,0
1531161598005,1531161598000,17492675,0.00121610,86.18000000,0
1531161598019,1531161598014,17492676,0.00121570,67.59000000,1
1531161599560,1531161599558,17492677,0.00121700,106.16000000,0
1531161600554,1531161600551,17492678,0.00121690,4.87000000,0
1531161604754,1531161604750,17492679,0.00121560,0.10000000,1
1531161606989,1531161606985,17492680,0.00121680,1.65000000,0
1531161607983,1531161607979,17492681,0.00121680,1.23000000,0
1531161611498,1531161611494,17492682,0.00121560,4.12000000,1
1531161612850,1531161612847,17492683,0.00121660,8.16000000,1
1531161612975,1531161612973,17492684,0.00121680,106.14000000,0
1531161631064,1531161631060,17492685,0.00121670,442.50000000,0
1531161633431,1531161633426,17492686,0.00121630,1.60000000,0
1531161633431,1531161633426,17492687,0.00121680,104.53000000,0
1531161639355,1531161639351,17492688,0.00121680,101.00000000,0
1531161649276,1531161649272,17492689,0.00121670,442.50000000,0
1531161651862,1531161651861,17492690,0.00121680,106.14000000,0
1531161653924,1531161653920,17492691,0.00121680,0.01000000,0
1531161653956,1531161653952,17492692,0.00121680,40.01000000,0
1531161654067,1531161654064,17492693,0.00121680,5.98000000,0
1531161654095,1531161654091,17492694,0.00121680,100.00000000,0
1531161656872,1531161656869,17492695,0.00121680,15.65000000,0
1531161657648,1531161657644,17492696,0.00121680,4.66000000,0
1531161658468,1531161658465,17492697,0.00121680,200.69000000,0
1531161661997,1531161661993,17492698,0.00121680,13.32000000,0
1531161665672,1531161665668,17492699,0.00121630,412.68000000,1
1531161666359,1531161666357,17492700,0.00121660,2.10000000,0
1531161667884,1531161667880,17492701,0.00121670,1.00000000,1
1531161669639,1531161669635,17492702,0.00121670,10.93000000,1
1531161681405,1531161681400,17492703,0.00121680,1.64000000,0
1531161682113,1531161682109,17492704,0.00121680,907.96000000,0
1531161682113,1531161682109,17492705,0.00121700,4.97000000,0
1531161682113,1531161682109,17492706,0.00121710,4.26000000,0
1531161682113,1531161682109,17492707,0.00121750,80.81000000,0
1531161683149,1531161683142,17492708,0.00121750,0.18000000,0
1531161686535,1531161686530,17492709,0.00121680,24.68000000,1
1531161687650,1531161687645,17492710,0.00121680,80.00000000,1
1531161688858,1531161688853,17492711,0.00121680,5.28000000,1
1531161689214,1531161689210,17492712,0.00121730,1.06000000,0
1531161694759,1531161694755,17492713,0.00121730,142.91000000,0
1531161696309,1531161696304,17492714,0.00121680,88.40000000,1
1531161696699,1531161696695,17492715,0.00121680,110.00000000,1
1531161698031,1531161698028,17492716,0.00121680,1.00000000,1
1531161699968,1531161699967,17492717,0.00121680,82.78000000,1
1531161700710,1531161700706,17492718,0.00121680,106.13000000,0
1531161701970,1531161701966,17492719,0.00121680,93.27000000,0
1531161702631,1531161702626,17492720,0.00121750,24.92000000,0
1531161702631,1531161702626,17492721,0.00121790,8.21000000,0
1531161704736,1531161704734,17492722,0.00121730,1.82000000,1
1531161705261,1531161705257,17492723,0.00121680,58.00000000,1
1531161706893,1531161706889,17492724,0.00121680,86.97000000,1
1531161709159,1531161709154,17492725,0.00121680,54.28000000,0
1531161709175,1531161709171,17492726,0.00121680,3.71000000,0
1531161709713,1531161709709,17492727,0.00121680,9.28000000,1
1531161712413,1531161712409,17492728,0.00121760,101.00000000,0
1531161712777,1531161712775,17492729,0.00121680,0.01000000,1
1531161712777,1531161712775,17492730,0.00121670,79.99000000,1
1531161713817,1531161713815,17492731,0.00121750,49.00000000,0
1531161713817,1531161713815,17492732,0.00121760,57.14000000,0
1531161714747,1531161714743,17492733,0.00121670,80.00000000,1
1531161717654,1531161717652,17492734,0.00121670,24.68000000,1
1531161727363,1531161727361,17492735,0.00121760,55.00000000,0
1531161727363,1531161727361,17492736,0.00121770,51.15000000,0
1531161727649,1531161727647,17492737,0.00121680,69.29000000,1
1531161728928,1531161728924,17492738,0.00121680,5.00000000,1
1531161731643,1531161731641,17492739,0.00121690,72.28000000,1
1531161731936,1531161731930,17492740,0.00121690,88.40000000,1
1531161732112,1531161732108,17492741,0.00121690,3.61000000,1
1531161733916,1531161733910,17492742,0.00121690,5.00000000,1
1531161735374,1531161735370,17492743,0.00121740,107.29000000,0
1531161735637,1531161735632,17492744,0.00121690,9.82000000,1
1531161738801,1531161738796,17492745,0.00121700,29.47000000,1
1531161740241,1531161740239,17492746,0.00121740,123.09000000,0
1531161740258,1531161740255,17492747,0.00121700,69.40000000,1
1531161740584,1531161740580,17492748,0.00121690,12.20000000,1
1531161741078,1531161741076,17492749,0.00121690,57.20000000,0
1531161741078,1531161741076,17492750,0.00121700,29.47000000,0
1531161742385,1531161742384,17492751,0.00121670,29.47000000,1
1531161745962,1531161745956,17492752,0.00121670,29.47000000,1
1531161750455,1531161750450,17492753,0.00121680,207.09000000,1
1531161753245,1531161753241,17492754,0.00121680,88.40000000,0
1531161753671,1531161753668,17492755,0.00121700,11.59000000,1
1531161754280,1531161754276,17492756,0.00121710,88.40000000,1
1531161754997,1531161754992,17492757,0.00121710,68.40000000,1
1531161756788,1531161756785,17492758,0.00121760,1.60000000,0
1531161756928,1531161756923,17492759,0.00121710,16.57000000,1
1531161761934,1531161761930,17492760,0.00121700,29.47000000,1
1531161763295,1531161763291,17492761,0.00121790,0.01000000,0
1531161766327,1531161766323,17492762,0.00121700,29.46000000,1
1531161770187,1531161770183,17492763,0.00121700,1.42000000,1
1531161770446,1531161770441,17492764,0.00121700,33.66000000,1
1531161770853,1531161770846,17492765,0.00121700,7.84000000,0
1531161770879,1531161770874,17492766,0.00121790,201.67000000,0
1531161770879,1531161770874,17492767,0.00121800,381.26000000,0
1531161771022,1531161771017,17492768,0.00121800,8.22000000,1
1531161771029,1531161771023,17492769,0.00121800,9.80000000,1
1531161771036,1531161771032,17492770,0.00121800,8.22000000,1
1531161771527,1531161771525,17492771,0.00121800,38.19000000,1
1531161773155,1531161773151,17492772,0.00121800,19.54000000,1
1531161775849,1531161775846,17492773,0.00121800,1.02000000,1
1531161776123,1531161776119,17492774,0.00121820,158.90000000,0
1531161782389,1531161782384,17492775,0.00121780,0.01000000,1
1531161782570,1531161782564,17492776,0.00121820,101.00000000,0
1531161785327,1531161785322,17492777,0.00121820,57.90000000,0
1531161785725,1531161785720,17492778,0.00121820,53.47000000,1
1531161791060,1531161791056,17492779,0.00121830,1.00000000,0
1531161791412,1531161791409,17492780,0.00121820,47.53000000,1
1531161791428,1531161791423,17492781,0.00121820,108.84000000,0
1531161791436,1531161791430,17492782,0.00121820,47.53000000,1
1531161802262,1531161802257,17492783,0.00121810,37.89000000,0
1531161802276,1531161802272,17492784,0.00121810,168.56000000,0
1531161802295,1531161802290,17492785,0.00121820,131.49000000,0
1531161808017,1531161808013,17492786,0.00121820,27.41000000,1
1531161808029,1531161808024,17492787,0.00121820,158.89000000,0
1531161808045,1531161808040,17492788,0.00121820,27.41000000,1
1531161816844,1531161816840,17492789,0.00121810,43.77000000,0
1531161816879,1531161816874,17492790,0.00121810,13.87000000,0
1531161817133,1531161817128,17492791,0.00121810,24.63000000,0
1531161817605,1531161817601,17492792,0.00121810,80.00000000,0
1531161817675,1531161817670,17492793,0.00121810,24.06000000,0
1531161818643,1531161818639,17492794,0.00121820,80.00000000,0
1531161818713,1531161818710,17492795,0.00121820,51.49000000,0
1531161819638,1531161819634,17492796,0.00121830,7.49000000,0
1531161819720,1531161819716,17492797,0.00121840,36.40000000,0
1531161819857,1531161819852,17492798,0.00121840,1.09000000,0
1531161820500,1531161820495,17492799,0.00121840,3.54000000,0
1531161820500,1531161820495,17492800,0.00121870,1.39000000,0
1531161820500,1531161820495,17492801,0.00121950,45.07000000,0
1531161820614,1531161820610,17492802,0.00121950,54.93000000,0
1531161820665,1531161820660,17492803,0.00121950,5.68000000,1
1531161820716,1531161820710,17492804,0.00121950,25.07000000,1
1531161820775,1531161820772,17492805,0.00121950,8.73000000,1
1531161820841,1531161820838,17492806,0.00121950,14.45000000,1
1531161820845,1531161820841,17492807,0.00121950,14.00000000,1
1531161821288,1531161821283,17492808,0.00121960,15.10000000,0
1531161821629,1531161821624,17492809,0.00121960,0.02000000,0
1531161822614,1531161822609,17492810,0.00121980,3.56000000,0
1531161825946,1531161825942,17492811,0.00122000,0.85000000,0
1531161827222,1531161827219,17492812,0.00122020,0.18000000,0
1531161828276,1531161828271,17492813,0.00122000,50.30000000,0
1531161828623,1531161828619,17492814,0.00121960,2.16000000,1
1531161828623,1531161828619,17492815,0.00121950,47.84000000,1
1531161832434,1531161832429,17492816,0.00121970,448.91000000,0
1531161832434,1531161832429,17492817,0.00122000,0.06000000,0
1531161832434,1531161832429,17492818,0.00122080,3.65000000,0
1531161832434,1531161832429,17492819,0.00122110,1.00000000,0
1531161832434,1531161832429,17492820,0.00122120,1.80000000,0
1531161832434,1531161832429,17492821,0.00122170,68.46000000,0
1531161833611,1531161833609,17492822,0.00121940,32.15000000,0
1531161834414,1531161834409,17492823,0.00122140,0.33000000,0
1531161835901,1531161835897,17492824,0.00121950,11.01000000,1
1531161837472,1531161837469,17492825,0.00121940,9.78000000,1
1531161838268,1531161838263,17492826,0.00121940,91.22000000,0
1531161845273,1531161845268,17492827,0.00122050,11.00000000,0
1531161849620,1531161849614,17492828,0.00122050,0.01000000,0
1531161849708,1531161849705,17492829,0.00122130,4.00000000,0
1531161850516,1531161850512,17492830,0.00122190,4.00000000,0
1531161857268,1531161857265,17492831,0.00122050,55.80000000,0
1531161858661,1531161858658,17492832,0.00122050,0.05000000,0
1531161863420,1531161863417,17492833,0.00122060,7.11000000,1
1531161866870,1531161866867,17492834,0.00122050,1.09000000,1
1531161866908,1531161866904,17492835,0.00122050,0.54000000,1
1531161866996,1531161866991,17492836,0.00122040,10.53000000,1
1531161867125,1531161867123,17492837,0.00122180,260.99000000,0
1531161867205,1531161867201,17492838,0.00122020,50.00000000,1
1531161867837,1531161867833,17492839,0.00122070,22.01000000,1
1531161868342,1531161868338,17492840,0.00122160,11.41000000,0
1531161869060,1531161869055,17492841,0.00122020,52.68000000,1
1531161870825,1531161870821,17492842,0.00122020,9.79000000,1
1531161872541,1531161872536,17492843,0.00122020,15.90000000,1
1531161872808,1531161872804,17492844,0.00122020,182.05000000,1
1531161873163,1531161873159,17492845,0.00122020,1.54000000,0
1531161873900,1531161873896,17492846,0.00122020,106.18000000,0
1531161875062,1531161875057,17492847,0.00122000,16.63000000,1
1531161876858,1531161876855,17492848,0.00122020,13.44000000,0
1531161878598,1531161878594,17492849,0.00122020,7.21000000,0
1531161885991,1531161885987,17492850,0.00122040,110.00000000,1
1531161887508,1531161887504,17492851,0.00122040,64.00000000,1
1531161888889,1531161888885,17492852,0.00122040,72.25000000,1
1531161890508,1531161890504,17492853,0.00122040,5.13000000,1
1531161894985,1531161894982,17492854,0.00122010,123.68000000,1
1531161895562,1531161895558,17492855,0.00122010,50.60000000,1
1531161895562,1531161895558,17492856,0.00122000,59.40000000,1
1531161900035,1531161900031,17492857,0.00122080,22.92000000,0
1531161903158,1531161903155,17492858,0.00122070,0.10000000,0
1531161903484,1531161903483,17492859,0.00122070,256.79000000,0
1531161903542,1531161903537,17492860,0.00122070,0.09000000,1
1531161903542,1531161903537,17492861,0.00122000,99.84000000,1
1531161908081,1531161908076,17492862,0.00122070,0.50000000,0
1531161910436,1531161910432,17492863,0.00122040,64.20000000,0
1531161910448,1531161910444,17492864,0.00122070,47.60000000,0
1531161913032,1531161913029,17492865,0.00122070,0.50000000,1
1531161918369,1531161918364,17492866,0.00122010,1.62000000,1
1531161918369,1531161918364,17492867,0.00122000,408.21000000,1
1531161921888,1531161921884,17492868,0.00122060,50.00000000,0
1531161922662,1531161922658,17492869,0.00122000,110.00000000,1
1531161923352,1531161923349,17492870,0.00122060,206.93000000,0
1531161925246,1531161925242,17492871,0.00122070,0.70000000,0
1531161926200,1531161926196,17492872,0.00122070,105.82000000,1
1531161929100,1531161929095,17492873,0.00122070,7.61000000,1
1531161930709,1531161930705,17492874,0.00122080,0.82000000,0
1531161940664,1531161940662,17492875,0.00122010,199.15000000,1
1531161941855,1531161941851,17492876,0.00122010,50.00000000,1
1531161948119,1531161948117,17492877,0.00122020,1.46000000,1
1531161948119,1531161948117,17492878,0.00122000,4.36000000,1
1531161948119,1531161948117,17492879,0.00121980,2.39000000,1
1531161951422,1531161951419,17492880,0.00122080,0.72000000,0
1531161952542,1531161952540,17492881,0.00122070,2.47000000,1
1531161954439,1531161954435,17492882,0.00122090,5.21000000,0
1531161955839,1531161955835,17492883,0.00122090,310.32000000,0
1531161958366,1531161958361,17492884,0.00122110,5.97000000,0
1531161963763,1531161963759,17492885,0.00122020,230.15000000,1
1531161967011,1531161967007,17492886,0.00122010,7.63000000,1
1531161970589,1531161970586,17492887,0.00122010,0.01000000,1
1531161974078,1531161974073,17492888,0.00121980,8.23000000,1
1531161979919,1531161979913,17492889,0.00121990,33.60000000,1
1531161987271,1531161987266,17492890,0.00122000,13.90000000,0
1531161991309,1531161991308,17492891,0.00122000,243.17000000,0
1531161997010,1531161997004,17492892,0.00122000,13.89000000,1
1531161997024,1531161997021,17492893,0.00122000,257.07000000,0
1531161997038,1531161997034,17492894,0.00122000,13.89000000,1
1531161998480,1531161998476,17492895,0.00122000,15.89000000,0
1531161999084,1531161999081,17492896,0.00121990,9.40000000,1
1531161999126,1531161999121,17492897,0.00121990,0.05000000,1
1531161999662,1531161999659,17492898,0.00121980,15.06000000,1
1531162000278,1531162000273,17492899,0.00121970,52.67000000,1
1531162002309,1531162002304,17492900,0.00121900,125.00000000,1
1531162003705,1531162003701,17492901,0.00121880,24.65000000,1
1531162004579,1531162004575,17492902,0.00121880,24.00000000,1
1531162005930,1531162005926,17492903,0.00121880,52.00000000,1
1531162010457,1531162010452,17492904,0.00121920,106.16000000,0
1531162013039,1531162013037,17492905,0.00121880,0.35000000,1
1531162013039,1531162013037,17492906,0.00121750,0.88000000,1
1531162021209,1531162021204,17492907,0.00121770,13.00000000,0
1531162023645,1531162023641,17492908,0.00121770,52.84000000,0
1531162036570,1531162036564,17492909,0.00121900,106.24000000,0
1531162038144,1531162038140,17492910,0.00121900,11.26000000,0
1531162038699,1531162038693,17492911,0.00121780,1.64000000,1
1531162038699,1531162038693,17492912,0.00121770,2.48000000,1
1531162049304,1531162049299,17492913,0.00121870,287.17000000,0
1531162049579,1531162049575,17492914,0.00121880,80.00000000,0
1531162049579,1531162049575,17492915,0.00121900,26.24000000,0
1531162050126,1531162050122,17492916,0.00121770,20.82000000,1
1531162050148,1531162050144,17492917,0.00121770,13.34000000,0
1531162050914,1531162050911,17492918,0.00121770,0.80000000,0
1531162059501,1531162059498,17492919,0.00121910,287.06000000,0
1531162062998,1531162062994,17492920,0.00121920,3.00000000,0
1531162062998,1531162062994,17492921,0.00121960,80.00000000,0
1531162062998,1531162062994,17492922,0.00121980,23.15000000,0
1531162068813,1531162068809,17492923,0.00121810,11.05000000,1
1531162068813,1531162068809,17492924,0.00121800,4.50000000,1
1531162068813,1531162068809,17492925,0.00121770,31.39000000,1
1531162075920,1531162075915,17492926,0.00121930,106.16000000,0
1531162079367,1531162079361,17492927,0.00121930,180.87000000,0
1531162080277,1531162080273,17492928,0.00121940,11.00000000,0
1531162083782,1531162083780,17492929,0.00121930,106.15000000,1
1531162090977,1531162090973,17492930,0.00121930,106.15000000,0
1531162094866,1531162094862,17492931,0.00121930,180.89000000,0
1531162094972,1531162094968,17492932,0.00121930,29.38000000,1
1531162095673,1531162095668,17492933,0.00121930,76.76000000,1
1531162100739,1531162100733,17492934,0.00121930,0.01000000,1
1531162100758,1531162100752,17492935,0.00121930,268.67000000,0
1531162100768,1531162100764,17492936,0.00121930,0.01000000,1
1531162112572,1531162112567,17492937,0.00121880,148.84000000,1
1531162116472,1531162116468,17492938,0.00121880,198.56000000,1
1531162127509,1531162127503,17492939,0.00121880,8.99000000,1
1531162128735,1531162128729,17492940,0.00121930,287.05000000,0
1531162133249,1531162133246,17492941,0.00121940,0.05000000,0
1531162133249,1531162133246,17492942,0.00121950,1.14000000,0
1531162133249,1531162133246,17492943,0.00122000,7.58000000,0
1531162133467,1531162133462,17492944,0.00122000,34.17000000,0
1531162134345,1531162134342,17492945,0.00121920,29.41000000,1
1531162140742,1531162140741,17492946,0.00121880,12.00000000,1
1531162143137,1531162143133,17492947,0.00121880,9.81000000,1
1531162145795,1531162145789,17492948,0.00122020,146.06000000,0
1531162145813,1531162145810,17492949,0.00122020,140.77000000,0
1531162147442,1531162147437,17492950,0.00122000,106.14000000,0
1531162161634,1531162161630,17492951,0.00122000,1.71000000,1
1531162166417,1531162166412,17492952,0.00122000,1.46000000,1
1531162166417,1531162166412,17492953,0.00121930,21.03000000,1
1531162168920,1531162168915,17492954,0.00122100,2.49000000,0
1531162170074,1531162170069,17492955,0.00122100,1.45000000,0
1531162186243,1531162186239,17492956,0.00122100,286.64000000,0
1531162186591,1531162186587,17492957,0.00122110,27.90000000,0
1531162192769,1531162192766,17492958,0.00122000,4.08000000,1
1531162195778,1531162195774,17492959,0.00121970,87.21000000,1
1531162197706,1531162197700,17492960,0.00121970,170.86000000,1
1531162197952,1531162197946,17492961,0.00121970,87.20000000,0
1531162200160,1531162200154,17492962,0.00122030,65.52000000,0
1531162204140,1531162204135,17492963,0.00121930,0.10000000,1
1531162204266,1531162204262,17492964,0.00121980,286.92000000,0
1531162204276,1531162204272,17492965,0.00122030,143.52000000,0
1531162204337,1531162204332,17492966,0.00122030,5.54000000,1
1531162204400,1531162204394,17492967,0.00122030,9.80000000,1
1531162207607,1531162207602,17492968,0.00122040,1.63000000,1
1531162207607,1531162207602,17492969,0.00122030,50.17000000,1
1531162208292,1531162208286,17492970,0.00121970,4.20000000,0
1531162209291,1531162209286,17492971,0.00121960,209.70000000,0
1531162211364,1531162211358,17492972,0.00121960,0.01000000,0
1531162211364,1531162211358,17492973,0.00121970,0.01000000,0
1531162221628,1531162221624,17492974,0.00122050,135.06000000,0
1531162221636,1531162221632,17492975,0.00122010,104.70000000,1
1531162231831,1531162231829,17492976,0.00122010,453.06000000,1
1531162233729,1531162233725,17492977,0.00122100,1.31000000,0
1531162243219,1531162243214,17492978,0.00122090,11.78000000,0
1531162243229,1531162243227,17492979,0.00122090,11.78000000,0
1531162243330,1531162243329,17492980,0.00122090,172.20000000,0
1531162243946,1531162243943,17492981,0.00122090,0.01000000,0
1531162243946,1531162243943,17492982,0.00122100,0.57000000,0
1531162245699,1531162245694,17492983,0.00122090,233.62000000,0
1531162248568,1531162248562,17492984,0.00122090,262.54000000,0
1531162248586,1531162248582,17492985,0.00122100,4.00000000,0
1531162249662,1531162249657,17492986,0.00122100,0.93000000,0
1531162249662,1531162249657,17492987,0.00122110,36.07000000,0
1531162257039,1531162257032,17492988,0.00122100,436.34000000,1
1531162257145,1531162257144,17492989,0.00122100,442.81000000,1
1531162257165,1531162257160,17492990,0.00122090,233.62000000,1
1531162258007,1531162258003,17492991,0.00122090,74.04000000,0
1531162265736,1531162265731,17492992,0.00122050,804.05000000,0
1531162265751,1531162265745,17492993,0.00122090,188.50000000,0
1531162272300,1531162272296,17492994,0.00122100,377.62000000,1
1531162272331,1531162272326,17492995,0.00122100,359.62000000,1
1531162282886,1531162282881,17492996,0.00122110,8.18000000,0
1531162284752,1531162284749,17492997,0.00122100,10.50000000,1
1531162290347,1531162290343,17492998,0.00122100,160.53000000,1
1531162292935,1531162292929,17492999,0.00122100,2.00000000,0
1531162297963,1531162297960,17493000,0.00122100,63.26000000,0
1531162305323,1531162305317,17493001,0.00122100,318.56000000,1
1531162305334,1531162305329,17493002,0.00122100,269.18000000,0
1531162305350,1531162305347,17493003,0.00122100,318.56000000,1
1531162307516,1531162307509,17493004,0.00122090,8.49000000,1
1531162309508,1531162309502,17493005,0.00122090,0.01000000,1
1531162309508,1531162309502,17493006,0.00122020,1.25000000,1
1531162312977,1531162312973,17493007,0.00122100,20.00000000,1
1531162318340,1531162318334,17493008,0.00122030,944.50000000,1
1531162325520,1531162325515,17493009,0.00122110,30.00000000,0
1531162326013,1531162326008,17493010,0.00122030,933.46000000,1
1531162342246,1531162342240,17493011,0.00122070,217.56000000,0
1531162342265,1531162342261,17493012,0.00122040,119.87000000,1
1531162343946,1531162343943,17493013,0.00122040,0.83000000,1
1531162348984,1531162348980,17493014,0.00122040,962.47000000,1
1531162361820,1531162361811,17493015,0.00122040,53.14000000,1
1531162361838,1531162361833,17493016,0.00122040,717.02000000,1
1531162369256,1531162369253,17493017,0.00122050,661.22000000,1
1531162377900,1531162377895,17493018,0.00122050,352.68000000,1
1531162377920,1531162377915,17493019,0.00122050,501.37000000,1
1531162387542,1531162387538,17493020,0.00122050,967.62000000,1
1531162387982,1531162387978,17493021,0.00122100,106.15000000,1
1531162393865,1531162393861,17493022,0.00122060,31.28000000,1
1531162393883,1531162393879,17493023,0.00122060,518.27000000,1
1531162399115,1531162399110,17493024,0.00122060,111.29000000,1
1531162399131,1531162399126,17493025,0.00122060,928.33000000,1
1531162402756,1531162402750,17493026,0.00122050,1.32000000,1
1531162402756,1531162402750,17493027,0.00122040,95.58000000,1
1531162410930,1531162410926,17493028,0.00122050,131.15000000,1
1531162411642,1531162411639,17493029,0.00122050,59.01000000,0
1531162411733,1531162411728,17493030,0.00122110,26.48000000,0
1531162417038,1531162417033,17493031,0.00122050,649.12000000,1
1531162417058,1531162417053,17493032,0.00122050,203.21000000,1
1531162420114,1531162420110,17493033,0.00122110,30.35000000,0
1531162421423,1531162421418,17493034,0.00122110,12.10000000,0
1531162422480,1531162422470,17493035,0.00122110,241.91000000,0
1531162422480,1531162422470,17493036,0.00122160,6.78000000,0
1531162422480,1531162422470,17493037,0.00122170,4.89000000,0
1531162422480,1531162422470,17493038,0.00122190,10.00000000,0
1531162422480,1531162422470,17493039,0.00122200,352.70000000,0
1531162422480,1531162422470,17493040,0.00122210,5.48000000,0
1531162422480,1531162422470,17493041,0.00122220,2.45000000,0
1531162422480,1531162422470,17493042,0.00122230,0.83000000,0
1531162422480,1531162422470,17493043,0.00122240,7.15000000,0
1531162422480,1531162422470,17493044,0.00122250,477.85000000,0
1531162422480,1531162422470,17493045,0.00122270,91.21000000,0
1531162422480,1531162422470,17493046,0.00122280,12.27000000,0
1531162422480,1531162422470,17493047,0.00122290,31.17000000,0
1531162422480,1531162422470,17493048,0.00122300,229.36000000,0
1531162424516,1531162424510,17493049,0.00122280,0.18000000,0
1531162428472,1531162428465,17493050,0.00122270,9.44000000,0
1531162428472,1531162428465,17493051,0.00122300,296.57000000,0
1531162428472,1531162428465,17493052,0.00122310,60.23000000,0
1531162431715,1531162431711,17493053,0.00122280,122.02000000,0
1531162433705,1531162433700,17493054,0.00122270,0.93000000,0
1531162438477,1531162438471,17493055,0.00122140,252.43000000,1
1531162438497,1531162438491,17493056,0.00122140,616.73000000,1
1531162451776,1531162451771,17493057,0.00122150,766.61000000,1
1531162451796,1531162451792,17493058,0.00122150,243.37000000,1
1531162458156,1531162458152,17493059,0.00122150,1.14000000,0
1531162469485,1531162469480,17493060,0.00122150,16.65000000,0
1531162469535,1531162469532,17493061,0.00122150,1.00000000,0
1531162469883,1531162469878,17493062,0.00122150,44.60000000,0
1531162469883,1531162469878,17493063,0.00122270,8.40000000,0
1531162472552,1531162472546,17493064,0.00122140,8.21000000,1
1531162477183,1531162477177,17493065,0.00122160,73.77000000,1
1531162480832,1531162480827,17493066,0.00122160,549.51000000,1
1531162485452,1531162485446,17493067,0.00122160,10.00000000,0
1531162487269,1531162487263,17493068,0.00122150,233.55000000,1
1531162487284,1531162487279,17493069,0.00122150,44.09000000,0
1531162487300,1531162487295,17493070,0.00122160,63.76000000,0
1531162487936,1531162487929,17493071,0.00122260,13.00000000,1
1531162494051,1531162494045,17493072,0.00122220,26.14000000,0
1531162496873,1531162496868,17493073,0.00122170,0.46000000,1
1531162498573,1531162498567,17493074,0.00122170,127.98000000,1
1531162499803,1531162499799,17493075,0.00122170,416.50000000,1
1531162502855,1531162502849,17493076,0.00122180,78.49000000,1
1531162505459,1531162505454,17493077,0.00122180,193.00000000,1
1531162505474,1531162505472,17493078,0.00122180,499.05000000,1
1531162506165,1531162506161,17493079,0.00122180,0.10000000,0
1531162510754,1531162510749,17493080,0.00122180,78.38000000,0
1531162510754,1531162510749,17493081,0.00122200,148.80000000,0
1531162510754,1531162510749,17493082,0.00122250,15.34000000,0
1531162511211,1531162511206,17493083,0.00122170,20.19000000,1
1531162513691,1531162513686,17493084,0.00122170,377.74000000,1
1531162513722,1531162513718,17493085,0.00122150,81.90000000,1
1531162513741,1531162513735,17493086,0.00122150,70.47000000,1
1531162513771,1531162513764,17493087,0.00122160,63.33000000,1
1531162525101,1531162525097,17493088,0.00122180,5.00000000,1
1531162525567,1531162525564,17493089,0.00122180,534.00000000,0
1531162527620,1531162527614,17493090,0.00122190,37.00000000,1
1531162533989,1531162533987,17493091,0.00122160,88.04000000,1
1531162538848,1531162538843,17493092,0.00122180,256.60000000,0
1531162538858,1531162538855,17493093,0.00122170,215.46000000,1
1531162538872,1531162538867,17493094,0.00122170,190.09000000,1
1531162544291,1531162544286,17493095,0.00122190,6.42000000,0
1531162548251,1531162548246,17493096,0.00122190,8.10000000,0
1531162550487,1531162550481,17493097,0.00122170,639.16000000,0
1531162550499,1531162550495,17493098,0.00122150,311.01000000,1
1531162551326,1531162551321,17493099,0.00122190,9.82000000,0
1531162551909,1531162551903,17493100,0.00122180,87.97000000,1
1531162552289,1531162552284,17493101,0.00122180,8.72000000,1
1531162552973,1531162552968,17493102,0.00122190,29.29000000,0
1531162553629,1531162553626,17493103,0.00122190,70.71000000,1
1531162554608,1531162554603,17493104,0.00122190,0.03000000,0
1531162555011,1531162555009,17493105,0.00122190,29.32000000,1
1531162558115,1531162558110,17493106,0.00122190,9.77000000,1
1531162558512,1531162558508,17493107,0.00122190,14.00000000,1
1531162562348,1531162562343,17493108,0.00122190,3.29000000,1
1531162569553,1531162569548,17493109,0.00122200,28.60000000,0
1531162570563,1531162570556,17493110,0.00122190,8.59000000,1
1531162570563,1531162570556,17493111,0.00122170,63.12000000,1
1531162570563,1531162570556,17493112,0.00122140,179.34000000,1
1531162570563,1531162570556,17493113,0.00122110,12.29000000,1
1531162570563,1531162570556,17493114,0.00122100,5.86000000,1
1531162570563,1531162570556,17493115,0.00122070,8.57000000,1
1531162580619,1531162580613,17493116,0.00122060,970.82000000,1
1531162580619,1531162580613,17493117,0.00122050,29.18000000,1
1531162584860,1531162584856,17493118,0.00122050,0.85000000,1
1531162585388,1531162585382,17493119,0.00122050,88.69000000,1
1531162605720,1531162605715,17493120,0.00122100,1.81000000,1
1531162605720,1531162605715,17493121,0.00122050,3.12000000,1
1531162607811,1531162607807,17493122,0.00122060,4.93000000,1
1531162607855,1531162607850,17493123,0.00122060,4.93000000,1
1531162608261,1531162608258,17493124,0.00122060,4.93000000,1
1531162614933,1531162614928,17493125,0.00122050,0.02000000,1
1531162619351,1531162619347,17493126,0.00122190,89.42000000,0
1531162622596,1531162622593,17493127,0.00122070,2.06000000,1
1531162624666,1531162624662,17493128,0.00122190,89.42000000,0
1531162624735,1531162624731,17493129,0.00122070,15.93000000,1
1531162628591,1531162628585,17493130,0.00122190,0.01000000,0
1531162648355,1531162648350,17493131,0.00122070,0.83000000,1
1531162651595,1531162651589,17493132,0.00122140,0.01000000,0
1531162654416,1531162654411,17493133,0.00122070,0.58000000,1
1531162656919,1531162656914,17493134,0.00122070,0.85000000,1
1531162657263,1531162657258,17493135,0.00122100,30.50000000,0
1531162658080,1531162658075,17493136,0.00122070,9.80000000,1
1531162661952,1531162661945,17493137,0.00122070,9.80000000,1
1531162664027,1531162664023,17493138,0.00122080,3.68000000,1
1531162666204,1531162666200,17493139,0.00122080,29.39000000,1
1531162670092,1531162670088,17493140,0.00122080,24.61000000,1
1531162670895,1531162670892,17493141,0.00122080,4.74000000,1
1531162670895,1531162670892,17493142,0.00122070,24.63000000,1
1531162674077,1531162674072,17493143,0.00122070,130.62000000,1
1531162674077,1531162674072,17493144,0.00122060,133.96000000,1
1531162677103,1531162677099,17493145,0.00122060,88.21000000,1
1531162679590,1531162679584,17493146,0.00122060,17.00000000,1
1531162686144,1531162686139,17493147,0.00122070,5.67000000,1
1531162686144,1531162686139,17493148,0.00122060,82.56000000,1
1531162689115,1531162689108,17493149,0.00122070,1.63000000,1
1531162689115,1531162689108,17493150,0.00122060,252.23000000,1
1531162689115,1531162689108,17493151,0.00122050,10.86000000,1
1531162690060,1531162690055,17493152,0.00122050,81.56000000,1
1531162690310,1531162690305,17493153,0.00122080,4.95000000,0
1531162690724,1531162690721,17493154,0.00122050,110.00000000,1
1531162692147,1531162692141,17493155,0.00122050,194.98000000,1
1531162692147,1531162692141,17493156,0.00122040,69.74000000,1
1531162693243,1531162693240,17493157,0.00122030,4.38000000,1
1531162693351,1531162693346,17493158,0.00122000,82.10000000,1
1531162696947,1531162696942,17493159,0.00122000,0.02000000,1
1531162696947,1531162696942,17493160,0.00121990,5.98000000,1
1531162700588,1531162700583,17493161,0.00122000,106.14000000,0
1531162703382,1531162703375,17493162,0.00121990,0.56000000,1
1531162703382,1531162703375,17493163,0.00121960,82.01000000,1
1531162703700,1531162703695,17493164,0.00121960,2.16000000,1
1531162704238,1531162704233,17493165,0.00121960,335.00000000,1
1531162705331,1531162705327,17493166,0.00121950,456.00000000,1
1531162716361,1531162716356,17493167,0.00122020,8.00000000,1
1531162716823,1531162716819,17493168,0.00121960,0.02000000,1
1531162716949,1531162716944,17493169,0.00121960,36.00000000,1
1531162722758,1531162722754,17493170,0.00121960,0.84000000,1
1531162722758,1531162722754,17493171,0.00121950,0.05000000,1
1531162723457,1531162723453,17493172,0.00122060,0.01000000,0
1531162728745,1531162728739,17493173,0.00122040,6.85000000,0
1531162733813,1531162733806,17493174,0.00121950,3.75000000,1
1531162738266,1531162738260,17493175,0.00122060,94.45000000,0
1531162738356,1531162738351,17493176,0.00122080,0.01000000,0
1531162740870,1531162740867,17493177,0.00122070,29.38000000,1
1531162741298,1531162741296,17493178,0.00122070,98.00000000,1
1531162741305,1531162741300,17493179,0.00122070,174.62000000,1
1531162741328,1531162741322,17493180,0.00122070,44.00000000,1
1531162742351,1531162742346,17493181,0.00122070,1.00000000,1
1531162743665,1531162743659,17493182,0.00122070,0.01000000,1
1531162743665,1531162743659,17493183,0.00121950,36.89000000,1
1531162743665,1531162743659,17493184,0.00121900,8.10000000,1
1531162748927,1531162748921,17493185,0.00121920,0.14000000,1
1531162761363,1531162761359,17493186,0.00122060,94.45000000,0
1531162766514,1531162766509,17493187,0.00121930,3.99000000,1
1531162771618,1531162771613,17493188,0.00122050,5.82000000,0
1531162772420,1531162772416,17493189,0.00122050,0.01000000,0
1531162780424,1531162780419,17493190,0.00122040,82.54000000,0
1531162780446,1531162780442,17493191,0.00122040,11.93000000,0
1531162787265,1531162787260,17493192,0.00121960,5.00000000,1
1531162795645,1531162795640,17493193,0.00122070,94.45000000,0
1531162797406,1531162797401,17493194,0.00122050,2.00000000,1
1531162802332,1531162802327,17493195,0.00122050,1.17000000,1
1531162805247,1531162805240,17493196,0.00122000,1.64000000,0
1531162806404,1531162806400,17493197,0.00121990,0.10000000,1
1531162807035,1531162807029,17493198,0.00122000,25.00000000,0
1531162809692,1531162809687,17493199,0.00121990,6.90000000,1
1531162810481,1531162810475,17493200,0.00121990,0.91000000,0
1531162815571,1531162815565,17493201,0.00121990,5.04000000,0
1531162816250,1531162816247,17493202,0.00121990,1.35000000,0
1531162820765,1531162820760,17493203,0.00121980,4.00000000,0
1531162821577,1531162821572,17493204,0.00121970,1.63000000,1
1531162821577,1531162821572,17493205,0.00121960,18.23000000,1
1531162821577,1531162821572,17493206,0.00121950,21.76000000,1
1531162822753,1531162822747,17493207,0.00121980,90.53000000,0
1531162822753,1531162822747,17493208,0.00121990,20.30000000,0
1531162824965,1531162824959,17493209,0.00121980,17.00000000,0
1531162827153,1531162827147,17493210,0.00121990,103.00000000,0
1531162828284,1531162828279,17493211,0.00121990,0.14000000,0
1531162828284,1531162828279,17493212,0.00122000,130.86000000,0
1531162832969,1531162832963,17493213,0.00121970,5.00000000,0
1531162838987,1531162838981,17493214,0.00121970,0.22000000,0
1531162844607,1531162844602,17493215,0.00122000,0.26000000,0
1531162845956,1531162845952,17493216,0.00122070,5.00000000,0
1531162853085,1531162853079,17493217,0.00122030,25.10000000,1
1531162854717,1531162854711,17493218,0.00122070,2.00000000,0
1531162855463,1531162855458,17493219,0.00122070,11.34000000,0
1531162869057,1531162869053,17493220,0.00122070,46.05000000,1
1531162869208,1531162869205,17493221,0.00122030,12.00000000,0
1531162869955,1531162869950,17493222,0.00122030,1.00000000,0
1531162872801,1531162872795,17493223,0.00122010,30.00000000,1
1531162874265,1531162874259,17493224,0.00122030,0.95000000,0
1531162876229,1531162876225,17493225,0.00122040,1.00000000,1
1531162877105,1531162877099,17493226,0.00122040,0.63000000,1
1531162879245,1531162879242,17493227,0.00122030,1.90000000,1
1531162880687,1531162880681,17493228,0.00122170,291.75000000,0
1531162886385,1531162886382,17493229,0.00122040,7.90000000,0
1531162887896,1531162887893,17493230,0.00122040,0.10000000,1
1531162887896,1531162887893,17493231,0.00122030,27.15000000,1
1531162887896,1531162887893,17493232,0.00122010,5.00000000,1
1531162887896,1531162887893,17493233,0.00121990,108.73000000,1
1531162887920,1531162887914,17493234,0.00121950,27.15000000,1
1531162887942,1531162887936,17493235,0.00121950,9.00000000,1
1531162888091,1531162888086,17493236,0.00121950,9.00000000,1
1531162888092,1531162888088,17493237,0.00121950,6.81000000,1
1531162890748,1531162890742,17493238,0.00122170,4.03000000,0
1531162905002,1531162904996,17493239,0.00122130,1.52000000,0
1531162908455,1531162908451,17493240,0.00122120,291.87000000,0
1531162913601,1531162913596,17493241,0.00122050,2.76000000,1
1531162914332,1531162914328,17493242,0.00122050,2.77000000,1
1531162914405,1531162914401,17493243,0.00122120,1.66000000,0
1531162917050,1531162917046,17493244,0.00122050,4.98000000,1
1531162922953,1531162922948,17493245,0.00122120,15.00000000,1
1531162923869,1531162923865,17493246,0.00122060,0.02000000,1
1531162924687,1531162924682,17493247,0.00122060,0.02000000,1
1531162925398,1531162925392,17493248,0.00122120,3.12000000,0
1531162926169,1531162926164,17493249,0.00122060,106.03000000,1
1531162927796,1531162927791,17493250,0.00122060,0.03000000,0
1531162929250,1531162929244,17493251,0.00122060,1.00000000,1
1531162931421,1531162931416,17493252,0.00122140,0.01000000,0
1531162943344,1531162943339,17493253,0.00122180,0.01000000,0
1531162961187,1531162961183,17493254,0.00122170,291.74000000,0
1531162967460,1531162967455,17493255,0.00122170,291.74000000,0
1531162970039,1531162970034,17493256,0.00122140,1.60000000,1
1531162974095,1531162974090,17493257,0.00122140,0.40000000,1
1531162974095,1531162974090,17493258,0.00122060,0.65000000,1
1531162986020,1531162986016,17493259,0.00122070,184.21000000,1
1531162987232,1531162987226,17493260,0.00122110,189.49000000,0
1531162989300,1531162989294,17493261,0.00122060,22.89000000,1
1531162995816,1531162995811,17493262,0.00121980,0.02000000,1
1531163006044,1531163006042,17493263,0.00122100,0.01000000,0
1531163015440,1531163015437,17493264,0.00122000,98.00000000,1
1531163015453,1531163015449,17493265,0.00122000,8.16000000,1
1531163016464,1531163016459,17493266,0.00121950,98.00000000,1
1531163016624,1531163016619,17493267,0.00121950,41.00000000,1
1531163019225,1531163019220,17493268,0.00122000,0.01000000,0
1531163023484,1531163023477,17493269,0.00121950,0.38000000,1
1531163023484,1531163023477,17493270,0.00121920,4.32000000,1
1531163025372,1531163025369,17493271,0.00121920,129.70000000,1
1531163029380,1531163029377,17493272,0.00121910,8.80000000,1
1531163033213,1531163033207,17493273,0.00121910,0.09000000,1
1531163033213,1531163033207,17493274,0.00121900,1.91000000,1
1531163035368,1531163035364,17493275,0.00121900,4.90000000,1
1531163038862,1531163038857,17493276,0.00121900,0.09000000,1
1531163039234,1531163039230,17493277,0.00121880,9.00000000,1
1531163039599,1531163039596,17493278,0.00121900,4.15000000,0
1531163044078,1531163044074,17493279,0.00121890,190.90000000,1
1531163044096,1531163044092,17493280,0.00121890,101.50000000,0
1531163044106,1531163044102,17493281,0.00121890,190.90000000,1
1531163047661,1531163047656,17493282,0.00121890,3.89000000,0
1531163047936,1531163047932,17493283,0.00121890,106.20000000,0
1531163053216,1531163053209,17493284,0.00121890,292.41000000,0
1531163060936,1531163060931,17493285,0.00121890,106.14000000,0
1531163065707,1531163065702,17493286,0.00121890,1.40000000,0
1531163066435,1531163066429,17493287,0.00121890,50.00000000,0
1531163067166,1531163067162,17493288,0.00121890,462.00000000,0
1531163068248,1531163068243,17493289,0.00121890,0.84000000,0
1531163068248,1531163068243,17493290,0.00121900,1.16000000,0
