event_time,trade_time,trade_id,price,quantity,maker
1531160388151,1531160388148,1492411,0.00000755,2159.00000000,0
1531160405043,1531160405039,1492412,0.00000752,967.00000000,1
1531160521394,1531160521390,1492413,0.00000757,7192.00000000,0
1531160525210,1531160525207,1492414,0.00000754,1104.00000000,1
1531160539721,1531160539718,1492415,0.00000754,1104.00000000,1
1531160540252,1531160540248,1492416,0.00000754,707.00000000,1
1531160641724,1531160641721,1492417,0.00000753,146.00000000,1
1531160665069,1531160665065,1492418,0.00000753,146.00000000,1
1531160671564,1531160671561,1492419,0.00000753,397.00000000,1
1531160673285,1531160673282,1492420,0.00000753,415.00000000,1
1531160674895,1531160674891,1492421,0.00000753,438.00000000,1
1531160676529,1531160676525,1492422,0.00000753,292.00000000,1
1531160678188,1531160678186,1492423,0.00000753,511.00000000,1
1531160679864,1531160679830,1492424,0.00000753,292.00000000,1
1531160681526,1531160681521,1492425,0.00000753,438.00000000,1
1531160683182,1531160683178,1492426,0.00000753,438.00000000,1
1531160684791,1531160684787,1492427,0.00000753,365.00000000,1
1531160686384,1531160686379,1492428,0.00000753,365.00000000,1
1531160712159,1531160712155,1492429,0.00000750,150.00000000,1
1531160759541,1531160759538,1492430,0.00000750,293.00000000,1
1531160760136,1531160760132,1492431,0.00000750,142.00000000,1
1531160760136,1531160760132,1492432,0.00000748,5.00000000,1
1531160798163,1531160798161,1492433,0.00000746,147.00000000,1
1531160847135,1531160847130,1492434,0.00000749,135.00000000,0
1531160859546,1531160859543,1492435,0.00000749,136.00000000,0
1531160871156,1531160871151,1492436,0.00000745,147.00000000,1
1531160888881,1531160888877,1492437,0.00000746,670.00000000,1
1531160888881,1531160888877,1492438,0.00000745,3075.00000000,1
1531160896734,1531160896731,1492439,0.00000748,4243.00000000,0
1531160896856,1531160896852,1492440,0.00000748,670.00000000,1
1531160916190,1531160916186,1492441,0.00000748,146.00000000,1
1531160935764,1531160935759,1492442,0.00000749,840.00000000,0
1531160935764,1531160935759,1492443,0.00000750,147.00000000,0
1531160936160,1531160936157,1492444,0.00000750,148.00000000,1
1531160952008,1531160952005,1492445,0.00000753,438.00000000,0
1531160985650,1531160985646,1492446,0.00000748,146.00000000,1
1531161002210,1531161002206,1492447,0.00000749,148.00000000,1
1531161024162,1531161024158,1492448,0.00000749,146.00000000,1
1531161049134,1531161049130,1492449,0.00000749,146.00000000,1
1531161071113,1531161071109,1492450,0.00000749,147.00000000,1
1531161091117,1531161091113,1492451,0.00000751,146.00000000,1
1531161154155,1531161154151,1492452,0.00000749,147.00000000,1
1531161176094,1531161176091,1492453,0.00000749,147.00000000,1
1531161210716,1531161210713,1492454,0.00000751,1027.00000000,0
1531161228763,1531161228759,1492455,0.00000752,1547.00000000,0
1531161236705,1531161236700,1492456,0.00000752,469.00000000,0
1531161240210,1531161240193,1492457,0.00000748,146.00000000,1
1531161277097,1531161277097,1492458,0.00000752,145.00000000,1
1531161285248,1531161285244,1492459,0.00000748,146.00000000,1
1531161291914,1531161291910,1492460,0.00000752,219.00000000,1
1531161308197,1531161308195,1492461,0.00000752,145.00000000,1
1531161329132,1531161329128,1492462,0.00000752,147.00000000,1
1531161331173,1531161331169,1492463,0.00000752,146.00000000,1
1531161352581,1531161352577,1492464,0.00000752,146.00000000,1
1531161376206,1531161376203,1492465,0.00000752,145.00000000,1
1531161396144,1531161396139,1492466,0.00000752,145.00000000,1
1531161417310,1531161417305,1492467,0.00000752,14.00000000,1
1531161442193,1531161442158,1492468,0.00000751,1399.00000000,0
1531161442193,1531161442158,1492469,0.00000752,879.00000000,0
1531161464673,1531161464668,1492470,0.00000750,146.00000000,1
1531161479184,1531161479180,1492471,0.00000751,146.00000000,1
1531161504184,1531161504179,1492472,0.00000751,146.00000000,1
1531161524189,1531161524183,1492473,0.00000751,146.00000000,1
1531161537300,1531161537296,1492474,0.00000751,160.00000000,1
1531161548002,1531161547999,1492475,0.00000751,145.00000000,1
1531161568192,1531161568188,1492476,0.00000751,146.00000000,1
1531161591080,1531161591075,1492477,0.00000751,147.00000000,1
1531161614200,1531161614197,1492478,0.00000751,72.00000000,1
1531161614200,1531161614197,1492479,0.00000749,112.00000000,1
1531161634156,1531161634152,1492480,0.00000749,146.00000000,1
1531161661124,1531161661122,1492481,0.00000750,147.00000000,1
1531161745595,1531161745591,1492482,0.00000750,2291.00000000,1
1531161750301,1531161750297,1492483,0.00000750,5339.00000000,1
1531161751168,1531161751163,1492484,0.00000750,146.00000000,1
1531161783886,1531161783882,1492485,0.00000750,3264.00000000,0
1531161816646,1531161816644,1492486,0.00000750,304.00000000,1
1531161862848,1531161862846,1492487,0.00000750,773.00000000,1
1531161870420,1531161870416,1492488,0.00000750,981.00000000,1
1531161876331,1531161876327,1492489,0.00000750,903.00000000,1
1531161880088,1531161880084,1492490,0.00000750,1676.00000000,1
1531161880088,1531161880084,1492491,0.00000747,17.00000000,1
1531161881197,1531161881193,1492492,0.00000747,146.00000000,1
1531161906504,1531161906500,1492493,0.00000751,133.00000000,0
1531162057837,1531162057823,1492494,0.00000744,135.00000000,1
1531162057837,1531162057823,1492495,0.00000743,1084.00000000,1
1531162057837,1531162057823,1492496,0.00000742,5050.00000000,1
1531162057837,1531162057823,1492497,0.00000741,13985.00000000,1
1531162057837,1531162057823,1492498,0.00000740,24860.00000000,1
1531162057837,1531162057823,1492499,0.00000739,19475.00000000,1
1531162057837,1531162057823,1492500,0.00000738,545.00000000,1
1531162057842,1531162057823,1492501,0.00000738,2572.00000000,1
1531162057842,1531162057823,1492502,0.00000737,2857.00000000,1
1531162057842,1531162057823,1492503,0.00000736,9249.00000000,1
1531162057842,1531162057823,1492504,0.00000735,2359.00000000,1
1531162057842,1531162057823,1492505,0.00000734,8151.00000000,1
1531162057843,1531162057823,1492506,0.00000735,800.00000000,0
1531162057850,1531162057848,1492507,0.00000735,223.00000000,0
1531162057850,1531162057848,1492508,0.00000739,3045.00000000,0
1531162057885,1531162057884,1492509,0.00000739,2535.00000000,0
1531162057890,1531162057884,1492510,0.00000739,142.00000000,0
1531162057912,1531162057906,1492511,0.00000735,142.00000000,1
1531162057972,1531162057967,1492512,0.00000739,2348.00000000,0
1531162057988,1531162057984,1492513,0.00000739,2066.00000000,0
1531162058257,1531162058253,1492514,0.00000739,2583.00000000,0
1531162058445,1531162058442,1492515,0.00000739,666.00000000,0
1531162058467,1531162058462,1492516,0.00000739,836.00000000,0
1531162058497,1531162058493,1492517,0.00000739,1861.00000000,0
1531162058552,1531162058548,1492518,0.00000739,2583.00000000,0
1531162058745,1531162058740,1492519,0.00000739,6540.00000000,0
1531162059091,1531162059086,1492520,0.00000739,2024.00000000,0
1531162059091,1531162059086,1492521,0.00000740,341.00000000,0
1531162059161,1531162059156,1492522,0.00000740,9776.00000000,0
1531162060126,1531162060122,1492523,0.00000739,1124.00000000,0
1531162060137,1531162060133,1492524,0.00000739,2.00000000,0
1531162060137,1531162060133,1492525,0.00000740,8.00000000,0
1531162060172,1531162060143,1492526,0.00000740,218.00000000,0
1531162060424,1531162060419,1492527,0.00000740,803.00000000,0
1531162060562,1531162060556,1492528,0.00000740,1104.00000000,0
1531162060562,1531162060556,1492529,0.00000741,895.00000000,0
1531162060562,1531162060556,1492530,0.00000742,1611.00000000,0
1531162060978,1531162060972,1492531,0.00000738,142.00000000,1
1531162061587,1531162061582,1492532,0.00000739,163.00000000,0
1531162061742,1531162061736,1492533,0.00000742,803.00000000,0
1531162062100,1531162062096,1492534,0.00000742,163.00000000,0
1531162063691,1531162063687,1492535,0.00000740,643.00000000,1
1531162065538,1531162065533,1492536,0.00000739,809.00000000,1
1531162065669,1531162065664,1492537,0.00000740,500.00000000,0
1531162068674,1531162068672,1492538,0.00000740,2844.00000000,0
1531162070970,1531162070966,1492539,0.00000740,1022.00000000,0
1531162074377,1531162074373,1492540,0.00000739,317.00000000,1
1531162074377,1531162074373,1492541,0.00000737,966.00000000,1
1531162077505,1531162077499,1492542,0.00000737,1223.00000000,1
1531162078755,1531162078750,1492543,0.00000737,21360.00000000,1
1531162078755,1531162078750,1492544,0.00000736,53640.00000000,1
1531162078950,1531162078945,1492545,0.00000736,1262.00000000,1
1531162084108,1531162084102,1492546,0.00000738,276.00000000,1
1531162084108,1531162084102,1492547,0.00000736,513.00000000,1
1531162084108,1531162084102,1492548,0.00000735,457.00000000,1
1531162085083,1531162085079,1492549,0.00000738,6019.00000000,0
1531162085097,1531162085095,1492550,0.00000735,3105.00000000,1
1531162085125,1531162085121,1492551,0.00000739,2000.00000000,0
1531162085344,1531162085340,1492552,0.00000735,574.00000000,1
1531162085401,1531162085398,1492553,0.00000735,1261.00000000,1
1531162086217,1531162086214,1492554,0.00000738,12440.00000000,0
1531162088069,1531162088063,1492555,0.00000738,802.00000000,0
1531162088074,1531162088070,1492556,0.00000738,9340.00000000,0
1531162088121,1531162088119,1492557,0.00000738,10242.00000000,0
1531162088341,1531162088337,1492558,0.00000735,96.00000000,1
1531162088341,1531162088337,1492559,0.00000734,1227.00000000,1
1531162088628,1531162088623,1492560,0.00000737,1266.00000000,0
1531162089694,1531162089689,1492561,0.00000737,463.00000000,0
1531162089694,1531162089689,1492562,0.00000738,8877.00000000,0
1531162090099,1531162090093,1492563,0.00000738,21350.00000000,0
1531162090350,1531162090346,1492564,0.00000739,2434.00000000,0
1531162092107,1531162092103,1492565,0.00000738,564.00000000,0
1531162099931,1531162099930,1492566,0.00000736,630.00000000,1
1531162106810,1531162106805,1492567,0.00000736,138.00000000,1
1531162107603,1531162107600,1492568,0.00000736,346.00000000,1
1531162109094,1531162109090,1492569,0.00000739,237.00000000,0
1531162109276,1531162109271,1492570,0.00000739,237.00000000,0
1531162110588,1531162110575,1492571,0.00000738,188.00000000,0
1531162114462,1531162114458,1492572,0.00000736,628.00000000,1
1531162116262,1531162116258,1492573,0.00000736,631.00000000,1
1531162118770,1531162118765,1492574,0.00000737,5876.00000000,0
1531162118794,1531162118788,1492575,0.00000737,1469.00000000,0
1531162118872,1531162118867,1492576,0.00000737,630.00000000,1
1531162119275,1531162119272,1492577,0.00000737,257.00000000,1
1531162119275,1531162119272,1492578,0.00000736,1043.00000000,1
1531162119296,1531162119290,1492579,0.00000735,1328.00000000,0
1531162119606,1531162119601,1492580,0.00000735,2000.00000000,0
1531162119621,1531162119618,1492581,0.00000735,13605.00000000,0
1531162119637,1531162119632,1492582,0.00000735,1127.00000000,0
1531162119715,1531162119712,1492583,0.00000735,9071.00000000,0
1531162120142,1531162120138,1492584,0.00000735,14055.00000000,0
1531162120172,1531162120167,1492585,0.00000735,517.00000000,0
1531162120183,1531162120179,1492586,0.00000735,1332.00000000,0
1531162120213,1531162120208,1492587,0.00000735,16845.00000000,0
1531162120217,1531162120212,1492588,0.00000735,1872.00000000,0
1531162120609,1531162120604,1492589,0.00000738,809.00000000,0
1531162121333,1531162121332,1492590,0.00000737,202.00000000,1
1531162126602,1531162126598,1492591,0.00000738,810.00000000,0
1531162135118,1531162135113,1492592,0.00000738,387.00000000,0
1531162135118,1531162135113,1492593,0.00000739,2539.00000000,0
1531162135118,1531162135113,1492594,0.00000740,258.00000000,0
1531162135147,1531162135143,1492595,0.00000741,387.00000000,0
1531162138935,1531162138931,1492596,0.00000740,807.00000000,1
1531162139402,1531162139399,1492597,0.00000740,420.00000000,1
1531162183316,1531162183312,1492598,0.00000741,5597.00000000,0
1531162196362,1531162196356,1492599,0.00000741,28141.00000000,1
1531162196362,1531162196356,1492600,0.00000740,6398.00000000,1
1531162203245,1531162203239,1492601,0.00000740,1339.00000000,0
1531162207008,1531162207003,1492602,0.00000740,753.00000000,0
1531162208936,1531162208932,1492603,0.00000740,869.00000000,0
1531162230810,1531162230805,1492604,0.00000741,135.00000000,0
1531162241360,1531162241354,1492605,0.00000741,2400.00000000,0
1531162241360,1531162241354,1492606,0.00000742,17600.00000000,0
1531162251127,1531162251125,1492607,0.00000743,134.00000000,0
1531162253699,1531162253693,1492608,0.00000741,1164.00000000,1
1531162253699,1531162253693,1492609,0.00000740,13243.00000000,1
1531162269683,1531162269680,1492610,0.00000739,1786.00000000,0
1531162293997,1531162293992,1492611,0.00000739,2381.00000000,0
1531162300065,1531162300059,1492612,0.00000739,537.00000000,0
1531162300065,1531162300059,1492613,0.00000740,871.00000000,0
1531162324107,1531162324102,1492614,0.00000740,111.00000000,0
1531162348421,1531162348417,1492615,0.00000740,2938.00000000,0
1531162352425,1531162352420,1492616,0.00000740,807.00000000,1
1531162359773,1531162359767,1492617,0.00000740,674.00000000,1
1531162359823,1531162359818,1492618,0.00000740,674.00000000,1
1531162360261,1531162360257,1492619,0.00000740,674.00000000,1
1531162379176,1531162379172,1492620,0.00000740,167.00000000,1
1531162400241,1531162400236,1492621,0.00000740,148.00000000,1
1531162404226,1531162404222,1492622,0.00000740,3918.00000000,1
1531162404226,1531162404222,1492623,0.00000738,4841.00000000,1
1531162414366,1531162414361,1492624,0.00000740,4375.00000000,1
1531162420067,1531162420062,1492625,0.00000740,1539.00000000,1
1531162420103,1531162420098,1492626,0.00000740,1925.00000000,1
1531162420254,1531162420251,1492627,0.00000740,839.00000000,1
1531162420389,1531162420384,1492628,0.00000740,1322.00000000,1
1531162429992,1531162429988,1492629,0.00000739,676.00000000,0
1531162438643,1531162438639,1492630,0.00000739,2381.00000000,0
1531162444256,1531162444253,1492631,0.00000739,1339.00000000,0
1531162448669,1531162448664,1492632,0.00000739,753.00000000,0
1531162449453,1531162449447,1492633,0.00000739,450.00000000,0
1531162451655,1531162451653,1492634,0.00000738,387.00000000,1
1531162464145,1531162464140,1492635,0.00000738,277.00000000,1
1531162465178,1531162465173,1492636,0.00000738,149.00000000,1
1531162477600,1531162477594,1492637,0.00000739,223.00000000,1
1531162480358,1531162480355,1492638,0.00000741,135.00000000,0
1531162488089,1531162488083,1492639,0.00000739,149.00000000,1
1531162489083,1531162489077,1492640,0.00000739,149.00000000,1
1531162506851,1531162506846,1492641,0.00000739,881.00000000,1
1531162506851,1531162506846,1492642,0.00000738,7409.00000000,1
1531162506851,1531162506846,1492643,0.00000737,21713.00000000,1
1531162514475,1531162514470,1492644,0.00000737,162.00000000,0
1531162522380,1531162522375,1492645,0.00000737,940.00000000,0
1531162528998,1531162528992,1492646,0.00000737,4982.00000000,0
1531162553121,1531162553119,1492647,0.00000736,149.00000000,1
1531162555175,1531162555167,1492648,0.00000736,149.00000000,1
1531162565452,1531162565446,1492649,0.00000735,14750.00000000,1
1531162565756,1531162565750,1492650,0.00000735,5157.00000000,0
1531162566590,1531162566585,1492651,0.00000735,3698.00000000,0
1531162568126,1531162568122,1492652,0.00000735,1947.00000000,0
1531162568328,1531162568322,1492653,0.00000734,557.00000000,1
1531162570097,1531162570092,1492654,0.00000734,245.00000000,0
1531162570097,1531162570092,1492655,0.00000735,851.00000000,0
1531162571450,1531162571444,1492656,0.00000735,1097.00000000,0
1531162576077,1531162576071,1492657,0.00000735,149.00000000,1
1531162579485,1531162579480,1492658,0.00000735,9874.00000000,1
1531162579485,1531162579480,1492659,0.00000734,17626.00000000,1
1531162591823,1531162591819,1492660,0.00000737,136.00000000,0
1531162599971,1531162599968,1492661,0.00000737,421.00000000,0
1531162600871,1531162600865,1492662,0.00000737,149.00000000,1
1531162604739,1531162604734,1492663,0.00000739,4234.00000000,0
1531162608967,1531162608964,1492664,0.00000739,4234.00000000,0
1531162613071,1531162613066,1492665,0.00000739,1785.00000000,0
1531162617110,1531162617105,1492666,0.00000739,2556.00000000,0
1531162618793,1531162618790,1492667,0.00000740,2719.00000000,0
1531162619117,1531162619111,1492668,0.00000740,149.00000000,1
1531162619455,1531162619450,1492669,0.00000740,454.00000000,1
1531162626672,1531162626667,1492670,0.00000740,4982.00000000,1
1531162628982,1531162628978,1492671,0.00000741,671.00000000,0
1531162638142,1531162638137,1492672,0.00000742,1924.00000000,0
1531162643944,1531162643939,1492673,0.00000742,423.00000000,0
1531162660033,1531162660028,1492674,0.00000741,3979.00000000,1
1531162664123,1531162664120,1492675,0.00000740,3171.00000000,1
1531162683132,1531162683131,1492676,0.00000740,148.00000000,1
1531162702639,1531162702635,1492677,0.00000742,135.00000000,0
1531162746078,1531162746074,1492678,0.00000737,149.00000000,1
1531162750293,1531162750288,1492679,0.00000740,1125.00000000,0
1531162769071,1531162769067,1492680,0.00000740,148.00000000,1
1531162772313,1531162772308,1492681,0.00000740,149.00000000,1
1531162772625,1531162772618,1492682,0.00000742,1447.00000000,0
1531162772625,1531162772618,1492683,0.00000743,5656.00000000,0
1531162793095,1531162793090,1492684,0.00000740,148.00000000,1
1531162807269,1531162807263,1492685,0.00000743,20.00000000,0
1531162818066,1531162818061,1492686,0.00000740,148.00000000,1
1531162819102,1531162819087,1492687,0.00000740,148.00000000,1
1531162936098,1531162936093,1492688,0.00000740,148.00000000,1
1531162945255,1531162945250,1492689,0.00000740,3.00000000,1
1531162959227,1531162959222,1492690,0.00000740,149.00000000,1
1531162961232,1531162961228,1492691,0.00000740,149.00000000,1
1531163030094,1531163030091,1492692,0.00000741,148.00000000,1
1531163078170,1531163078165,1492693,0.00000742,103.00000000,1
1531163079377,1531163079371,1492694,0.00000742,897.00000000,1
1531163087763,1531163087758,1492695,0.00000742,2086.00000000,0
1531163087816,1531163087811,1492696,0.00000741,3107.00000000,1
1531163088460,1531163088453,1492697,0.00000741,1547.00000000,1
1531163098096,1531163098091,1492698,0.00000741,148.00000000,1
1531163142281,1531163142279,1492699,0.00000741,148.00000000,1
1531163190138,1531163190134,1492700,0.00000741,149.00000000,1
1531163191138,1531163191133,1492701,0.00000741,149.00000000,1
1531163213126,1531163213121,1492702,0.00000741,148.00000000,1
1531163259063,1531163259057,1492703,0.00000741,148.00000000,1
1531163279123,1531163279116,1492704,0.00000741,149.00000000,1
1531163283738,1531163283731,1492705,0.00000742,18463.00000000,0
1531163283738,1531163283731,1492706,0.00000743,874.00000000,0
1531163283738,1531163283731,1492707,0.00000744,663.00000000,0
1531163303099,1531163303093,1492708,0.00000741,148.00000000,1
1531163305218,1531163305215,1492709,0.00000742,148.00000000,1
1531163323344,1531163323340,1492710,0.00000744,10000.00000000,0
1531163325212,1531163325207,1492711,0.00000742,148.00000000,1
1531163331706,1531163331700,1492712,0.00000742,248.00000000,1
1531163340985,1531163340980,1492713,0.00000744,10000.00000000,0
1531163360093,1531163360087,1492714,0.00000743,816.00000000,1
1531163368169,1531163368165,1492715,0.00000742,128.00000000,1
1531163368169,1531163368165,1492716,0.00000741,20.00000000,1
1531163418142,1531163418137,1492717,0.00000741,148.00000000,1
1531163418186,1531163418180,1492718,0.00000741,148.00000000,1
1531163510180,1531163510174,1492719,0.00000741,148.00000000,1
1531163565120,1531163565117,1492720,0.00000741,148.00000000,1
1531163624150,1531163624145,1492721,0.00000741,148.00000000,1
1531163644370,1531163644365,1492722,0.00000744,4747.00000000,0
1531163669707,1531163669701,1492723,0.00000742,4761.00000000,0
1531163692151,1531163692145,1492724,0.00000741,148.00000000,1
1531163768173,1531163768167,1492725,0.00000741,148.00000000,1
1531163793980,1531163793978,1492726,0.00000742,272.00000000,0
1531163832242,1531163832237,1492727,0.00000741,235.00000000,1
1531163832284,1531163832281,1492728,0.00000741,235.00000000,1
1531163877117,1531163877111,1492729,0.00000741,148.00000000,1
1531163899154,1531163899148,1492730,0.00000741,148.00000000,1
1531163906895,1531163906875,1492731,0.00000742,1347.00000000,0
1531163920179,1531163920172,1492732,0.00000741,150.00000000,1
1531163921224,1531163921216,1492733,0.00000741,148.00000000,1
1531163941456,1531163941450,1492734,0.00000741,149.00000000,1
1531163965075,1531163965071,1492735,0.00000741,148.00000000,1
1531163978789,1531163978784,1492736,0.00000742,2394.00000000,0
1531164013653,1531164013647,1492737,0.00000741,149.00000000,1
1531164045342,1531164045336,1492738,0.00000742,29.00000000,0
1531164058278,1531164058273,1492739,0.00000742,148.00000000,1
1531164108155,1531164108153,1492740,0.00000742,148.00000000,1
1531164128022,1531164128015,1492741,0.00000745,12290.00000000,0
1531164130316,1531164130311,1492742,0.00000743,148.00000000,1
1531164144110,1531164144105,1492743,0.00000743,806.00000000,1
1531164159278,1531164159272,1492744,0.00000743,166.00000000,1
1531164194647,1531164194643,1492745,0.00000742,148.00000000,1
1531164200518,1531164200515,1492746,0.00000743,335.00000000,0
1531164287135,1531164287128,1492747,0.00000742,148.00000000,1
1531164289836,1531164289833,1492748,0.00000742,148.00000000,1
1531164312137,1531164312132,1492749,0.00000742,147.00000000,1
1531164328859,1531164328854,1492750,0.00000743,153.00000000,0
1531164330409,1531164330408,1492751,0.00000743,809.00000000,1
1531164333106,1531164333103,1492752,0.00000743,148.00000000,1
1531164354236,1531164354229,1492753,0.00000743,148.00000000,1
1531164385918,1531164385915,1492754,0.00000743,148.00000000,1
1531164427145,1531164427143,1492755,0.00000743,143.00000000,1
1531164472224,1531164472218,1492756,0.00000743,135.00000000,1
1531164517234,1531164517232,1492757,0.00000743,122.00000000,1
1531164570199,1531164570193,1492758,0.00000743,204.00000000,1
1531164570505,1531164570498,1492759,0.00000743,204.00000000,1
1531164571125,1531164571120,1492760,0.00000743,102.00000000,1
1531164666953,1531164666951,1492761,0.00000743,152.00000000,1
1531164689848,1531164689838,1492762,0.00000744,1119.00000000,0
1531164689848,1531164689838,1492763,0.00000745,3920.00000000,0
1531164689848,1531164689838,1492764,0.00000746,1823.00000000,0
1531164689848,1531164689838,1492765,0.00000747,4011.00000000,0
1531164689848,1531164689838,1492766,0.00000748,804.00000000,0
1531164689848,1531164689838,1492767,0.00000749,1088.00000000,0
1531164689848,1531164689838,1492768,0.00000750,735.00000000,0
1531164711082,1531164711077,1492769,0.00000745,244.00000000,1
1531164723537,1531164723532,1492770,0.00000746,271.00000000,0
1531164723752,1531164723747,1492771,0.00000746,541.00000000,0
1531164724390,1531164724384,1492772,0.00000746,136.00000000,0
1531164837710,1531164837703,1492773,0.00000745,666.00000000,1
1531164841815,1531164841810,1492774,0.00000745,189.00000000,1
1531164851398,1531164851395,1492775,0.00000745,18.00000000,1
1531164905253,1531164905247,1492776,0.00000744,5413.00000000,1
1531164905430,1531164905427,1492777,0.00000745,1969.00000000,0
1531164905493,1531164905489,1492778,0.00000745,983.00000000,1
1531164905541,1531164905534,1492779,0.00000745,1867.00000000,1
1531164905645,1531164905639,1492780,0.00000745,4098.00000000,1
1531164906279,1531164906272,1492781,0.00000746,1116.00000000,1
1531164907131,1531164907125,1492782,0.00000744,1025.00000000,1
1531164996129,1531164996121,1492783,0.00000744,1119.00000000,1
1531165022914,1531165022907,1492784,0.00000742,148.00000000,1
1531165023909,1531165023901,1492785,0.00000742,148.00000000,1
1531165024324,1531165024320,1492786,0.00000742,122.00000000,1
1531165028776,1531165028770,1492787,0.00000742,354.00000000,1
1531165045197,1531165045188,1492788,0.00000742,148.00000000,1
1531165065126,1531165065121,1492789,0.00000742,607.00000000,1
1531165065178,1531165065172,1492790,0.00000742,578.00000000,1
1531165065178,1531165065172,1492791,0.00000741,29.00000000,1
1531165106140,1531165106135,1492792,0.00000741,106.00000000,1
1531165106140,1531165106135,1492793,0.00000740,244.00000000,1
1531165127146,1531165127140,1492794,0.00000740,875.00000000,1
1531165127263,1531165127258,1492795,0.00000740,874.00000000,1
1531165127348,1531165127342,1492796,0.00000740,253.00000000,1
1531165139036,1531165139030,1492797,0.00000740,850.00000000,0
1531165143736,1531165143729,1492798,0.00000740,638.00000000,0
1531165148617,1531165148612,1492799,0.00000740,318.00000000,0
1531165214593,1531165214588,1492800,0.00000740,162.00000000,0
1531165229761,1531165229755,1492801,0.00000740,162.00000000,0
1531165251226,1531165251220,1492802,0.00000740,16.00000000,0
1531165274425,1531165274419,1492803,0.00000740,148.00000000,1
1531165284666,1531165284658,1492804,0.00000740,337.00000000,1
1531165287593,1531165287586,1492805,0.00000740,136.00000000,0
1531165291844,1531165291838,1492806,0.00000740,2195.00000000,0
1531165308382,1531165308374,1492807,0.00000740,457.00000000,0
1531165337272,1531165337264,1492808,0.00000740,6629.00000000,0
1531165337272,1531165337264,1492809,0.00000743,940.00000000,0
1531165337272,1531165337264,1492810,0.00000745,20196.00000000,0
1531165337272,1531165337264,1492811,0.00000746,1036.00000000,0
1531165337272,1531165337264,1492812,0.00000747,1485.00000000,0
1531165337272,1531165337264,1492813,0.00000750,948.00000000,0
1531165337272,1531165337264,1492814,0.00000751,1516.00000000,0
1531165337272,1531165337264,1492815,0.00000752,486.00000000,0
1531165337272,1531165337264,1492816,0.00000754,190.00000000,0
1531165337272,1531165337264,1492817,0.00000755,146.00000000,0
1531165337272,1531165337264,1492818,0.00000756,1428.00000000,0
1531165337417,1531165337411,1492819,0.00000742,148.00000000,1
1531165338236,1531165338234,1492820,0.00000745,671.00000000,1
1531165338248,1531165338242,1492821,0.00000744,671.00000000,1
1531165338255,1531165338250,1492822,0.00000744,671.00000000,1
1531165338259,1531165338253,1492823,0.00000744,940.00000000,1
1531165338320,1531165338315,1492824,0.00000744,6091.00000000,1
1531165338423,1531165338414,1492825,0.00000745,205.00000000,1
1531165338423,1531165338414,1492826,0.00000744,1523.00000000,1
1531165338423,1531165338414,1492827,0.00000743,1308.00000000,1
1531165338440,1531165338433,1492828,0.00000745,205.00000000,1
1531165338454,1531165338452,1492829,0.00000743,276.00000000,1
1531165366427,1531165366421,1492830,0.00000746,271.00000000,0
1531165367202,1531165367198,1492831,0.00000746,136.00000000,0
1531165386563,1531165386560,1492832,0.00000746,541.00000000,0
1531165399402,1531165399396,1492833,0.00000745,1752.00000000,0
1531165401065,1531165401059,1492834,0.00000744,940.00000000,0
1531165401078,1531165401072,1492835,0.00000744,1755.00000000,0
1531165401082,1531165401076,1492836,0.00000744,1755.00000000,0
1531165401084,1531165401082,1492837,0.00000744,1755.00000000,0
1531165475470,1531165475465,1492838,0.00000743,147.00000000,1
1531165500169,1531165500162,1492839,0.00000742,148.00000000,1
1531165619377,1531165619370,1492840,0.00000742,2540.00000000,1
1531165622334,1531165622330,1492841,0.00000741,802.00000000,1
1531165633901,1531165633896,1492842,0.00000741,5.00000000,1
1531165634835,1531165634829,1492843,0.00000740,1531.00000000,1
1531165640313,1531165640306,1492844,0.00000740,1436.00000000,0
1531165649530,1531165649523,1492845,0.00000739,200.00000000,1
1531165678697,1531165678691,1492846,0.00000738,1500.00000000,0
1531165688063,1531165688056,1492847,0.00000737,138.00000000,1
1531165690826,1531165690825,1492848,0.00000738,50.00000000,0
1531165699887,1531165699881,1492849,0.00000739,1126.00000000,0
1531165812243,1531165812240,1492850,0.00000738,148.00000000,0
1531165813870,1531165813864,1492851,0.00000738,162.00000000,0
1531165819624,1531165819623,1492852,0.00000738,212.00000000,0
1531165834760,1531165834755,1492853,0.00000739,162.00000000,0
1531165839369,1531165839363,1492854,0.00000738,32500.00000000,1
1531165844868,1531165844861,1492855,0.00000737,1607.00000000,1
1531165899370,1531165899365,1492856,0.00000737,12508.00000000,1
1531165902066,1531165902063,1492857,0.00000739,146.00000000,0
1531165983309,1531165983303,1492858,0.00000739,565.00000000,0
1531165987391,1531165987385,1492859,0.00000739,318.00000000,0
1531165994244,1531165994237,1492860,0.00000738,148.00000000,1
1531166055464,1531166055459,1492861,0.00000739,147.00000000,0
1531166116008,1531166116002,1492862,0.00000739,162.00000000,0
1531166121673,1531166121667,1492863,0.00000738,124.00000000,1
1531166121673,1531166121667,1492864,0.00000737,4811.00000000,1
1531166144947,1531166144942,1492865,0.00000739,144.00000000,0
1531166147163,1531166147158,1492866,0.00000739,201.00000000,1
1531166148157,1531166148151,1492867,0.00000739,201.00000000,1
1531166149824,1531166149820,1492868,0.00000739,742.00000000,1
1531166206252,1531166206247,1492869,0.00000740,648.00000000,1
1531166222186,1531166222179,1492870,0.00000745,146.00000000,0
1531166268498,1531166268491,1492871,0.00000744,747.00000000,0
1531166268498,1531166268491,1492872,0.00000745,1119.00000000,0
1531166268525,1531166268520,1492873,0.00000745,2603.00000000,1
1531166379508,1531166379504,1492874,0.00000743,201.00000000,0
1531166400456,1531166400450,1492875,0.00000743,147.00000000,0
1531166425120,1531166425114,1492876,0.00000743,147.00000000,0
1531166487198,1531166487193,1492877,0.00000743,146.00000000,0
1531166521155,1531166521150,1492878,0.00000740,336.00000000,1
1531166535346,1531166535340,1492879,0.00000742,146.00000000,0
1531166574144,1531166574139,1492880,0.00000742,148.00000000,0
1531166596072,1531166596071,1492881,0.00000742,147.00000000,0
1531166654155,1531166654149,1492882,0.00000742,147.00000000,0
1531166659505,1531166659504,1492883,0.00000742,147.00000000,0
1531166687827,1531166687821,1492884,0.00000742,147.00000000,0
1531166688880,1531166688872,1492885,0.00000742,147.00000000,0
1531166732457,1531166732451,1492886,0.00000742,147.00000000,0
1531166752219,1531166752212,1492887,0.00000742,147.00000000,0
1531166773349,1531166773348,1492888,0.00000740,789.00000000,1
1531166773349,1531166773348,1492889,0.00000737,211.00000000,1
1531166780851,1531166780850,1492890,0.00000741,75.00000000,0
1531166822481,1531166822478,1492891,0.00000738,137.00000000,1
1531166838664,1531166838657,1492892,0.00000741,147.00000000,0
1531166849283,1531166849279,1492893,0.00000741,424.00000000,0
1531166863073,1531166863068,1492894,0.00000741,147.00000000,0
1531166868279,1531166868272,1492895,0.00000741,330.00000000,0
1531166882083,1531166882079,1492896,0.00000742,147.00000000,0
1531166907115,1531166907108,1492897,0.00000743,146.00000000,0
1531166950082,1531166950075,1492898,0.00000743,147.00000000,0
1531166974084,1531166974080,1492899,0.00000743,147.00000000,0
1531167022071,1531167022065,1492900,0.00000743,146.00000000,0
1531167044069,1531167044063,1492901,0.00000743,146.00000000,0
1531167067137,1531167067131,1492902,0.00000743,147.00000000,0
1531167067883,1531167067878,1492903,0.00000743,147.00000000,0
1531167109127,1531167109121,1492904,0.00000743,146.00000000,0
1531167215057,1531167215051,1492905,0.00000740,148.00000000,1
1531167260709,1531167260703,1492906,0.00000740,977.00000000,1
1531167279054,1531167279051,1492907,0.00000740,1339.00000000,0
1531167282257,1531167282252,1492908,0.00000740,753.00000000,0
1531167285340,1531167285336,1492909,0.00000740,424.00000000,0
1531167303656,1531167303650,1492910,0.00000738,4240.00000000,1
1531167304055,1531167304048,1492911,0.00000740,148.00000000,0
1531167322223,1531167322216,1492912,0.00000740,162.00000000,0
1531167357437,1531167357432,1492913,0.00000740,162.00000000,0
1531167370134,1531167370128,1492914,0.00000740,147.00000000,0
1531167496916,1531167496910,1492915,0.00000740,11.00000000,0
1531167496916,1531167496910,1492916,0.00000745,1340.00000000,0
1531167498901,1531167498894,1492917,0.00000745,1351.00000000,0
1531167629135,1531167629128,1492918,0.00000744,270.00000000,1
1531167669361,1531167669361,1492919,0.00000745,146.00000000,0
1531167687993,1531167687989,1492920,0.00000745,147.00000000,0
1531167688994,1531167688988,1492921,0.00000745,147.00000000,0
1531167716648,1531167716641,1492922,0.00000743,1120.00000000,1
1531167719116,1531167719114,1492923,0.00000742,161.00000000,0
1531167724086,1531167724082,1492924,0.00000742,160.00000000,0
1531167731190,1531167731183,1492925,0.00000742,146.00000000,0
1531167753082,1531167753075,1492926,0.00000742,146.00000000,0
1531167775090,1531167775083,1492927,0.00000742,147.00000000,0
1531167795251,1531167795245,1492928,0.00000742,146.00000000,0
1531167818200,1531167818198,1492929,0.00000742,147.00000000,0
1531167837116,1531167837116,1492930,0.00000742,147.00000000,0
1531167862070,1531167862065,1492931,0.00000742,146.00000000,0
1531167885188,1531167885184,1492932,0.00000742,125.00000000,0
1531167885188,1531167885184,1492933,0.00000744,21.00000000,0
1531167907068,1531167907063,1492934,0.00000744,251.00000000,0
1531167951162,1531167951158,1492935,0.00000744,884.00000000,0
1531167951212,1531167951207,1492936,0.00000746,268.00000000,0
1531167951214,1531167951209,1492937,0.00000746,1970.00000000,0
1531167954183,1531167954176,1492938,0.00000744,856.00000000,1
1531167961787,1531167961785,1492939,0.00000744,724.00000000,1
1531167975242,1531167975236,1492940,0.00000744,1060.00000000,0
1531167975494,1531167975488,1492941,0.00000744,1060.00000000,0
1531168217154,1531168217154,1492942,0.00000741,954.00000000,1
1531168316376,1531168316370,1492943,0.00000741,123.00000000,1
1531168316376,1531168316370,1492944,0.00000738,6744.00000000,1
1531168327079,1531168327074,1492945,0.00000741,6744.00000000,0
1531168380262,1531168380262,1492946,0.00000742,147.00000000,0
1531168425128,1531168425122,1492947,0.00000742,928.00000000,0
1531168468092,1531168468090,1492948,0.00000744,147.00000000,0
1531168476771,1531168476766,1492949,0.00000744,992.00000000,0
1531168482026,1531168482021,1492950,0.00000745,1071.00000000,0
1531168482026,1531168482021,1492951,0.00000746,55.00000000,0
1531168496099,1531168496093,1492952,0.00000746,493.00000000,0
1531168505759,1531168505759,1492953,0.00000746,1340.00000000,0
1531168516079,1531168516074,1492954,0.00000746,146.00000000,0
1531168568081,1531168568075,1492955,0.00000746,3521.00000000,0
1531168696014,1531168696009,1492956,0.00000746,3520.00000000,0
1531168696210,1531168696208,1492957,0.00000746,925.00000000,1
1531168732332,1531168732326,1492958,0.00000747,557.00000000,0
1531168751288,1531168751282,1492959,0.00000747,1653.00000000,0
1531168826433,1531168826429,1492960,0.00000747,1391.00000000,0
1531168826518,1531168826512,1492961,0.00000747,89.00000000,1
1531168827087,1531168827082,1492962,0.00000747,582.00000000,0
1531168832414,1531168832407,1492963,0.00000747,809.00000000,1
1531168847742,1531168847737,1492964,0.00000747,1000.00000000,0
1531168886650,1531168886646,1492965,0.00000747,1377.00000000,0
1531169066023,1531169066020,1492966,0.00000747,12060.00000000,0
1531169102751,1531169102747,1492967,0.00000747,1000.00000000,1
1531169217204,1531169217198,1492968,0.00000748,490.00000000,0
1531169250413,1531169250404,1492969,0.00000748,330.00000000,0
1531169250413,1531169250404,1492970,0.00000749,1107.00000000,0
1531169250413,1531169250404,1492971,0.00000750,1620.00000000,0
1531169250413,1531169250404,1492972,0.00000752,972.00000000,0
1531169250413,1531169250404,1492973,0.00000754,1567.00000000,0
1531169250413,1531169250404,1492974,0.00000755,68239.00000000,0
1531169254210,1531169254203,1492975,0.00000749,1506.00000000,1
1531169255211,1531169255206,1492976,0.00000750,291.00000000,1
1531169255457,1531169255451,1492977,0.00000750,291.00000000,1
1531169255521,1531169255516,1492978,0.00000750,288.00000000,1
1531169257171,1531169257166,1492979,0.00000750,188.00000000,1
1531169257818,1531169257811,1492980,0.00000750,335.00000000,1
1531169274315,1531169274310,1492981,0.00000751,154.00000000,1
1531169284273,1531169284268,1492982,0.00000749,5831.00000000,1
1531169284273,1531169284268,1492983,0.00000748,27907.00000000,1
1531169327530,1531169327524,1492984,0.00000752,6560.00000000,0
1531169383561,1531169383554,1492985,0.00000750,2303.00000000,1
1531169385033,1531169385028,1492986,0.00000750,1038.00000000,0
1531169475206,1531169475200,1492987,0.00000750,311.00000000,0
1531169633243,1531169633237,1492988,0.00000749,275.00000000,1
1531169779459,1531169779453,1492989,0.00000749,48.00000000,1
1531169782195,1531169782189,1492990,0.00000749,146.00000000,0
1531169894863,1531169894857,1492991,0.00000748,1096.00000000,1
1531169910127,1531169910121,1492992,0.00000747,19857.00000000,1
1531169916973,1531169916967,1492993,0.00000747,1402.00000000,1
1531169986856,1531169986850,1492994,0.00000748,198.00000000,0
1531169994950,1531169994944,1492995,0.00000748,133.00000000,0
1531170003169,1531170003164,1492996,0.00000748,146.00000000,0
1531170041360,1531170041355,1492997,0.00000748,158.00000000,0
1531170094186,1531170094180,1492998,0.00000748,146.00000000,0
1531170349577,1531170349573,1492999,0.00000748,267.00000000,0
1531170444496,1531170444491,1493000,0.00000748,1207.00000000,0
1531170543661,1531170543655,1493001,0.00000748,1069.00000000,0
1531170545066,1531170545060,1493002,0.00000748,45.00000000,0
1531170545550,1531170545547,1493003,0.00000749,1065.00000000,0
1531170564335,1531170564329,1493004,0.00000749,340.00000000,1
1531170577205,1531170577200,1493005,0.00000749,194.00000000,1
1531170583783,1531170583779,1493006,0.00000749,194.00000000,1
1531170586886,1531170586882,1493007,0.00000750,401.00000000,0
1531170587956,1531170587951,1493008,0.00000749,255.00000000,1
1531170601690,1531170601685,1493009,0.00000749,194.00000000,1
1531170883375,1531170883370,1493010,0.00000749,275.00000000,1
1531170908314,1531170908310,1493011,0.00000749,676.00000000,1
1531171475329,1531171475327,1493012,0.00000749,2410.00000000,1
1531171712687,1531171712682,1493013,0.00000750,6133.00000000,0
1531171712727,1531171712723,1493014,0.00000750,143.00000000,1
1531171713640,1531171713635,1493015,0.00000751,1062.00000000,0
1531171716796,1531171716793,1493016,0.00000754,1005.00000000,0
1531171716796,1531171716793,1493017,0.00000755,328.00000000,0
1531171719232,1531171719227,1493018,0.00000753,702.00000000,1
1531171720131,1531171720125,1493019,0.00000753,4739.00000000,1
1531171721179,1531171721173,1493020,0.00000753,3340.00000000,1
1531171721179,1531171721173,1493021,0.00000751,1394.00000000,1
1531171870615,1531171870611,1493022,0.00000750,125.00000000,1
1531172176246,1531172176243,1493023,0.00000753,6506.00000000,0
1531172293874,1531172293869,1493024,0.00000753,5126.00000000,0
1531172293874,1531172293869,1493025,0.00000754,1328.00000000,0
1531172295196,1531172295192,1493026,0.00000754,347.00000000,1
1531172327718,1531172327714,1493027,0.00000754,266.00000000,1
1531172377990,1531172377986,1493028,0.00000755,909.00000000,0
1531172465228,1531172465225,1493029,0.00000754,446.00000000,1
1531172465233,1531172465230,1493030,0.00000754,1069.00000000,1
1531172465425,1531172465421,1493031,0.00000754,1793.00000000,1
1531172466145,1531172466141,1493032,0.00000754,1480.00000000,1
1531172471213,1531172471210,1493033,0.00000755,263.00000000,0
1531172471245,1531172471241,1493034,0.00000755,368.00000000,1
1531172484521,1531172484517,1493035,0.00000757,146.00000000,0
1531172487938,1531172487934,1493036,0.00000757,117.00000000,1
1531172487938,1531172487934,1493037,0.00000756,376.00000000,1
1531172488226,1531172488222,1493038,0.00000756,544.00000000,1
1531172488509,1531172488506,1493039,0.00000756,135.00000000,1
1531172496441,1531172496437,1493040,0.00000758,51691.00000000,0
1531172497507,1531172497503,1493041,0.00000758,355.00000000,1
1531172517213,1531172517209,1493042,0.00000759,145.00000000,0
1531172537523,1531172537518,1493043,0.00000759,30586.00000000,0
1531172574963,1531172574959,1493044,0.00000760,39391.00000000,0
1531172581069,1531172581065,1493045,0.00000760,2500.00000000,0
1531172711409,1531172711405,1493046,0.00000758,1086.00000000,1
1531172729030,1531172729027,1493047,0.00000758,3990.00000000,1
1531172730043,1531172730040,1493048,0.00000758,1105.00000000,1
1531172742158,1531172742155,1493049,0.00000757,145.00000000,1
1531172755803,1531172755800,1493050,0.00000757,402.00000000,1
1531172811692,1531172811689,1493051,0.00000757,507.00000000,1
1531172835600,1531172835598,1493052,0.00000757,1641.00000000,0
1531172841445,1531172841442,1493053,0.00000759,11158.00000000,0
1531172846652,1531172846648,1493054,0.00000760,11843.00000000,0
1531172909886,1531172909882,1493055,0.00000758,3900.00000000,0
1531172909886,1531172909882,1493056,0.00000759,653.00000000,0
1531172914595,1531172914591,1493057,0.00000759,398.00000000,0
1531172915453,1531172915450,1493058,0.00000759,785.00000000,1
1531172918218,1531172918215,1493059,0.00000756,145.00000000,1
1531172918891,1531172918887,1493060,0.00000760,13275.00000000,0
1531172921161,1531172921156,1493061,0.00000756,145.00000000,1
1531172922094,1531172922089,1493062,0.00000756,145.00000000,1
1531172938099,1531172938096,1493063,0.00000756,146.00000000,1
1531172961119,1531172961116,1493064,0.00000756,146.00000000,1
1531172994528,1531172994525,1493065,0.00000756,267.00000000,1
1531172994560,1531172994558,1493066,0.00000756,145.00000000,1
1531173008108,1531173008105,1493067,0.00000756,145.00000000,1
1531173008571,1531173008566,1493068,0.00000759,727.00000000,0
1531173008571,1531173008566,1493069,0.00000760,590.00000000,0
1531173009873,1531173009869,1493070,0.00000760,1370.00000000,0
1531173031181,1531173031178,1493071,0.00000756,146.00000000,1
1531173061847,1531173061845,1493072,0.00000759,703.00000000,0
1531173070093,1531173070090,1493073,0.00000760,4923.00000000,0
1531173074485,1531173074481,1493074,0.00000757,144.00000000,1
1531173079648,1531173079647,1493075,0.00000757,145.00000000,1
1531173094114,1531173094111,1493076,0.00000757,146.00000000,1
1531173115095,1531173115094,1493077,0.00000757,144.00000000,1
1531173183885,1531173183881,1493078,0.00000758,147.00000000,1
1531173234867,1531173234863,1493079,0.00000759,579.00000000,0
1531173234867,1531173234863,1493080,0.00000760,3123.00000000,0
1531173264151,1531173264149,1493081,0.00000758,144.00000000,1
1531173336108,1531173336103,1493082,0.00000758,144.00000000,1
1531173364951,1531173364948,1493083,0.00000758,141.00000000,1
1531173428580,1531173428580,1493084,0.00000758,145.00000000,1
1531173438498,1531173438495,1493085,0.00000758,145.00000000,1
1531173495495,1531173495492,1493086,0.00000757,323.00000000,1
1531173622437,1531173622433,1493087,0.00000758,414.00000000,1
1531173629484,1531173629482,1493088,0.00000758,310.00000000,1
1531173696467,1531173696463,1493089,0.00000758,984.00000000,1
1531173789860,1531173789857,1493090,0.00000757,731.00000000,1
1531174128143,1531174128140,1493091,0.00000755,145.00000000,1
1531174313615,1531174313614,1493092,0.00000755,2314.00000000,1
1531174318837,1531174318834,1493093,0.00000755,744.00000000,1
1531174324280,1531174324278,1493094,0.00000755,145.00000000,1
1531174348200,1531174348198,1493095,0.00000755,145.00000000,1
1531174370267,1531174370265,1493096,0.00000755,145.00000000,1
1531174389820,1531174389817,1493097,0.00000755,145.00000000,1
1531174390818,1531174390816,1493098,0.00000755,145.00000000,1
1531174414109,1531174414107,1493099,0.00000755,145.00000000,1
1531174422633,1531174422630,1493100,0.00000755,506.00000000,1
1531174451106,1531174451104,1493101,0.00000754,1058.00000000,1
1531174465992,1531174465989,1493102,0.00000752,1061.00000000,1
1531174525869,1531174525867,1493103,0.00000751,4036.00000000,1
1531174539144,1531174539141,1493104,0.00000750,3801.00000000,1
1531174539144,1531174539141,1493105,0.00000749,1102.00000000,1
1531174539144,1531174539141,1493106,0.00000748,1379.00000000,1
1531174539144,1531174539141,1493107,0.00000747,1976.00000000,1
1531174540116,1531174540114,1493108,0.00000749,1973.00000000,0
1531174542116,1531174542113,1493109,0.00000749,3.00000000,0
1531174544612,1531174544608,1493110,0.00000750,1066.00000000,0
1531174545358,1531174545356,1493111,0.00000750,783.00000000,0
1531174568442,1531174568439,1493112,0.00000750,1215.00000000,1
1531174569698,1531174569696,1493113,0.00000751,133.00000000,0
1531174618844,1531174618842,1493114,0.00000750,3282.00000000,0
1531174709833,1531174709830,1493115,0.00000750,937.00000000,0
1531174709892,1531174709889,1493116,0.00000750,4000.00000000,0
1531174709915,1531174709913,1493117,0.00000750,4000.00000000,0
1531175012265,1531175012263,1493118,0.00000749,146.00000000,1
1531175050520,1531175050518,1493119,0.00000749,905.00000000,1
1531175086894,1531175086892,1493120,0.00000750,500.00000000,0
1531175095900,1531175095897,1493121,0.00000750,500.00000000,0
1531175105907,1531175105905,1493122,0.00000750,500.00000000,0
1531175113758,1531175113757,1493123,0.00000750,500.00000000,0
1531175271260,1531175271258,1493124,0.00000749,146.00000000,1
1531175467179,1531175467177,1493125,0.00000750,1886.00000000,0
1531175467190,1531175467188,1493126,0.00000750,11750.00000000,0
1531175470996,1531175470994,1493127,0.00000748,1094.00000000,1
1531175470996,1531175470994,1493128,0.00000747,274.00000000,1
1531175472398,1531175472397,1493129,0.00000751,133.00000000,0
1531175476934,1531175476933,1493130,0.00000747,794.00000000,1
1531175481813,1531175481810,1493131,0.00000746,532.00000000,1
1531175481840,1531175481839,1493132,0.00000746,545.00000000,1
1531175598685,1531175598683,1493133,0.00000746,1571.00000000,1
1531175598685,1531175598683,1493134,0.00000745,28.00000000,1
1531175598686,1531175598685,1493135,0.00000745,1571.00000000,1
1531175598692,1531175598691,1493136,0.00000745,940.00000000,1
1531175598716,1531175598714,1493137,0.00000745,1461.00000000,1
1531175601828,1531175601826,1493138,0.00000744,1511.00000000,1
1531175607160,1531175607158,1493139,0.00000745,421.00000000,0
1531175616043,1531175616041,1493140,0.00000746,940.00000000,0
1531175648668,1531175648665,1493141,0.00000742,3810.00000000,1
1531175648734,1531175648732,1493142,0.00000742,409.00000000,0
1531175649166,1531175649164,1493143,0.00000741,409.00000000,0
1531175656100,1531175656099,1493144,0.00000740,1227.00000000,1
1531175689110,1531175689109,1493145,0.00000740,137.00000000,1
1531175690846,1531175690845,1493146,0.00000740,344.00000000,1
1531175691754,1531175691751,1493147,0.00000741,137.00000000,0
1531175716685,1531175716683,1493148,0.00000741,400.00000000,0
1531175716685,1531175716683,1493149,0.00000742,5045.00000000,0
1531175794799,1531175794798,1493150,0.00000742,1105.00000000,0
1531175808080,1531175808078,1493151,0.00000742,1662.00000000,0
1531175911317,1531175911315,1493152,0.00000748,401.00000000,0
1531175935773,1531175935771,1493153,0.00000748,135.00000000,0
1531175941147,1531175941145,1493154,0.00000748,146.00000000,0
1531175949186,1531175949184,1493155,0.00000748,1336.00000000,0
1531175996129,1531175996127,1493156,0.00000743,8.00000000,1
1531176527143,1531176527141,1493157,0.00000744,2272.00000000,1
1531176714064,1531176714062,1493158,0.00000744,6631.00000000,1
1531176810697,1531176810695,1493159,0.00000747,4016.00000000,0
1531177247512,1531177247511,1493160,0.00000746,1327.00000000,0
1531177250628,1531177250627,1493161,0.00000746,1533.00000000,1
1531177259943,1531177259943,1493162,0.00000746,712.00000000,0
1531177339731,1531177339730,1493163,0.00000746,561.00000000,0
1531177343935,1531177343935,1493164,0.00000746,561.00000000,0
1531177429523,1531177429522,1493165,0.00000746,325.00000000,0
1531177429523,1531177429522,1493166,0.00000747,423.00000000,0
1531177433389,1531177433389,1493167,0.00000747,421.00000000,0
1531177641159,1531177641161,1493168,0.00000744,147.00000000,1
1531177732327,1531177732327,1493169,0.00000744,535.00000000,1
1531177774751,1531177774753,1493170,0.00000746,998.00000000,0
1531177795135,1531177795134,1493171,0.00000744,148.00000000,1
1531177831616,1531177831618,1493172,0.00000746,71.00000000,0
1531177831616,1531177831618,1493173,0.00000747,21.00000000,0
1531177872029,1531177872030,1493174,0.00000747,1488.00000000,0
1531177927584,1531177927586,1493175,0.00000744,148.00000000,1
1531177979520,1531177979523,1493176,0.00000744,125.00000000,1
1531177979525,1531177979526,1493177,0.00000743,135.00000000,1
1531177979525,1531177979526,1493178,0.00000742,102.00000000,1
1531177979545,1531177979548,1493179,0.00000742,2598.00000000,1
1531177982168,1531177982170,1493180,0.00000743,150.00000000,1
1531177982174,1531177982177,1493181,0.00000743,940.00000000,1
1531177996295,1531177996296,1493182,0.00000746,31.00000000,0
1531178012477,1531178012480,1493183,0.00000746,421.00000000,0
1531178018108,1531178018111,1493184,0.00000746,316.00000000,0
1531178018145,1531178018148,1493185,0.00000743,9310.00000000,1
1531178214127,1531178214131,1493186,0.00000742,148.00000000,1
1531178285207,1531178285210,1493187,0.00000746,402.00000000,0
1531178339673,1531178339675,1493188,0.00000746,700.00000000,0
1531178400133,1531178400137,1493189,0.00000742,149.00000000,1
1531178503367,1531178503372,1493190,0.00000743,148.00000000,1
1531178565201,1531178565204,1493191,0.00000743,148.00000000,1
1531178676086,1531178676091,1493192,0.00000743,148.00000000,1
1531178696091,1531178696097,1493193,0.00000743,148.00000000,1
1531178698925,1531178698929,1493194,0.00000743,148.00000000,1
1531178699893,1531178699897,1493195,0.00000743,148.00000000,1
1531178709118,1531178709122,1493196,0.00000745,269.00000000,0
1531178709118,1531178709122,1493197,0.00000747,363.00000000,0
1531178713546,1531178713550,1493198,0.00000747,355.00000000,0
1531178821547,1531178821551,1493199,0.00000743,1452.00000000,1
1531178821547,1531178821551,1493200,0.00000742,7863.00000000,1
1531178889047,1531178889053,1493201,0.00000747,134.00000000,0
1531178916531,1531178916536,1493202,0.00000747,4770.00000000,0
1531178946761,1531178946764,1493203,0.00000747,136.00000000,0
1531178968075,1531178968080,1493204,0.00000742,147.00000000,1
1531178976548,1531178976551,1493205,0.00000747,1337.00000000,0
1531178979622,1531178979628,1493206,0.00000747,1003.00000000,0
1531178983054,1531178983059,1493207,0.00000747,564.00000000,0
1531178994141,1531178994147,1493208,0.00000747,568.00000000,0
1531179049658,1531179049663,1493209,0.00000748,2683.00000000,0
1531179067393,1531179067398,1493210,0.00000748,1177.00000000,0
1531179067393,1531179067398,1493211,0.00000750,332.00000000,0
1531179071659,1531179071664,1493212,0.00000750,1132.00000000,0
1531179076027,1531179076033,1493213,0.00000750,637.00000000,0
1531179158288,1531179158293,1493214,0.00000746,282.00000000,1
1531179302717,1531179302722,1493215,0.00000747,948.00000000,1
1531179459546,1531179459551,1493216,0.00000747,120.00000000,1
1531179476101,1531179476106,1493217,0.00000744,1072.00000000,1
1531179476101,1531179476106,1493218,0.00000741,9700.00000000,1
1531179476133,1531179476139,1493219,0.00000741,1081.00000000,0
1531179477139,1531179477145,1493220,0.00000741,147.00000000,0
1531179478035,1531179478040,1493221,0.00000740,10026.00000000,1
1531179479742,1531179479745,1493222,0.00000741,2583.00000000,0
1531179479742,1531179479745,1493223,0.00000742,2417.00000000,0
1531179481162,1531179481168,1493224,0.00000740,1078.00000000,0
1531179481162,1531179481168,1493225,0.00000742,6.00000000,0
1531179532547,1531179532554,1493226,0.00000743,136.00000000,1
1531179822199,1531179822204,1493227,0.00000744,147.00000000,1
1531180082870,1531180082877,1493228,0.00000746,479.00000000,0
1531180396155,1531180396163,1493229,0.00000744,912.00000000,1
1531180396155,1531180396163,1493230,0.00000743,938.00000000,1
1531180420166,1531180420174,1493231,0.00000742,782.00000000,1
1531180481202,1531180481210,1493232,0.00000742,515.00000000,1
1531180481231,1531180481237,1493233,0.00000741,597.00000000,1
1531180481242,1531180481247,1493234,0.00000741,1595.00000000,1
1531180481242,1531180481247,1493235,0.00000740,1696.00000000,1
1531180481364,1531180481370,1493236,0.00000740,2632.00000000,1
1531180482021,1531180482028,1493237,0.00000741,940.00000000,0
1531180495369,1531180495376,1493238,0.00000741,1136.00000000,0
1531180500960,1531180500968,1493239,0.00000741,631.00000000,0
1531180500960,1531180500968,1493240,0.00000742,124.00000000,0
1531180505245,1531180505253,1493241,0.00000742,425.00000000,0
1531180507492,1531180507500,1493242,0.00000742,526.00000000,0
1531180507492,1531180507500,1493243,0.00000747,823.00000000,0
1531180852798,1531180852805,1493244,0.00000743,3763.00000000,1
1531180852838,1531180852844,1493245,0.00000743,683.00000000,1
1531180852876,1531180852880,1493246,0.00000743,1229.00000000,1
1531180852876,1531180852880,1493247,0.00000742,1075.00000000,1
1531180852876,1531180852880,1493248,0.00000740,607.00000000,1
1531180852876,1531180852880,1493249,0.00000739,783.00000000,1
1531180852876,1531180852880,1493250,0.00000738,69.00000000,1
1531180855202,1531180855208,1493251,0.00000741,5670.00000000,0
1531180862914,1531180862919,1493252,0.00000741,2025.00000000,0
1531180867429,1531180867436,1493253,0.00000741,2700.00000000,0
1531180872814,1531180872820,1493254,0.00000741,391.00000000,0
1531180872814,1531180872820,1493255,0.00000742,250.00000000,0
1531180894126,1531180894132,1493256,0.00000742,679.00000000,0
1531181087616,1531181087619,1493257,0.00000739,592.00000000,1
1531181247165,1531181247170,1493258,0.00000739,4303.00000000,1
1531181247193,1531181247198,1493259,0.00000739,819.00000000,1
1531181247199,1531181247203,1493260,0.00000739,819.00000000,1
1531181247226,1531181247231,1493261,0.00000739,819.00000000,1
1531181250883,1531181250887,1493262,0.00000739,1021.00000000,1
1531181254856,1531181254861,1493263,0.00000739,766.00000000,1
1531181266689,1531181266693,1493264,0.00000738,1081.00000000,1
1531181269417,1531181269422,1493265,0.00000737,9.00000000,1
1531181302371,1531181302375,1493266,0.00000737,127.00000000,1
1531181302371,1531181302375,1493267,0.00000736,1576.00000000,1
1531181302565,1531181302570,1493268,0.00000735,587.00000000,0
1531181302566,1531181302570,1493269,0.00000734,1178.00000000,1
1531181302566,1531181302570,1493270,0.00000733,2520.00000000,1
1531181302566,1531181302570,1493271,0.00000733,1778.00000000,1
1531181303154,1531181303158,1493272,0.00000733,8863.00000000,0
1531181304376,1531181304380,1493273,0.00000733,1088.00000000,1
1531181304561,1531181304566,1493274,0.00000734,442.00000000,0
1531181305602,1531181305607,1493275,0.00000734,500.00000000,0
1531181305998,1531181306001,1493276,0.00000734,4386.00000000,0
1531181306775,1531181306778,1493277,0.00000734,1000.00000000,0
1531181307165,1531181307170,1493278,0.00000734,2387.00000000,0
1531181307348,1531181307353,1493279,0.00000734,1193.00000000,0
1531181308449,1531181308453,1493280,0.00000734,194.00000000,0
1531181312730,1531181312734,1493281,0.00000734,124.00000000,0
1531181312730,1531181312734,1493282,0.00000735,151.00000000,0
1531181323393,1531181323394,1493283,0.00000731,685.00000000,1
1531181323393,1531181323394,1493284,0.00000730,308.00000000,1
1531181323393,1531181323394,1493285,0.00000729,307.00000000,1
1531181323393,1531181323394,1493286,0.00000729,46.00000000,1
1531181323393,1531181323394,1493287,0.00000728,3908.00000000,1
1531181325216,1531181325221,1493288,0.00000726,1.00000000,1
1531181328144,1531181328148,1493289,0.00000729,5428.00000000,0
1531181331810,1531181331815,1493290,0.00000729,693.00000000,0
1531181333520,1531181333524,1493291,0.00000729,1178.00000000,0
1531181335973,1531181335976,1493292,0.00000729,1372.00000000,0
1531181337622,1531181337626,1493293,0.00000727,500.00000000,1
1531181339864,1531181339870,1493294,0.00000729,1500.00000000,0
1531181340074,1531181340079,1493295,0.00000729,998.00000000,0
1531181350425,1531181350429,1493296,0.00000729,31.00000000,1
1531181353034,1531181353036,1493297,0.00000727,1231.00000000,1
1531181357052,1531181357055,1493298,0.00000727,665.00000000,1
1531181357052,1531181357055,1493299,0.00000726,6167.00000000,1
1531181367747,1531181367751,1493300,0.00000726,140.00000000,1
1531181389468,1531181389473,1493301,0.00000726,351.00000000,1
1531181425310,1531181425314,1493302,0.00000730,316.00000000,0
1531181452438,1531181452441,1493303,0.00000726,3620.00000000,1
1531181456260,1531181456263,1493304,0.00000726,260.00000000,1
1531181487809,1531181487814,1493305,0.00000728,2396.00000000,0
1531181487810,1531181487814,1493306,0.00000729,283.00000000,0
1531181500204,1531181500209,1493307,0.00000729,597.00000000,0
1531181501117,1531181501120,1493308,0.00000729,597.00000000,0
1531181526532,1531181526537,1493309,0.00000728,635.00000000,0
1531181544204,1531181544208,1493310,0.00000730,527.00000000,0
1531181545107,1531181545111,1493311,0.00000730,527.00000000,0
1531181609197,1531181609201,1493312,0.00000730,491.00000000,0
1531181609232,1531181609236,1493313,0.00000730,491.00000000,0
1531181676186,1531181676189,1493314,0.00000730,8.00000000,0
1531181677074,1531181677076,1493315,0.00000730,464.00000000,0
1531181677176,1531181677180,1493316,0.00000730,464.00000000,0
1531181691376,1531181691380,1493317,0.00000728,4119.00000000,0
1531181745233,1531181745237,1493318,0.00000730,396.00000000,0
1531181746123,1531181746127,1493319,0.00000730,396.00000000,0
1531181791065,1531181791069,1493320,0.00000730,377.00000000,0
1531181791094,1531181791097,1493321,0.00000730,377.00000000,0
1531181810160,1531181810164,1493322,0.00000730,351.00000000,0
1531181811165,1531181811169,1493323,0.00000730,351.00000000,0
1531181854083,1531181854086,1493324,0.00000730,270.00000000,0
1531181854120,1531181854124,1493325,0.00000730,270.00000000,0
1531181876267,1531181876268,1493326,0.00000729,168.00000000,1
1531181877410,1531181877413,1493327,0.00000729,167.00000000,1
1531181878821,1531181878824,1493328,0.00000729,167.00000000,1
1531181972250,1531181972253,1493329,0.00000729,4281.00000000,1
1531182205391,1531182205394,1493330,0.00000730,578.00000000,0
1531182236950,1531182236953,1493331,0.00000730,5000.00000000,0
1531182576316,1531182576319,1493332,0.00000730,18.00000000,0
1531182589985,1531182589988,1493333,0.00000730,27.00000000,0
1531182596930,1531182596932,1493334,0.00000730,11051.00000000,0
1531182600133,1531182600135,1493335,0.00000730,20.00000000,0
1531182606526,1531182606527,1493336,0.00000730,7.00000000,0
1531182760770,1531182760773,1493337,0.00000730,1025.00000000,0
1531182764565,1531182764566,1493338,0.00000730,577.00000000,0
1531182768756,1531182768757,1493339,0.00000730,324.00000000,0
1531182790868,1531182790869,1493340,0.00000730,8421.00000000,0
1531182836096,1531182836098,1493341,0.00000729,272.00000000,1
1531182876034,1531182876036,1493342,0.00000729,266.00000000,0
1531182941314,1531182941316,1493343,0.00000729,433.00000000,0
1531183022101,1531183022102,1493344,0.00000729,266.00000000,0
1531183038408,1531183038409,1493345,0.00000729,269.00000000,0
1531183038408,1531183038409,1493346,0.00000730,84105.00000000,0
1531183240237,1531183240237,1493347,0.00000733,137.00000000,0
1531183353422,1531183353423,1493348,0.00000732,271.00000000,1
1531183406875,1531183406874,1493349,0.00000732,572.00000000,0
1531183410650,1531183410649,1493350,0.00000732,321.00000000,0
1531183414929,1531183414927,1493351,0.00000732,334.00000000,0
1531183414929,1531183414927,1493352,0.00000733,682.00000000,0
1531183430678,1531183430678,1493353,0.00000733,432.00000000,0
1531183430678,1531183430678,1493354,0.00000734,140.00000000,0
1531183431911,1531183431911,1493355,0.00000734,421.00000000,0
1531183479623,1531183479621,1493356,0.00000734,198.00000000,0
1531183487565,1531183487564,1493357,0.00000735,248.00000000,0
1531183487565,1531183487564,1493358,0.00000736,324.00000000,0
1531183491595,1531183491594,1493359,0.00000736,321.00000000,0
1531183518281,1531183518278,1493360,0.00000736,408.00000000,0
1531183524236,1531183524235,1493361,0.00000736,1016.00000000,0
1531183528028,1531183528027,1493362,0.00000736,1355.00000000,0
1531183555279,1531183555279,1493363,0.00000736,762.00000000,0
1531183559334,1531183559333,1493364,0.00000736,429.00000000,0
1531183563240,1531183563237,1493365,0.00000736,321.00000000,0
1531183580794,1531183580793,1493366,0.00000736,371.00000000,0
1531183580794,1531183580793,1493367,0.00000738,831.00000000,0
1531183580794,1531183580793,1493368,0.00000741,3078.00000000,0
1531183595560,1531183595559,1493369,0.00000736,1528.00000000,1
1531183612162,1531183612160,1493370,0.00000736,1355.00000000,0
1531183616026,1531183616026,1493371,0.00000736,762.00000000,0
1531183620023,1531183619996,1493372,0.00000736,429.00000000,0
1531183667598,1531183667596,1493373,0.00000736,641.00000000,0
1531183695412,1531183695410,1493374,0.00000737,1082.00000000,1
1531183695412,1531183695410,1493375,0.00000736,265.00000000,1
1531183761722,1531183761720,1493376,0.00000738,940.00000000,1
1531183761904,1531183761903,1493377,0.00000738,114.00000000,1
1531183762621,1531183762622,1493378,0.00000738,149.00000000,1
1531183846683,1531183846680,1493379,0.00000737,2574.00000000,1
1531184052207,1531184052205,1493380,0.00000739,1.00000000,0
1531184197810,1531184197808,1493381,0.00000736,149.00000000,1
1531184319868,1531184319865,1493382,0.00000736,2801.00000000,1
1531184332406,1531184332400,1493383,0.00000735,2574.00000000,0
1531184332406,1531184332400,1493384,0.00000736,145.00000000,0
1531184337423,1531184337420,1493385,0.00000736,1147.00000000,0
1531184415444,1531184415440,1493386,0.00000733,1088.00000000,1
1531184415467,1531184415465,1493387,0.00000733,1001.00000000,0
1531184415484,1531184415480,1493388,0.00000733,395.00000000,0
1531184427362,1531184427360,1493389,0.00000733,812.00000000,0
1531184427388,1531184427386,1493390,0.00000733,675.00000000,0
1531184444192,1531184444189,1493391,0.00000733,180.00000000,0
1531184559434,1531184559431,1493392,0.00000734,12.00000000,0
1531184589193,1531184589189,1493393,0.00000734,728.00000000,0
1531184698202,1531184698198,1493394,0.00000734,154.00000000,0
1531184742194,1531184742191,1493395,0.00000729,200.00000000,0
1531184759239,1531184759235,1493396,0.00000728,200.00000000,0
1531184763544,1531184763541,1493397,0.00000727,200.00000000,0
1531184880914,1531184880911,1493398,0.00000739,150.00000000,0
1531184892710,1531184892706,1493399,0.00000733,150.00000000,1
1531184969338,1531184969334,1493400,0.00000734,607.00000000,1
1531184972911,1531184972906,1493401,0.00000735,244.00000000,1
1531185107202,1531185107197,1493402,0.00000735,149.00000000,1
1531185189080,1531185189076,1493403,0.00000735,149.00000000,1
1531185230266,1531185230260,1493404,0.00000735,149.00000000,1
1531185250068,1531185250063,1493405,0.00000735,149.00000000,1
1531185270191,1531185270186,1493406,0.00000735,150.00000000,1
1531185359157,1531185359153,1493407,0.00000735,149.00000000,1
1531185383260,1531185383254,1493408,0.00000735,149.00000000,1
1531185385241,1531185385235,1493409,0.00000735,149.00000000,1
1531185442102,1531185442096,1493410,0.00000735,135.00000000,0
1531185531569,1531185531564,1493411,0.00000733,430.00000000,0
1531185535580,1531185535574,1493412,0.00000733,323.00000000,0
1531185802586,1531185802581,1493413,0.00000734,421.00000000,1
1531185806223,1531185806219,1493414,0.00000733,150.00000000,1
1531185922019,1531185922013,1493415,0.00000732,488.00000000,1
1531186785231,1531186785225,1493416,0.00000732,150.00000000,1
1531186916199,1531186916194,1493417,0.00000732,150.00000000,1
1531187017144,1531187017138,1493418,0.00000732,150.00000000,1
1531187097388,1531187097381,1493419,0.00000732,150.00000000,1
1531187149581,1531187149576,1493420,0.00000732,490.00000000,1
1531187155220,1531187155214,1493421,0.00000728,150.00000000,1
1531187177167,1531187177163,1493422,0.00000728,151.00000000,1
1531187281953,1531187281948,1493423,0.00000730,700.00000000,0
1531187358220,1531187358216,1493424,0.00000731,1091.00000000,0
1531187358304,1531187358298,1493425,0.00000731,278.00000000,1
1531187359104,1531187359100,1493426,0.00000732,278.00000000,1
1531187359257,1531187359253,1493427,0.00000732,150.00000000,1
1531187405240,1531187405236,1493428,0.00000732,212.00000000,1
1531187405273,1531187405267,1493429,0.00000732,212.00000000,1
1531187431698,1531187431693,1493430,0.00000732,149.00000000,1
1531187443181,1531187443176,1493431,0.00000732,537.00000000,1
1531187456061,1531187456057,1493432,0.00000732,149.00000000,1
1531187480181,1531187480177,1493433,0.00000732,303.00000000,1
1531187481151,1531187481146,1493434,0.00000732,302.00000000,1
1531187482145,1531187482140,1493435,0.00000732,226.00000000,1
1531187505120,1531187505115,1493436,0.00000732,311.00000000,1
1531187506166,1531187506161,1493437,0.00000732,311.00000000,1
1531187530194,1531187530189,1493438,0.00000732,250.00000000,1
1531187531169,1531187531163,1493439,0.00000732,224.00000000,1
1531187534073,1531187534068,1493440,0.00000731,125.00000000,1
1531187535982,1531187535978,1493441,0.00000731,10500.00000000,1
1531187556366,1531187556360,1493442,0.00000731,10.00000000,1
1531187556366,1531187556360,1493443,0.00000730,112.00000000,1
1531187565765,1531187565759,1493444,0.00000730,246.00000000,1
1531187580134,1531187580128,1493445,0.00000730,442.00000000,1
1531187580134,1531187580128,1493446,0.00000729,36.00000000,1
1531187582263,1531187582257,1493447,0.00000729,1516.00000000,1
1531187583045,1531187583040,1493448,0.00000727,421.00000000,1
1531187596826,1531187596821,1493449,0.00000729,138.00000000,0
1531187765072,1531187765068,1493450,0.00000729,137.00000000,0
1531187808281,1531187808278,1493451,0.00000726,1025.00000000,1
1531187834129,1531187834125,1493452,0.00000726,5650.00000000,1
1531187834177,1531187834171,1493453,0.00000726,18420.00000000,1
1531187838180,1531187838174,1493454,0.00000726,22165.00000000,1
1531187838180,1531187838174,1493455,0.00000725,27586.00000000,1
1531187838201,1531187838197,1493456,0.00000725,865.00000000,0
1531187859918,1531187859913,1493457,0.00000725,689.00000000,0
1531187879769,1531187879765,1493458,0.00000723,139.00000000,1
1531187879769,1531187879765,1493459,0.00000721,1171.00000000,1
1531187879770,1531187879765,1493460,0.00000721,2066.00000000,1
1531187879770,1531187879765,1493461,0.00000720,2339.00000000,1
1531187879771,1531187879765,1493462,0.00000720,2997.00000000,1
1531187883674,1531187883671,1493463,0.00000724,1381.00000000,0
1531187884680,1531187884674,1493464,0.00000724,1381.00000000,0
1531187893099,1531187893095,1493465,0.00000722,140.00000000,1
1531187894344,1531187894338,1493466,0.00000722,353.00000000,1
1531187912178,1531187912173,1493467,0.00000724,961.00000000,0
1531187950833,1531187950829,1493468,0.00000724,415.00000000,0
1531188023298,1531188023294,1493469,0.00000724,11688.00000000,1
1531188055627,1531188055624,1493470,0.00000724,140.00000000,0
1531188077103,1531188077099,1493471,0.00000723,146.00000000,0
1531188077144,1531188077140,1493472,0.00000723,686.00000000,0
1531188078016,1531188078013,1493473,0.00000723,830.00000000,0
1531188106333,1531188106328,1493474,0.00000720,4580.00000000,1
1531188106351,1531188106347,1493475,0.00000720,3920.00000000,0
1531188109031,1531188109027,1493476,0.00000722,243.00000000,0
1531188110332,1531188110329,1493477,0.00000723,1.00000000,0
1531188117199,1531188117196,1493478,0.00000723,383.00000000,1
1531188143786,1531188143780,1493479,0.00000721,644.00000000,0
1531188146378,1531188146374,1493480,0.00000720,3920.00000000,1
1531188153185,1531188153180,1493481,0.00000720,4164.00000000,1
1531188153197,1531188153193,1493482,0.00000720,3945.00000000,0
1531188158086,1531188158084,1493483,0.00000723,4652.00000000,0
1531188159307,1531188159303,1493484,0.00000720,220.00000000,0
1531188159337,1531188159333,1493485,0.00000720,940.00000000,0
1531188159676,1531188159671,1493486,0.00000720,1426.00000000,0
1531188160138,1531188160136,1493487,0.00000720,523.00000000,0
1531188160273,1531188160254,1493488,0.00000720,713.00000000,0
1531188165582,1531188165577,1493489,0.00000719,140.00000000,1
1531188165582,1531188165577,1493490,0.00000718,1106.00000000,1
1531188168166,1531188168162,1493491,0.00000720,14.00000000,0
1531188175035,1531188175031,1493492,0.00000720,308.00000000,0
1531188181712,1531188181708,1493493,0.00000719,564.00000000,0
1531188198654,1531188198650,1493494,0.00000719,97.00000000,0
1531188202356,1531188202352,1493495,0.00000720,17.00000000,0
1531188228815,1531188228809,1493496,0.00000719,7325.00000000,1
1531188233428,1531188233425,1493497,0.00000720,6666.00000000,1
1531188524163,1531188524158,1493498,0.00000720,1106.00000000,0
1531188552416,1531188552413,1493499,0.00000725,564.00000000,0
1531188552416,1531188552413,1493500,0.00000726,525.00000000,0
1531188552416,1531188552413,1493501,0.00000727,290.00000000,0
1531188582833,1531188582829,1493502,0.00000720,829.00000000,1
1531188594900,1531188594895,1493503,0.00000724,194.00000000,0
1531188616598,1531188616594,1493504,0.00000721,7.00000000,0
1531188729972,1531188729967,1493505,0.00000718,329.00000000,1
1531188734675,1531188734670,1493506,0.00000717,1660.00000000,1
1531188739592,1531188739588,1493507,0.00000716,11653.00000000,1
1531188751757,1531188751754,1493508,0.00000721,681.00000000,0
1531188802246,1531188802243,1493509,0.00000715,142.00000000,1
1531188802247,1531188802243,1493510,0.00000715,1805.00000000,1
1531188835692,1531188835689,1493511,0.00000715,8020.00000000,1
1531188836099,1531188836097,1493512,0.00000715,120.00000000,1
1531188849693,1531188849689,1493513,0.00000715,421.00000000,1
1531188856901,1531188856896,1493514,0.00000715,4276.00000000,1
1531188882731,1531188882727,1493515,0.00000719,1109.00000000,0
1531188961216,1531188961213,1493516,0.00000718,154.00000000,0
1531188961216,1531188961213,1493517,0.00000719,6809.00000000,0
1531188973171,1531188973167,1493518,0.00000716,154.00000000,1
1531188973171,1531188973167,1493519,0.00000715,3875.00000000,1
1531189089445,1531189089441,1493520,0.00000718,154.00000000,0
1531189089445,1531189089441,1493521,0.00000719,3826.00000000,0
1531189096257,1531189096252,1493522,0.00000716,883.00000000,1
1531189147177,1531189147173,1493523,0.00000716,915.00000000,1
1531189147213,1531189147209,1493524,0.00000716,915.00000000,1
1531189209850,1531189209848,1493525,0.00000716,2478.00000000,1
1531189214186,1531189214184,1493526,0.00000716,1857.00000000,1
1531189253162,1531189253158,1493527,0.00000716,453.00000000,1
1531189277143,1531189277140,1493528,0.00000716,876.00000000,1
1531189278182,1531189278182,1493529,0.00000716,154.00000000,1
1531189278182,1531189278182,1493530,0.00000715,722.00000000,1
1531189301195,1531189301191,1493531,0.00000716,393.00000000,1
1531189307815,1531189307811,1493532,0.00000716,1236.00000000,1
1531189307815,1531189307811,1493533,0.00000715,4604.00000000,1
1531189308274,1531189308270,1493534,0.00000715,150.00000000,1
1531189309444,1531189309442,1493535,0.00000715,5400.00000000,1
1531189309872,1531189309870,1493536,0.00000715,120.00000000,1
1531189311063,1531189311059,1493537,0.00000715,1805.00000000,1
1531189311063,1531189311059,1493538,0.00000714,353.00000000,1
1531189311063,1531189311059,1493539,0.00000713,92.00000000,1
1531189311331,1531189311328,1493540,0.00000713,50.00000000,1
1531189368809,1531189368806,1493541,0.00000715,176.00000000,1
1531189368857,1531189368855,1493542,0.00000714,176.00000000,1
1531189371354,1531189371350,1493543,0.00000713,4122.00000000,1
1531189371354,1531189371350,1493544,0.00000712,7818.00000000,1
1531189371927,1531189371925,1493545,0.00000712,280.00000000,1
1531189373112,1531189373111,1493546,0.00000712,11930.00000000,1
1531189373160,1531189373157,1493547,0.00000712,8.00000000,1
1531189373512,1531189373508,1493548,0.00000712,280.00000000,1
1531189374683,1531189374679,1493549,0.00000712,11090.00000000,1
1531189375123,1531189375120,1493550,0.00000712,250.00000000,1
1531189376280,1531189376278,1493551,0.00000712,11110.00000000,1
1531189376546,1531189376546,1493552,0.00000712,240.00000000,1
1531189377725,1531189377723,1493553,0.00000712,4690.00000000,1
1531189377725,1531189377723,1493554,0.00000711,844.00000000,1
1531189377725,1531189377723,1493555,0.00000710,5596.00000000,1
1531189377992,1531189377987,1493556,0.00000711,230.00000000,1
1531189379171,1531189379164,1493557,0.00000710,2139.00000000,1
1531189379171,1531189379164,1493558,0.00000709,2253.00000000,1
1531189379171,1531189379164,1493559,0.00000708,1979.00000000,1
1531189379171,1531189379164,1493560,0.00000707,2549.00000000,1
1531189379376,1531189379371,1493561,0.00000707,2452.00000000,1
1531189379376,1531189379371,1493562,0.00000706,4270.00000000,1
1531189379412,1531189379409,1493563,0.00000706,150.00000000,1
1531189379830,1531189379828,1493564,0.00000710,188.00000000,0
1531189379860,1531189379858,1493565,0.00000712,1115.00000000,0
1531189380004,1531189379999,1493566,0.00000711,197.00000000,0
1531189380115,1531189380112,1493567,0.00000711,842.00000000,0
1531189380133,1531189380131,1493568,0.00000712,2113.00000000,0
1531189380265,1531189380263,1493569,0.00000711,546.00000000,0
1531189380399,1531189380396,1493570,0.00000711,826.00000000,0
1531189380439,1531189380435,1493571,0.00000711,664.00000000,0
1531189380613,1531189380610,1493572,0.00000710,188.00000000,1
1531189380613,1531189380610,1493573,0.00000708,4992.00000000,1
1531189380613,1531189380610,1493574,0.00000706,1530.00000000,1
1531189381057,1531189381055,1493575,0.00000709,1530.00000000,1
1531189381126,1531189381125,1493576,0.00000709,120.00000000,1
1531189381181,1531189381177,1493577,0.00000711,1122.00000000,0
1531189381659,1531189381657,1493578,0.00000711,1120.00000000,1
1531189381706,1531189381702,1493579,0.00000711,144.00000000,0
1531189382296,1531189382292,1493580,0.00000710,2971.00000000,1
1531189382296,1531189382292,1493581,0.00000706,3569.00000000,1
1531189382659,1531189382658,1493582,0.00000711,200.00000000,0
1531189382679,1531189382675,1493583,0.00000709,120.00000000,1
1531189382858,1531189382855,1493584,0.00000710,612.00000000,0
1531189382893,1531189382892,1493585,0.00000710,215.00000000,0
1531189384401,1531189384401,1493586,0.00000710,401.00000000,1
1531189384451,1531189384448,1493587,0.00000711,10618.00000000,0
1531189388347,1531189388344,1493588,0.00000711,749.00000000,0
1531189389272,1531189389269,1493589,0.00000710,1262.00000000,1
1531189391058,1531189391055,1493590,0.00000710,1331.00000000,1
1531189392487,1531189392483,1493591,0.00000710,156.00000000,1
1531189402583,1531189402578,1493592,0.00000710,2193.00000000,1
1531189402583,1531189402578,1493593,0.00000709,1125.00000000,1
1531189402583,1531189402578,1493594,0.00000704,2112.00000000,1
1531189402583,1531189402578,1493595,0.00000703,44772.00000000,1
1531189403111,1531189403108,1493596,0.00000709,4943.00000000,1
1531189403111,1531189403108,1493597,0.00000708,1127.00000000,1
1531189403153,1531189403150,1493598,0.00000706,219.00000000,0
1531189403202,1531189403199,1493599,0.00000707,6390.00000000,0
1531189403635,1531189403633,1493600,0.00000710,726.00000000,0
1531189403695,1531189403691,1493601,0.00000707,554.00000000,0
1531189403711,1531189403708,1493602,0.00000707,838.00000000,0
1531189403817,1531189403814,1493603,0.00000710,119.00000000,0
1531189403817,1531189403814,1493604,0.00000711,207.00000000,0
1531189403817,1531189403814,1493605,0.00000712,512.00000000,0
1531189404441,1531189404437,1493606,0.00000708,1276.00000000,0
1531189404599,1531189404596,1493607,0.00000708,605.00000000,0
1531189404663,1531189404661,1493608,0.00000709,836.00000000,0
1531189405183,1531189405179,1493609,0.00000710,1408.00000000,0
1531189410539,1531189410536,1493610,0.00000710,4507.00000000,0
1531189410784,1531189410782,1493611,0.00000710,3170.00000000,0
1531189418057,1531189418054,1493612,0.00000709,1196.00000000,1
1531189419090,1531189419087,1493613,0.00000709,1307.00000000,1
1531189421404,1531189421404,1493614,0.00000709,1194.00000000,1
1531189422439,1531189422436,1493615,0.00000710,212.00000000,0
1531189422473,1531189422471,1493616,0.00000711,1122.00000000,0
1531189429685,1531189429681,1493617,0.00000710,143.00000000,1
1531189498875,1531189498869,1493618,0.00000712,251.00000000,0
1531189498961,1531189498957,1493619,0.00000712,171.00000000,0
1531189512232,1531189512228,1493620,0.00000708,1099.00000000,1
1531189513294,1531189513290,1493621,0.00000712,769.00000000,0
1531189564868,1531189564866,1493622,0.00000710,155.00000000,1
1531189572687,1531189572684,1493623,0.00000710,845.00000000,1
1531189574746,1531189574744,1493624,0.00000710,3.00000000,0
1531189575483,1531189575480,1493625,0.00000710,847.00000000,0
1531189576748,1531189576745,1493626,0.00000710,1.00000000,0
1531189582548,1531189582544,1493627,0.00000713,1639.00000000,0
1531189614014,1531189614011,1493628,0.00000713,140.00000000,0
1531189615615,1531189615611,1493629,0.00000707,9893.00000000,1
1531189615615,1531189615611,1493630,0.00000706,418.00000000,1
1531189665063,1531189665060,1493631,0.00000709,789.00000000,1
1531189717157,1531189717152,1493632,0.00000711,963.00000000,0
1531189719993,1531189719990,1493633,0.00000711,2130.00000000,0
1531189721142,1531189721140,1493634,0.00000711,838.00000000,0
1531189724181,1531189724178,1493635,0.00000711,1406.00000000,0
1531189725187,1531189725183,1493636,0.00000711,1406.00000000,0
1531189726213,1531189726210,1493637,0.00000711,1406.00000000,0
1531189727175,1531189727175,1493638,0.00000711,1406.00000000,0
1531189780857,1531189780852,1493639,0.00000710,1879.00000000,1
1531189784823,1531189784821,1493640,0.00000710,1057.00000000,1
1531189789666,1531189789661,1493641,0.00000710,446.00000000,1
1531189805389,1531189805389,1493642,0.00000710,597.00000000,1
1531189909060,1531189909057,1493643,0.00000711,1403.00000000,0
1531189909166,1531189909163,1493644,0.00000711,1406.00000000,0
1531189909359,1531189909355,1493645,0.00000711,1876.00000000,0
1531189967873,1531189967869,1493646,0.00000709,20000.00000000,1
1531189990393,1531189990389,1493647,0.00000712,702.00000000,0
1531190020454,1531190020454,1493648,0.00000712,418.00000000,0
1531190023494,1531190023490,1493649,0.00000712,681.00000000,1
1531190023659,1531190023656,1493650,0.00000712,908.00000000,1
1531190024709,1531190024706,1493651,0.00000712,351.00000000,1
1531190057377,1531190057374,1493652,0.00000709,715.00000000,1
1531190204645,1531190204641,1493653,0.00000709,705.00000000,0
1531190205161,1531190205159,1493654,0.00000709,1.00000000,0
1531190254170,1531190254167,1493655,0.00000711,513.00000000,0
1531190342908,1531190342906,1493656,0.00000711,141.00000000,0
1531190350166,1531190350164,1493657,0.00000711,492.00000000,0
1531190407085,1531190407082,1493658,0.00000711,486.00000000,0
1531190431393,1531190431389,1493659,0.00000711,434.00000000,0
1531190442216,1531190442213,1493660,0.00000711,146.00000000,0
1531190442237,1531190442236,1493661,0.00000711,935.00000000,0
1531190499116,1531190499115,1493662,0.00000711,465.00000000,0
1531190528959,1531190528954,1493663,0.00000708,1282.00000000,1
1531190528959,1531190528954,1493664,0.00000706,117.00000000,1
1531190528959,1531190528954,1493665,0.00000705,143.00000000,1
1531190528959,1531190528954,1493666,0.00000704,814.00000000,1
1531190529992,1531190529989,1493667,0.00000710,392.00000000,0
1531190530359,1531190530356,1493668,0.00000710,19.00000000,0
1531190581473,1531190581451,1493669,0.00000708,360.00000000,0
1531190581473,1531190581458,1493670,0.00000710,258.00000000,0
1531190581473,1531190581458,1493671,0.00000711,102.00000000,0
1531190582369,1531190582367,1493672,0.00000708,143.00000000,1
1531190596047,1531190596043,1493673,0.00000709,156.00000000,0
1531190596047,1531190596043,1493674,0.00000710,308.00000000,0
1531190675154,1531190675151,1493675,0.00000709,409.00000000,0
1531190693184,1531190693183,1493676,0.00000709,12.00000000,0
1531190693184,1531190693183,1493677,0.00000710,529.00000000,0
1531190801067,1531190801063,1493678,0.00000710,264.00000000,0
1531190801102,1531190801100,1493679,0.00000710,154.00000000,0
1531190870157,1531190870155,1493680,0.00000710,292.00000000,0
1531190895330,1531190895326,1493681,0.00000711,1436.00000000,0
1531190895364,1531190895361,1493682,0.00000711,1795.00000000,0
1531190895487,1531190895483,1493683,0.00000711,255.00000000,0
1531190895766,1531190895763,1493684,0.00000711,1795.00000000,0
1531190896193,1531190896189,1493685,0.00000711,1795.00000000,0
1531190896455,1531190896451,1493686,0.00000711,332.00000000,0
1531190896455,1531190896451,1493687,0.00000713,27.00000000,0
1531190918768,1531190918765,1493688,0.00000712,186.00000000,0
1531190928615,1531190928611,1493689,0.00000712,934.00000000,0
1531190928615,1531190928611,1493690,0.00000713,677.00000000,0
1531190928615,1531190928611,1493691,0.00000715,471.00000000,0
1531190928630,1531190928626,1493692,0.00000715,7918.00000000,1
1531190928642,1531190928638,1493693,0.00000708,1127.00000000,1
1531190928642,1531190928638,1493694,0.00000707,1836.00000000,1
1531190928642,1531190928638,1493695,0.00000704,4955.00000000,1
1531190930950,1531190930946,1493696,0.00000713,4963.00000000,0
1531190932647,1531190932643,1493697,0.00000712,1116.00000000,0
1531190952056,1531190952053,1493698,0.00000710,788.00000000,0
1531190952196,1531190952195,1493699,0.00000710,788.00000000,0
1531190953008,1531190953005,1493700,0.00000709,788.00000000,0
1531190999168,1531190999156,1493701,0.00000708,4167.00000000,0
1531191004149,1531191004147,1493702,0.00000709,1133.00000000,0
1531191005204,1531191005190,1493703,0.00000708,156.00000000,0
1531191005204,1531191005192,1493704,0.00000709,595.00000000,0
1531191063526,1531191063523,1493705,0.00000707,1128.00000000,1
1531191063526,1531191063523,1493706,0.00000705,424.00000000,1
1531191071305,1531191071292,1493707,0.00000709,1125.00000000,1
1531191073180,1531191073177,1493708,0.00000708,276.00000000,0
1531191154818,1531191154816,1493709,0.00000706,1998.00000000,1
1531191543188,1531191543186,1493710,0.00000706,259.00000000,1
1531191612978,1531191612973,1493711,0.00000706,2014.00000000,1
1531191615683,1531191615680,1493712,0.00000706,1111.00000000,1
1531191668973,1531191668969,1493713,0.00000706,369.00000000,1
1531191669010,1531191669007,1493714,0.00000706,369.00000000,1
1531191742067,1531191742064,1493715,0.00000706,2766.00000000,1
1531191742109,1531191742106,1493716,0.00000706,1989.00000000,0
1531191742127,1531191742122,1493717,0.00000706,994.00000000,0
1531191743127,1531191743123,1493718,0.00000706,994.00000000,0
1531191759307,1531191759303,1493719,0.00000705,470.00000000,1
1531191759307,1531191759303,1493720,0.00000704,881.00000000,1
1531191773174,1531191773170,1493721,0.00000703,1278.00000000,1
1531191773174,1531191773170,1493722,0.00000702,528.00000000,1
1531191777017,1531191777013,1493723,0.00000703,11.00000000,1
1531191777721,1531191777718,1493724,0.00000706,4155.00000000,0
1531191797904,1531191797874,1493725,0.00000702,749.00000000,1
1531191808072,1531191808068,1493726,0.00000702,618.00000000,1
1531191808072,1531191808068,1493727,0.00000701,589.00000000,1
1531191814363,1531191814359,1493728,0.00000704,214.00000000,0
1531191816035,1531191816032,1493729,0.00000704,215.00000000,0
1531191816614,1531191816610,1493730,0.00000704,8.00000000,0
1531191835051,1531191835048,1493731,0.00000705,144.00000000,0
1531191865898,1531191865895,1493732,0.00000706,164.00000000,1
1531191871008,1531191871003,1493733,0.00000706,550.00000000,1
1531191943113,1531191943111,1493734,0.00000703,157.00000000,1
1531191943869,1531191943866,1493735,0.00000704,428.00000000,1
1531191959408,1531191959404,1493736,0.00000703,428.00000000,0
1531191970338,1531191970334,1493737,0.00000704,452.00000000,0
1531192082052,1531192082051,1493738,0.00000704,452.00000000,0
1531192135358,1531192135354,1493739,0.00000703,1906.00000000,1
1531192145387,1531192145383,1493740,0.00000704,452.00000000,0
1531192202031,1531192202027,1493741,0.00000705,452.00000000,0
1531192210135,1531192210132,1493742,0.00000704,437.00000000,0
1531192210946,1531192210941,1493743,0.00000704,437.00000000,0
1531192213153,1531192213149,1493744,0.00000704,6.00000000,0
1531192213269,1531192213267,1493745,0.00000704,422.00000000,0
1531192215236,1531192215232,1493746,0.00000704,408.00000000,0
1531192216994,1531192216991,1493747,0.00000704,408.00000000,0
1531192235216,1531192235211,1493748,0.00000704,269.00000000,0
1531192235242,1531192235237,1493749,0.00000704,539.00000000,0
1531192235910,1531192235905,1493750,0.00000704,539.00000000,0
1531192242692,1531192242687,1493751,0.00000704,329.00000000,0
1531192242947,1531192242942,1493752,0.00000704,329.00000000,0
1531192387987,1531192387983,1493753,0.00000704,288.00000000,0
1531192405158,1531192405154,1493754,0.00000706,50.00000000,0
1531192503969,1531192503965,1493755,0.00000704,603.00000000,0
1531192515118,1531192515116,1493756,0.00000704,155.00000000,0
1531192534849,1531192534845,1493757,0.00000704,4178.00000000,0
1531192653264,1531192653260,1493758,0.00000704,269.00000000,0
1531192655350,1531192655347,1493759,0.00000704,31.00000000,0
1531192661206,1531192661201,1493760,0.00000704,155.00000000,0
1531192784224,1531192784221,1493761,0.00000704,155.00000000,0
1531192885174,1531192885171,1493762,0.00000705,155.00000000,0
1531192890611,1531192890606,1493763,0.00000705,663.00000000,0
1531192896559,1531192896554,1493764,0.00000705,314.00000000,0
1531192932698,1531192932694,1493765,0.00000703,1404.00000000,1
1531192934782,1531192934777,1493766,0.00000703,178.00000000,1
1531193114093,1531193114088,1493767,0.00000704,170.00000000,0
1531193159321,1531193159317,1493768,0.00000705,582.00000000,0
1531193191437,1531193191432,1493769,0.00000705,156.00000000,1
1531193191437,1531193191432,1493770,0.00000704,4844.00000000,1
1531193245750,1531193245745,1493771,0.00000703,692.00000000,1
1531193259914,1531193259909,1493772,0.00000702,272.00000000,1
1531193300478,1531193300473,1493773,0.00000702,12761.00000000,1
1531193313553,1531193313548,1493774,0.00000701,157.00000000,1
1531193313553,1531193313548,1493775,0.00000700,73843.00000000,1
1531193313554,1531193313548,1493776,0.00000700,300.00000000,1
1531193330301,1531193330299,1493777,0.00000702,1424.00000000,0
1531193352674,1531193352669,1493778,0.00000702,4190.00000000,0
1531193352745,1531193352742,1493779,0.00000702,155.00000000,0
1531193371824,1531193371819,1493780,0.00000702,336.00000000,0
1531193384174,1531193384170,1493781,0.00000702,155.00000000,0
1531193398149,1531193398145,1493782,0.00000702,2334.00000000,0
1531193404178,1531193404173,1493783,0.00000701,157.00000000,0
1531193449417,1531193449412,1493784,0.00000701,374.00000000,0
1531193450419,1531193450416,1493785,0.00000701,915.00000000,0
1531193451685,1531193451670,1493786,0.00000701,1456.00000000,0
1531193464265,1531193464260,1493787,0.00000701,1331.00000000,0
1531193480621,1531193480617,1493788,0.00000701,1899.00000000,0
1531193485784,1531193485779,1493789,0.00000701,1608.00000000,1
1531193487214,1531193487209,1493790,0.00000701,1000.00000000,0
1531193487300,1531193487295,1493791,0.00000701,500.00000000,0
1531193565845,1531193565839,1493792,0.00000701,2409.00000000,1
1531193609883,1531193609879,1493793,0.00000702,204.00000000,0
1531193615174,1531193615167,1493794,0.00000700,620.00000000,1
1531193615174,1531193615167,1493795,0.00000699,695.00000000,1
1531193615174,1531193615167,1493796,0.00000697,2774.00000000,1
1531193616401,1531193616396,1493797,0.00000702,565.00000000,0
1531193647045,1531193647040,1493798,0.00000700,1000.00000000,0
1531193649383,1531193649377,1493799,0.00000700,1000.00000000,0
1531193652093,1531193652089,1493800,0.00000700,4165.00000000,0
1531193652104,1531193652099,1493801,0.00000700,1042.00000000,0
1531193671403,1531193671400,1493802,0.00000701,145.00000000,1
1531193671538,1531193671532,1493803,0.00000701,364.00000000,1
1531193702579,1531193702575,1493804,0.00000700,5000.00000000,1
1531193702769,1531193702764,1493805,0.00000702,7072.00000000,0
1531193977723,1531193977718,1493806,0.00000704,538.00000000,0
1531193983166,1531193983160,1493807,0.00000706,264.00000000,0
1531193983943,1531193983939,1493808,0.00000706,264.00000000,0
1531194004590,1531194004586,1493809,0.00000704,602.00000000,1
1531194018388,1531194018383,1493810,0.00000701,1565.00000000,0
1531194047245,1531194047241,1493811,0.00000700,61.00000000,1
1531194222085,1531194222077,1493812,0.00000702,204.00000000,0
1531194272007,1531194272002,1493813,0.00000700,1063.00000000,1
1531194290730,1531194290724,1493814,0.00000700,3476.00000000,1
1531194378265,1531194378260,1493815,0.00000702,294.00000000,0
1531194433390,1531194433384,1493816,0.00000704,10100.00000000,0
1531194433647,1531194433642,1493817,0.00000701,20131.00000000,1
1531194437895,1531194437890,1493818,0.00000701,20131.00000000,1
1531194439166,1531194439161,1493819,0.00000701,13400.00000000,1
1531194464402,1531194464397,1493820,0.00000701,500.00000000,0
1531194473003,1531194472998,1493821,0.00000700,589.00000000,1
1531194544126,1531194544122,1493822,0.00000702,303.00000000,0
1531194544532,1531194544529,1493823,0.00000701,503.00000000,1
1531194545139,1531194545134,1493824,0.00000702,303.00000000,0
1531194556564,1531194556559,1493825,0.00000702,1225.00000000,0
1531194580093,1531194580088,1493826,0.00000702,1046.00000000,0
1531194594109,1531194594105,1493827,0.00000702,281.00000000,0
1531194648056,1531194648052,1493828,0.00000702,1156.00000000,0
1531194700323,1531194700317,1493829,0.00000701,4376.00000000,1
1531194700323,1531194700317,1493830,0.00000700,4202.00000000,1
1531194868817,1531194868811,1493831,0.00000699,1000.00000000,0
1531194869296,1531194869288,1493832,0.00000699,511.00000000,0
1531194882751,1531194882747,1493833,0.00000699,549.00000000,0
1531195116198,1531195116193,1493834,0.00000705,350.00000000,1
1531195208540,1531195208535,1493835,0.00000699,177.00000000,0
1531195299411,1531195299406,1493836,0.00000700,10197.00000000,1
1531195317701,1531195317695,1493837,0.00000700,30163.00000000,0
1531195427558,1531195427551,1493838,0.00000706,6.00000000,0
1531195519556,1531195519550,1493839,0.00000699,570.00000000,1
1531195581872,1531195581866,1493840,0.00000699,6545.00000000,1
1531195591871,1531195591866,1493841,0.00000699,2181.00000000,1
1531195656981,1531195656974,1493842,0.00000699,395.00000000,1
1531195765221,1531195765214,1493843,0.00000703,5.00000000,0
1531196344915,1531196344911,1493844,0.00000703,7595.00000000,0
1531196682110,1531196682105,1493845,0.00000700,3086.00000000,0
1531196682110,1531196682105,1493846,0.00000702,1666.00000000,0
1531196682152,1531196682147,1493847,0.00000702,2667.00000000,0
1531196682481,1531196682476,1493848,0.00000702,667.00000000,0
1531196682481,1531196682476,1493849,0.00000703,1300.00000000,0
1531196787203,1531196787200,1493850,0.00000703,740.00000000,0
1531196913171,1531196913168,1493851,0.00000703,202.00000000,0
1531196913921,1531196913917,1493852,0.00000703,906.00000000,1
1531196916586,1531196916581,1493853,0.00000703,314.00000000,1
1531196917482,1531196917476,1493854,0.00000703,1140.00000000,1
1531196919108,1531196919105,1493855,0.00000703,524.00000000,1
1531196928840,1531196928836,1493856,0.00000703,82.00000000,0
1531196936847,1531196936842,1493857,0.00000703,1918.00000000,1
1531197057155,1531197057151,1493858,0.00000699,10000.00000000,1
1531197094714,1531197094709,1493859,0.00000703,260.00000000,0
1531197977168,1531197977164,1493860,0.00000702,155.00000000,0
1531198054232,1531198054228,1493861,0.00000702,155.00000000,0
1531198117636,1531198117635,1493862,0.00000701,1311.00000000,0
1531198223087,1531198223083,1493863,0.00000701,155.00000000,0
1531198297111,1531198297107,1493864,0.00000701,155.00000000,0
1531198317249,1531198317245,1493865,0.00000701,3990.00000000,0
1531198317251,1531198317248,1493866,0.00000701,543.00000000,0
1531198358424,1531198358423,1493867,0.00000701,216.00000000,0
1531198369166,1531198369161,1493868,0.00000701,155.00000000,0
1531198405556,1531198405551,1493869,0.00000701,2644.00000000,0
1531198439118,1531198439114,1493870,0.00000704,155.00000000,0
1531198491088,1531198491076,1493871,0.00000704,155.00000000,0
1531198545270,1531198545265,1493872,0.00000704,311.00000000,0
1531198633616,1531198633611,1493873,0.00000704,852.00000000,0
1531198659184,1531198659179,1493874,0.00000704,155.00000000,0
1531198700176,1531198700173,1493875,0.00000704,10428.00000000,0
1531198712868,1531198712863,1493876,0.00000704,844.00000000,0
1531198742883,1531198742878,1493877,0.00000704,20053.00000000,0
1531198744854,1531198744849,1493878,0.00000705,27225.00000000,0
1531198783289,1531198783284,1493879,0.00000705,145.00000000,0
1531198803177,1531198803175,1493880,0.00000700,3898.00000000,1
1531198805094,1531198805090,1493881,0.00000704,248.00000000,0
1531198824092,1531198824087,1493882,0.00000704,144.00000000,0
1531198843192,1531198843187,1493883,0.00000704,1129.00000000,0
1531198883279,1531198883275,1493884,0.00000704,155.00000000,0
1531198944715,1531198944713,1493885,0.00000704,8.00000000,0
1531199112079,1531199112078,1493886,0.00000704,155.00000000,0
1531199250283,1531199250278,1493887,0.00000702,155.00000000,0
1531199404650,1531199404645,1493888,0.00000699,8332.00000000,1
1531199404651,1531199404645,1493889,0.00000698,20855.00000000,1
1531199404667,1531199404663,1493890,0.00000698,1036.00000000,0
1531199404675,1531199404672,1493891,0.00000698,1035.00000000,0
1531199404682,1531199404679,1493892,0.00000698,1000.00000000,0
1531199404682,1531199404681,1493893,0.00000698,1034.00000000,0
1531199404706,1531199404701,1493894,0.00000698,1035.00000000,0
1531199404747,1531199404743,1493895,0.00000698,11188.00000000,0
1531199405023,1531199405018,1493896,0.00000698,1763.00000000,0
1531199405217,1531199405213,1493897,0.00000700,1035.00000000,1
1531199406674,1531199406670,1493898,0.00000701,9220.00000000,0
1531199413938,1531199413933,1493899,0.00000701,450.00000000,0
1531199464175,1531199464171,1493900,0.00000700,158.00000000,0
1531199481104,1531199481101,1493901,0.00000701,156.00000000,0
1531199531849,1531199531843,1493902,0.00000701,4.00000000,0
1531199533856,1531199533852,1493903,0.00000701,1297.00000000,0
1531199533856,1531199533852,1493904,0.00000703,10783.00000000,0
1531199534122,1531199534118,1493905,0.00000703,287.00000000,0
1531199534966,1531199534962,1493906,0.00000703,549.00000000,0
1531199535612,1531199535611,1493907,0.00000703,9790.00000000,0
1531199539239,1531199539235,1493908,0.00000703,852.00000000,0
1531199540189,1531199540184,1493909,0.00000703,875.00000000,0
1531199541003,1531199540999,1493910,0.00000703,898.00000000,0
1531199541830,1531199541826,1493911,0.00000703,1901.00000000,0
1531199636592,1531199636588,1493912,0.00000703,6565.00000000,0
1531199636977,1531199636973,1493913,0.00000704,715.00000000,0
1531199674178,1531199674175,1493914,0.00000704,155.00000000,0
1531199699161,1531199699155,1493915,0.00000704,155.00000000,0
1531199769676,1531199769670,1493916,0.00000698,10449.00000000,1
1531199769676,1531199769670,1493917,0.00000697,7315.00000000,1
1531199769676,1531199769670,1493918,0.00000696,8630.00000000,1
1531199770716,1531199770713,1493919,0.00000700,838.00000000,0
1531199827210,1531199827206,1493920,0.00000701,5304.00000000,0
1531199829137,1531199829135,1493921,0.00000701,5400.00000000,0
1531199833317,1531199833314,1493922,0.00000700,145.00000000,1
1531199876147,1531199876144,1493923,0.00000701,155.00000000,0
1531199900845,1531199900843,1493924,0.00000701,17.00000000,0
1531199900845,1531199900843,1493925,0.00000702,138.00000000,0
1531199985579,1531199985573,1493926,0.00000702,155.00000000,0
1531200050526,1531200050521,1493927,0.00000702,10.00000000,0
1531200079094,1531200079090,1493928,0.00000702,311.00000000,0
1531200079173,1531200079171,1493929,0.00000702,311.00000000,0
1531200172031,1531200172028,1493930,0.00000702,155.00000000,0
1531200180258,1531200180253,1493931,0.00000702,108.00000000,0
1531200180258,1531200180253,1493932,0.00000703,1316.00000000,0
1531200208899,1531200208895,1493933,0.00000700,10000.00000000,1
1531200320186,1531200320182,1493934,0.00000703,155.00000000,0
1531200360262,1531200360261,1493935,0.00000703,155.00000000,0
1531200471010,1531200470986,1493936,0.00000703,9510.00000000,0
1531200514336,1531200514334,1493937,0.00000703,2.00000000,0
1531200514336,1531200514334,1493938,0.00000704,309.00000000,0
1531200625123,1531200625120,1493939,0.00000704,311.00000000,0
1531200752214,1531200752215,1493940,0.00000704,142.00000000,0
1531201375812,1531201375810,1493941,0.00000703,467.00000000,0
1531201630343,1531201630339,1493942,0.00000703,155.00000000,0
1531201652138,1531201652132,1493943,0.00000703,156.00000000,0
1531201652291,1531201652287,1493944,0.00000703,156.00000000,0
1531201699514,1531201699510,1493945,0.00000700,1850.00000000,1
1531201725265,1531201725259,1493946,0.00000703,155.00000000,0
1531201727184,1531201727181,1493947,0.00000703,156.00000000,0
1531201823588,1531201823584,1493948,0.00000703,4267.00000000,0
1531201837381,1531201837378,1493949,0.00000703,155.00000000,0
1531201857362,1531201857357,1493950,0.00000700,10000.00000000,1
1531201872224,1531201872220,1493951,0.00000702,1352.00000000,0
1531201888344,1531201888339,1493952,0.00000702,7986.00000000,0
1531202000947,1531202000943,1493953,0.00000702,311.00000000,0
1531202000974,1531202000970,1493954,0.00000702,311.00000000,0
1531202079584,1531202079580,1493955,0.00000699,19477.00000000,1
1531202087074,1531202087070,1493956,0.00000702,19360.00000000,0
1531202092352,1531202092347,1493957,0.00000702,4757.00000000,0
1531202141184,1531202141182,1493958,0.00000702,311.00000000,0
1531202165195,1531202165199,1493959,0.00000701,157.00000000,0
1531202229201,1531202229197,1493960,0.00000702,108.00000000,0
1531202229201,1531202229197,1493961,0.00000703,34.00000000,0
1531202262073,1531202262071,1493962,0.00000703,155.00000000,0
1531202378056,1531202378054,1493963,0.00000703,155.00000000,0
1531202490222,1531202490220,1493964,0.00000700,2.00000000,1
1531202558508,1531202558506,1493965,0.00000703,311.00000000,0
1531202559330,1531202559332,1493966,0.00000703,311.00000000,0
1531202831032,1531202831028,1493967,0.00000700,5.00000000,1
1531202883937,1531202883934,1493968,0.00000703,251.00000000,0
1531202898468,1531202898464,1493969,0.00000700,8281.00000000,1
1531202980223,1531202980220,1493970,0.00000703,155.00000000,0
1531203006117,1531203006114,1493971,0.00000703,2833.00000000,0
1531203032421,1531203032417,1493972,0.00000701,12028.00000000,1
1531203032687,1531203032687,1493973,0.00000701,1609.00000000,1
1531203032697,1531203032692,1493974,0.00000701,1586.00000000,1
1531203033710,1531203033707,1493975,0.00000701,1609.00000000,1
1531203034703,1531203034706,1493976,0.00000701,939.00000000,1
1531203107949,1531203107947,1493977,0.00000700,880.00000000,1
1531203122361,1531203122356,1493978,0.00000703,142.00000000,0
1531203209419,1531203209416,1493979,0.00000700,2204.00000000,1
1531203292452,1531203292451,1493980,0.00000701,18973.00000000,0
1531203352869,1531203352865,1493981,0.00000700,4012.00000000,1
1531203356487,1531203356483,1493982,0.00000700,3009.00000000,1
1531203380450,1531203380446,1493983,0.00000700,448.00000000,1
1531203380450,1531203380446,1493984,0.00000699,4066.00000000,1
1531203383433,1531203383429,1493985,0.00000699,1444.00000000,1
1531203383480,1531203383476,1493986,0.00000699,813.00000000,0
1531203387644,1531203387620,1493987,0.00000699,2257.00000000,1
1531203397734,1531203397729,1493988,0.00000702,143.00000000,0
1531203415907,1531203415904,1493989,0.00000699,2970.00000000,1
1531203416328,1531203416325,1493990,0.00000699,80.00000000,1
1531203451502,1531203451500,1493991,0.00000702,143.00000000,0
1531203455971,1531203455967,1493992,0.00000699,5750.00000000,1
1531203456448,1531203456444,1493993,0.00000699,80.00000000,1
1531203469144,1531203469139,1493994,0.00000699,17.00000000,1
1531203469144,1531203469139,1493995,0.00000698,4713.00000000,1
1531203469751,1531203469750,1493996,0.00000698,120.00000000,1
1531203470912,1531203470908,1493997,0.00000698,3750.00000000,1
1531203471224,1531203471221,1493998,0.00000698,80.00000000,1
1531203590915,1531203590911,1493999,0.00000700,424.00000000,0
1531203642785,1531203642781,1494000,0.00000698,729.00000000,1
1531203663389,1531203663385,1494001,0.00000698,4270.00000000,1
1531203664060,1531203664056,1494002,0.00000698,80.00000000,1
1531203666357,1531203666353,1494003,0.00000701,716.00000000,0
1531203797230,1531203797226,1494004,0.00000701,9339.00000000,0
1531203860218,1531203860217,1494005,0.00000701,3438.00000000,1
1531203860218,1531203860217,1494006,0.00000699,1562.00000000,1
1531203860653,1531203860651,1494007,0.00000698,150.00000000,1
1531203862789,1531203862785,1494008,0.00000698,4010.00000000,1
1531203863198,1531203863194,1494009,0.00000698,120.00000000,1
1531203909443,1531203909440,1494010,0.00000702,143.00000000,0
1531204069113,1531204069108,1494011,0.00000698,1285.00000000,1
1531204602529,1531204602525,1494012,0.00000698,11450.00000000,1
1531204602529,1531204602525,1494013,0.00000697,1740.00000000,1
