event_time,trade_time,trade_id,price,quantity,maker
1531160283728,1531160283725,19347461,0.00000533,4973.00000000,1
1531160295236,1531160295232,19347462,0.00000533,12529.00000000,1
1531160320759,1531160320756,19347463,0.00000533,500.00000000,1
1531160351541,1531160351537,19347464,0.00000533,253.00000000,1
1531160354196,1531160354194,19347465,0.00000534,1.00000000,0
1531160367632,1531160367627,19347466,0.00000533,500.00000000,1
1531160371161,1531160371158,19347467,0.00000534,4000.00000000,0
1531160382394,1531160382392,19347468,0.00000534,10.00000000,0
1531160388013,1531160388011,19347469,0.00000534,205.00000000,0
1531160388615,1531160388613,19347470,0.00000534,455.00000000,0
1531160390680,1531160390677,19347471,0.00000534,20000.00000000,0
1531160404303,1531160404299,19347472,0.00000534,1651.00000000,0
1531160412241,1531160412237,19347473,0.00000534,10030.00000000,0
1531160412513,1531160412510,19347474,0.00000534,31418.00000000,0
1531160428939,1531160428936,19347475,0.00000534,4931.00000000,0
1531160429762,1531160429758,19347476,0.00000533,12764.00000000,1
1531160430710,1531160430705,19347477,0.00000534,20000.00000000,0
1531160432375,1531160432371,19347478,0.00000533,1.00000000,0
1531160432680,1531160432675,19347479,0.00000532,35643.00000000,1
1531160433325,1531160433321,19347480,0.00000533,1438.00000000,0
1531160437477,1531160437474,19347481,0.00000532,39280.00000000,1
1531160437502,1531160437497,19347482,0.00000533,13440.00000000,0
1531160437765,1531160437761,19347483,0.00000533,1439.00000000,1
1531160447130,1531160447127,19347484,0.00000532,50432.00000000,1
1531160447154,1531160447150,19347485,0.00000533,26826.00000000,0
1531160449082,1531160449079,19347486,0.00000533,27534.00000000,0
1531160450817,1531160450814,19347487,0.00000533,500.00000000,0
1531160454411,1531160454407,19347488,0.00000532,42229.00000000,1
1531160454429,1531160454426,19347489,0.00000533,39339.00000000,0
1531160462459,1531160462455,19347490,0.00000533,1000.00000000,1
1531160462481,1531160462478,19347491,0.00000532,42229.00000000,1
1531160468131,1531160468128,19347492,0.00000533,25852.00000000,1
1531160468277,1531160468273,19347493,0.00000533,30694.00000000,1
1531160468297,1531160468292,19347494,0.00000533,20258.00000000,0
1531160468315,1531160468312,19347495,0.00000533,30694.00000000,1
1531160471798,1531160471796,19347496,0.00000533,3638.00000000,1
1531160471832,1531160471829,19347497,0.00000533,3116.00000000,1
1531160478979,1531160478978,19347498,0.00000533,16693.00000000,1
1531160479011,1531160479008,19347499,0.00000533,500.00000000,1
1531160482742,1531160482738,19347500,0.00000534,10000.00000000,0
1531160486039,1531160486036,19347501,0.00000533,44656.00000000,1
1531160486600,1531160486597,19347502,0.00000533,15000.00000000,1
1531160488839,1531160488834,19347503,0.00000533,3794.00000000,1
1531160495775,1531160495772,19347504,0.00000533,35588.00000000,1
1531160499606,1531160499601,19347505,0.00000532,31267.00000000,1
1531160501254,1531160501251,19347506,0.00000532,2573.00000000,1
1531160504959,1531160504955,19347507,0.00000532,2272.00000000,1
1531160504980,1531160504978,19347508,0.00000533,963.00000000,0
1531160513858,1531160513854,19347509,0.00000532,19283.00000000,1
1531160513879,1531160513876,19347510,0.00000533,13774.00000000,0
1531160515790,1531160515786,19347511,0.00000533,1000.00000000,1
1531160521433,1531160521431,19347512,0.00000532,684.00000000,1
1531160522112,1531160522109,19347513,0.00000532,44739.00000000,1
1531160522128,1531160522125,19347514,0.00000532,3741.00000000,0
1531160522701,1531160522698,19347515,0.00000532,51480.00000000,1
1531160522720,1531160522716,19347516,0.00000532,19570.00000000,0
1531160522732,1531160522728,19347517,0.00000533,35525.00000000,0
1531160533775,1531160533772,19347518,0.00000533,1000.00000000,1
1531160534174,1531160534169,19347519,0.00000533,54907.00000000,0
1531160535775,1531160535772,19347520,0.00000533,3402.00000000,1
1531160536784,1531160536780,19347521,0.00000533,3482.00000000,1
1531160536817,1531160536812,19347522,0.00000533,9774.00000000,1
1531160536846,1531160536844,19347523,0.00000533,23271.00000000,1
1531160536870,1531160536866,19347524,0.00000533,4610.00000000,1
1531160537993,1531160537990,19347525,0.00000532,11230.00000000,1
1531160538623,1531160538621,19347526,0.00000532,4994.00000000,0
1531160538636,1531160538631,19347527,0.00000532,4675.00000000,0
1531160538978,1531160538974,19347528,0.00000532,1997.00000000,1
1531160538978,1531160538974,19347529,0.00000532,1997.00000000,1
1531160538983,1531160538980,19347530,0.00000532,1997.00000000,1
1531160539988,1531160539984,19347531,0.00000532,17359.00000000,1
1531160541015,1531160541011,19347532,0.00000532,1359.00000000,0
1531160541082,1531160541081,19347533,0.00000532,2246.00000000,0
1531160541082,1531160541081,19347534,0.00000532,2247.00000000,0
1531160541085,1531160541081,19347535,0.00000532,2243.00000000,0
1531160543801,1531160543798,19347536,0.00000531,41691.00000000,1
1531160543836,1531160543833,19347537,0.00000532,4674.00000000,0
1531160544983,1531160544980,19347538,0.00000532,4674.00000000,0
1531160550565,1531160550562,19347539,0.00000533,737.00000000,0
1531160552024,1531160552024,19347540,0.00000532,1696.00000000,1
1531160553795,1531160553791,19347541,0.00000532,5991.00000000,0
1531160556228,1531160556225,19347542,0.00000533,1000.00000000,1
1531160556335,1531160556332,19347543,0.00000532,1761.00000000,1
1531160556352,1531160556348,19347544,0.00000532,1469.00000000,0
1531160556352,1531160556348,19347545,0.00000533,51599.00000000,0
1531160557502,1531160557501,19347546,0.00000532,283.00000000,0
1531160558025,1531160558022,19347547,0.00000532,1186.00000000,1
1531160559025,1531160559022,19347548,0.00000532,2027.00000000,0
1531160559030,1531160559026,19347549,0.00000532,2027.00000000,1
1531160559030,1531160559027,19347550,0.00000532,2027.00000000,1
1531160562059,1531160562054,19347551,0.00000532,673.00000000,1
1531160563039,1531160563036,19347552,0.00000532,469.00000000,0
1531160563040,1531160563037,19347553,0.00000532,469.00000000,1
1531160563043,1531160563040,19347554,0.00000532,469.00000000,1
1531160564040,1531160564037,19347555,0.00000532,5347.00000000,1
1531160565106,1531160565103,19347556,0.00000532,1000.00000000,0
1531160565772,1531160565769,19347557,0.00000532,11072.00000000,0
1531160566789,1531160566784,19347558,0.00000532,10324.00000000,0
1531160567292,1531160567288,19347559,0.00000532,4773.00000000,0
1531160567784,1531160567780,19347560,0.00000532,3275.00000000,0
1531160568775,1531160568772,19347561,0.00000532,8048.00000000,0
1531160569786,1531160569781,19347562,0.00000532,4054.00000000,0
1531160571405,1531160571402,19347563,0.00000531,1.00000000,1
1531160573419,1531160573417,19347564,0.00000533,41783.00000000,0
1531160573731,1531160573728,19347565,0.00000532,1000.00000000,1
1531160573788,1531160573783,19347566,0.00000532,997.00000000,0
1531160582481,1531160582478,19347567,0.00000532,12121.00000000,1
1531160589035,1531160589032,19347568,0.00000532,32391.00000000,1
1531160590892,1531160590888,19347569,0.00000532,25000.00000000,1
1531160592871,1531160592868,19347570,0.00000532,1068.00000000,1
1531160592927,1531160592922,19347571,0.00000532,1048.00000000,1
1531160601907,1531160601904,19347572,0.00000532,190.00000000,1
1531160602805,1531160602802,19347573,0.00000532,190.00000000,1
1531160602816,1531160602813,19347574,0.00000533,8623.00000000,0
1531160604938,1531160604934,19347575,0.00000533,110600.00000000,0
1531160607774,1531160607770,19347576,0.00000532,9516.00000000,1
1531160607912,1531160607908,19347577,0.00000532,15829.00000000,0
1531160618273,1531160618269,19347578,0.00000533,8393.00000000,0
1531160633202,1531160633200,19347579,0.00000533,53681.00000000,0
1531160633202,1531160633200,19347580,0.00000534,19942.00000000,0
1531160633843,1531160633840,19347581,0.00000534,1377.00000000,0
1531160635999,1531160635997,19347582,0.00000533,6482.00000000,1
1531160641422,1531160641418,19347583,0.00000533,33112.00000000,0
1531160650764,1531160650760,19347584,0.00000533,1140.00000000,1
1531160653825,1531160653821,19347585,0.00000534,1000.00000000,0
1531160655594,1531160655590,19347586,0.00000533,2189.00000000,1
1531160658653,1531160658650,19347587,0.00000533,48960.00000000,1
1531160662552,1531160662549,19347588,0.00000533,20185.00000000,1
1531160680063,1531160680059,19347589,0.00000533,30903.00000000,0
1531160680283,1531160680278,19347590,0.00000534,2123.00000000,0
1531160685560,1531160685557,19347591,0.00000533,33705.00000000,1
1531160685567,1531160685564,19347592,0.00000533,21571.00000000,0
1531160685581,1531160685578,19347593,0.00000533,33705.00000000,1
1531160693295,1531160693292,19347594,0.00000533,3279.00000000,1
1531160696385,1531160696381,19347595,0.00000533,374.00000000,0
1531160697101,1531160697096,19347596,0.00000532,45826.00000000,1
1531160713972,1531160713969,19347597,0.00000533,5912.00000000,0
1531160719267,1531160719263,19347598,0.00000532,1106.00000000,1
1531160722817,1531160722813,19347599,0.00000533,3822.00000000,0
1531160722817,1531160722813,19347600,0.00000534,6178.00000000,0
1531160723870,1531160723867,19347601,0.00000533,2866.00000000,1
1531160728728,1531160728724,19347602,0.00000533,6436.00000000,1
1531160732605,1531160732601,19347603,0.00000533,1.00000000,0
1531160752546,1531160752541,19347604,0.00000533,40275.00000000,0
1531160758143,1531160758139,19347605,0.00000533,2177.00000000,0
1531160760362,1531160760357,19347606,0.00000533,1000.00000000,0
1531160760432,1531160760428,19347607,0.00000532,370.00000000,1
1531160761228,1531160761225,19347608,0.00000533,2000.00000000,0
1531160766003,1531160766000,19347609,0.00000533,10.00000000,0
1531160773104,1531160773101,19347610,0.00000532,33119.00000000,1
1531160775703,1531160775698,19347611,0.00000533,3417.00000000,0
1531160775708,1531160775705,19347612,0.00000533,3417.00000000,0
1531160775709,1531160775706,19347613,0.00000533,1235.00000000,0
1531160786806,1531160786802,19347614,0.00000533,5668.00000000,1
1531160792808,1531160792804,19347615,0.00000533,26234.00000000,1
1531160792936,1531160792931,19347616,0.00000533,13131.00000000,0
1531160807138,1531160807133,19347617,0.00000533,1520.00000000,1
1531160814229,1531160814225,19347618,0.00000532,77336.00000000,1
1531160814262,1531160814258,19347619,0.00000533,31184.00000000,0
1531160843641,1531160843636,19347620,0.00000533,5620.00000000,1
1531160843979,1531160843976,19347621,0.00000533,25396.00000000,0
1531160844172,1531160844168,19347622,0.00000533,400.00000000,1
1531160844830,1531160844827,19347623,0.00000533,5220.00000000,1
1531160849932,1531160849929,19347624,0.00000534,408072.00000000,0
1531160856058,1531160856058,19347625,0.00000533,358.00000000,1
1531160856068,1531160856066,19347626,0.00000532,358.00000000,1
1531160856088,1531160856085,19347627,0.00000532,358.00000000,1
1531160861770,1531160861767,19347628,0.00000534,150000.00000000,0
1531160862226,1531160862216,19347629,0.00000534,85430.00000000,0
1531160862226,1531160862216,19347630,0.00000535,64570.00000000,0
1531160862819,1531160862816,19347631,0.00000535,10000.00000000,0
1531160862924,1531160862919,19347632,0.00000535,62387.00000000,0
1531160862924,1531160862919,19347633,0.00000536,87613.00000000,0
1531160863037,1531160863034,19347634,0.00000534,300.00000000,1
1531160863057,1531160863053,19347635,0.00000534,200.00000000,1
1531160863094,1531160863089,19347636,0.00000534,1784.00000000,1
1531160863860,1531160863856,19347637,0.00000534,2284.00000000,0
1531160864030,1531160864027,19347638,0.00000535,2000.00000000,0
1531160864952,1531160864948,19347639,0.00000535,14135.00000000,0
1531160864952,1531160864948,19347640,0.00000536,5865.00000000,0
1531160865236,1531160865232,19347641,0.00000534,1839.00000000,1
1531160871125,1531160871120,19347642,0.00000534,130721.00000000,1
1531160871878,1531160871874,19347643,0.00000534,15594.00000000,0
1531160875145,1531160875137,19347644,0.00000534,1839.00000000,0
1531160875145,1531160875137,19347645,0.00000535,10148.00000000,0
1531160875145,1531160875137,19347646,0.00000536,395495.00000000,0
1531160875811,1531160875808,19347647,0.00000534,1555.00000000,0
1531160879114,1531160879112,19347648,0.00000535,2792.00000000,1
1531160879127,1531160879125,19347649,0.00000535,249.00000000,1
1531160879856,1531160879851,19347650,0.00000535,400.00000000,1
1531160885233,1531160885229,19347651,0.00000534,20000.00000000,1
1531160897253,1531160897251,19347652,0.00000534,188.00000000,1
1531160898247,1531160898245,19347653,0.00000534,188.00000000,1
1531160899361,1531160899358,19347654,0.00000534,188.00000000,1
1531160910489,1531160910481,19347655,0.00000535,6134.00000000,0
1531160910489,1531160910481,19347656,0.00000536,215300.00000000,0
1531160910489,1531160910481,19347657,0.00000537,48375.00000000,0
1531160910511,1531160910507,19347658,0.00000537,42890.00000000,1
1531160910512,1531160910507,19347659,0.00000537,45330.00000000,1
1531160910551,1531160910547,19347660,0.00000537,1358.00000000,1
1531160910562,1531160910557,19347661,0.00000537,2767.00000000,1
1531160910594,1531160910591,19347662,0.00000537,5593.00000000,1
1531160910594,1531160910591,19347663,0.00000537,2169.00000000,1
1531160910598,1531160910594,19347664,0.00000537,16761.00000000,1
1531160910608,1531160910605,19347665,0.00000537,19357.00000000,1
1531160910621,1531160910618,19347666,0.00000534,24117.00000000,1
1531160937529,1531160937527,19347667,0.00000535,300.00000000,1
1531160940819,1531160940815,19347668,0.00000535,9320.00000000,0
1531160944461,1531160944457,19347669,0.00000536,30187.00000000,0
1531160945547,1531160945537,19347670,0.00000536,4660.00000000,0
1531160945547,1531160945537,19347671,0.00000537,100801.00000000,0
1531160945547,1531160945537,19347672,0.00000538,134072.00000000,0
1531160945970,1531160945964,19347673,0.00000536,7021.00000000,1
1531160946805,1531160946801,19347674,0.00000536,408.00000000,0
1531160947014,1531160947010,19347675,0.00000536,408.00000000,0
1531160947812,1531160947808,19347676,0.00000536,20655.00000000,0
1531160950017,1531160950013,19347677,0.00000536,2692.00000000,1
1531160953984,1531160953981,19347678,0.00000536,2926.00000000,0
1531160953984,1531160953982,19347679,0.00000536,2926.00000000,1
1531160963917,1531160963914,19347680,0.00000536,3143.00000000,0
1531160969984,1531160969980,19347681,0.00000536,9549.00000000,0
1531160970216,1531160970212,19347682,0.00000536,1539.00000000,1
1531160971016,1531160971013,19347683,0.00000536,165340.00000000,1
1531160972040,1531160972036,19347684,0.00000536,25631.00000000,1
1531160972995,1531160972993,19347685,0.00000536,3233.00000000,1
1531160979628,1531160979625,19347686,0.00000536,6742.00000000,0
1531160979629,1531160979625,19347687,0.00000537,117.00000000,0
1531160983743,1531160983739,19347688,0.00000537,500.00000000,0
1531160986100,1531160986094,19347689,0.00000536,26196.00000000,1
1531160986111,1531160986107,19347690,0.00000536,1736.00000000,1
1531160989525,1531160989522,19347691,0.00000536,5285.00000000,0
1531160990061,1531160990057,19347692,0.00000536,9640.00000000,1
1531160994858,1531160994853,19347693,0.00000536,1646.00000000,0
1531160998654,1531160998650,19347694,0.00000536,14885.00000000,0
1531161011238,1531161011234,19347695,0.00000536,373.00000000,1
1531161018162,1531161018158,19347696,0.00000536,11636.00000000,0
1531161027540,1531161027539,19347697,0.00000536,1637.00000000,0
1531161040876,1531161040874,19347698,0.00000536,3000.00000000,1
1531161045117,1531161045114,19347699,0.00000537,120000.00000000,0
1531161045212,1531161045209,19347700,0.00000536,33386.00000000,1
1531161045829,1531161045825,19347701,0.00000536,2514.00000000,0
1531161047348,1531161047345,19347702,0.00000536,1328.00000000,1
1531161051888,1531161051886,19347703,0.00000536,13766.00000000,1
1531161052486,1531161052483,19347704,0.00000536,1328.00000000,0
1531161060529,1531161060524,19347705,0.00000536,39410.00000000,1
1531161060546,1531161060542,19347706,0.00000536,31528.00000000,0
1531161060562,1531161060558,19347707,0.00000536,39410.00000000,1
1531161064329,1531161064326,19347708,0.00000536,2914.00000000,1
1531161064403,1531161064398,19347709,0.00000536,2909.00000000,1
1531161067376,1531161067372,19347710,0.00000536,398.00000000,1
1531161068020,1531161068016,19347711,0.00000536,28013.00000000,1
1531161068034,1531161068030,19347712,0.00000536,34292.00000000,0
1531161068050,1531161068046,19347713,0.00000536,28013.00000000,1
1531161068821,1531161068817,19347714,0.00000536,6221.00000000,0
1531161082663,1531161082659,19347715,0.00000536,22441.00000000,1
1531161083825,1531161083821,19347716,0.00000536,1846.00000000,1
1531161087084,1531161087081,19347717,0.00000536,10031.00000000,1
1531161087092,1531161087089,19347718,0.00000536,15715.00000000,0
1531161087101,1531161087096,19347719,0.00000536,10031.00000000,1
1531161090538,1531161090534,19347720,0.00000535,106.00000000,1
1531161096666,1531161096662,19347721,0.00000535,19695.00000000,1
1531161096701,1531161096696,19347722,0.00000536,1463.00000000,0
1531161104118,1531161104116,19347723,0.00000536,37096.00000000,0
1531161108312,1531161108309,19347724,0.00000535,1872.00000000,1
1531161110819,1531161110817,19347725,0.00000536,3830.00000000,0
1531161115801,1531161115798,19347726,0.00000536,454.00000000,1
1531161118869,1531161118868,19347727,0.00000536,8265.00000000,1
1531161120562,1531161120559,19347728,0.00000536,20066.00000000,1
1531161134228,1531161134224,19347729,0.00000535,30580.00000000,1
1531161134255,1531161134252,19347730,0.00000536,28414.00000000,0
1531161157102,1531161157098,19347731,0.00000536,26601.00000000,0
1531161173799,1531161173795,19347732,0.00000535,23.00000000,1
1531161183854,1531161183849,19347733,0.00000535,30290.00000000,1
1531161187579,1531161187575,19347734,0.00000536,500.00000000,0
1531161197880,1531161197874,19347735,0.00000536,9187.00000000,0
1531161197880,1531161197874,19347736,0.00000537,67190.00000000,0
1531161198005,1531161198001,19347737,0.00000537,94224.00000000,0
1531161203438,1531161203435,19347738,0.00000536,3.00000000,1
1531161213384,1531161213380,19347739,0.00000536,20000.00000000,1
1531161215482,1531161215477,19347740,0.00000536,531.00000000,1
1531161216573,1531161216569,19347741,0.00000536,60600.00000000,1
1531161218465,1531161218461,19347742,0.00000536,454.00000000,1
1531161219143,1531161219139,19347743,0.00000536,1307.00000000,1
1531161237280,1531161237277,19347744,0.00000537,651.00000000,0
1531161237682,1531161237680,19347745,0.00000536,189.00000000,1
1531161243956,1531161243953,19347746,0.00000537,8184.00000000,0
1531161243956,1531161243953,19347747,0.00000538,65690.00000000,0
1531161252169,1531161252165,19347748,0.00000536,188.00000000,1
1531161254293,1531161254288,19347749,0.00000537,2847.00000000,0
1531161255878,1531161255874,19347750,0.00000537,36381.00000000,1
1531161255894,1531161255891,19347751,0.00000536,722.00000000,1
1531161255894,1531161255891,19347752,0.00000535,35659.00000000,1
1531161255895,1531161255891,19347753,0.00000535,1578.00000000,1
1531161268300,1531161268296,19347754,0.00000536,9475.00000000,1
1531161268314,1531161268310,19347755,0.00000536,758.00000000,0
1531161268326,1531161268321,19347756,0.00000536,9475.00000000,1
1531161270600,1531161270600,19347757,0.00000536,19603.00000000,0
1531161270834,1531161270829,19347758,0.00000536,19.00000000,0
1531161272644,1531161272640,19347759,0.00000536,592.00000000,0
1531161273428,1531161273423,19347760,0.00000535,3563.00000000,1
1531161280079,1531161280076,19347761,0.00000535,500.00000000,1
1531161284516,1531161284512,19347762,0.00000536,35636.00000000,1
1531161284528,1531161284524,19347763,0.00000536,49177.00000000,0
1531161284535,1531161284530,19347764,0.00000536,35636.00000000,1
1531161293083,1531161293078,19347765,0.00000536,35463.00000000,1
1531161293113,1531161293109,19347766,0.00000536,34768.00000000,1
1531161298846,1531161298841,19347767,0.00000537,1010.00000000,0
1531161299962,1531161299957,19347768,0.00000537,334.00000000,0
1531161300164,1531161300161,19347769,0.00000536,2068.00000000,1
1531161300190,1531161300186,19347770,0.00000536,11786.00000000,0
1531161300838,1531161300834,19347771,0.00000536,21609.00000000,0
1531161309095,1531161309090,19347772,0.00000537,8656.00000000,0
1531161309095,1531161309090,19347773,0.00000538,132388.00000000,0
1531161309489,1531161309484,19347774,0.00000537,3327.00000000,0
1531161315156,1531161315150,19347775,0.00000536,2764.00000000,1
1531161318322,1531161318321,19347776,0.00000537,6737.00000000,0
1531161321738,1531161321734,19347777,0.00000537,10269.00000000,0
1531161322514,1531161322509,19347778,0.00000537,4372.00000000,0
1531161331115,1531161331110,19347779,0.00000537,38088.00000000,0
1531161332851,1531161332846,19347780,0.00000536,10000.00000000,1
1531161336129,1531161336126,19347781,0.00000537,19932.00000000,0
1531161353256,1531161353252,19347782,0.00000536,1465.00000000,1
1531161381717,1531161381712,19347783,0.00000536,5025.00000000,1
1531161388053,1531161388048,19347784,0.00000536,6143.00000000,1
1531161388053,1531161388048,19347785,0.00000535,3856.00000000,1
1531161392507,1531161392503,19347786,0.00000537,106.00000000,0
1531161393078,1531161393073,19347787,0.00000536,14331.00000000,1
1531161394379,1531161394375,19347788,0.00000536,940.00000000,1
1531161397055,1531161397049,19347789,0.00000536,1410.00000000,1
1531161397155,1531161397151,19347790,0.00000536,2227.00000000,0
1531161404224,1531161404219,19347791,0.00000535,89329.00000000,1
1531161404261,1531161404256,19347792,0.00000536,13044.00000000,0
1531161411638,1531161411634,19347793,0.00000536,4388.00000000,1
1531161422099,1531161422096,19347794,0.00000536,12293.00000000,0
1531161430654,1531161430650,19347795,0.00000536,4790.00000000,1
1531161432222,1531161432218,19347796,0.00000535,1000.00000000,1
1531161439258,1531161439255,19347797,0.00000536,1000.00000000,0
1531161441136,1531161441133,19347798,0.00000536,10891.00000000,0
1531161445094,1531161445089,19347799,0.00000536,110.00000000,1
1531161446090,1531161446087,19347800,0.00000536,5680.00000000,1
1531161446098,1531161446094,19347801,0.00000536,33742.00000000,0
1531161446114,1531161446109,19347802,0.00000536,5680.00000000,1
1531161447166,1531161447162,19347803,0.00000535,4251.00000000,1
1531161462648,1531161462644,19347804,0.00000535,11375.00000000,1
1531161471356,1531161471352,19347805,0.00000535,31461.00000000,1
1531161477942,1531161477937,19347806,0.00000535,9984.00000000,1
1531161489917,1531161489913,19347807,0.00000535,1619.00000000,1
1531161495539,1531161495533,19347808,0.00000535,3775.00000000,1
1531161495942,1531161495938,19347809,0.00000535,33841.00000000,1
1531161517339,1531161517337,19347810,0.00000535,213.00000000,1
1531161519283,1531161519279,19347811,0.00000535,187.00000000,1
1531161521012,1531161521008,19347812,0.00000535,1000.00000000,1
1531161523784,1531161523779,19347813,0.00000535,4416.00000000,1
1531161523784,1531161523779,19347814,0.00000535,1990.00000000,1
1531161525251,1531161525248,19347815,0.00000535,8513.00000000,1
1531161529663,1531161529659,19347816,0.00000536,3.00000000,0
1531161534301,1531161534295,19347817,0.00000535,2509.00000000,1
1531161546594,1531161546591,19347818,0.00000535,593.00000000,1
1531161546859,1531161546854,19347819,0.00000535,63343.00000000,0
1531161554850,1531161554846,19347820,0.00000534,277.00000000,1
1531161556894,1531161556853,19347821,0.00000535,31440.00000000,0
1531161562827,1531161562821,19347822,0.00000535,7665.00000000,1
1531161577660,1531161577656,19347823,0.00000535,27597.00000000,0
1531161585348,1531161585344,19347824,0.00000535,37981.00000000,1
1531161585360,1531161585356,19347825,0.00000535,60769.00000000,0
1531161585373,1531161585369,19347826,0.00000535,37981.00000000,1
1531161589830,1531161589827,19347827,0.00000535,16709.00000000,1
1531161622531,1531161622526,19347828,0.00000535,35780.00000000,1
1531161622566,1531161622561,19347829,0.00000535,418.00000000,0
1531161622571,1531161622567,19347830,0.00000535,418.00000000,0
1531161622571,1531161622567,19347831,0.00000535,418.00000000,0
1531161622832,1531161622830,19347832,0.00000535,124.00000000,0
1531161624109,1531161624107,19347833,0.00000535,4642.00000000,1
1531161624151,1531161624147,19347834,0.00000535,1447.00000000,0
1531161624211,1531161624207,19347835,0.00000535,2232.00000000,0
1531161624216,1531161624211,19347836,0.00000535,20061.00000000,0
1531161624221,1531161624216,19347837,0.00000535,12868.00000000,0
1531161642072,1531161642066,19347838,0.00000535,370.00000000,1
1531161646037,1531161646033,19347839,0.00000536,344.00000000,0
1531161646801,1531161646797,19347840,0.00000535,6848.00000000,1
1531161646827,1531161646824,19347841,0.00000535,1498.00000000,0
1531161646841,1531161646838,19347842,0.00000535,2229.00000000,0
1531161646844,1531161646839,19347843,0.00000535,2232.00000000,0
1531161646854,1531161646850,19347844,0.00000535,1359.00000000,0
1531161647154,1531161647150,19347845,0.00000535,27224.00000000,0
1531161647845,1531161647840,19347846,0.00000535,14166.00000000,1
1531161654115,1531161654111,19347847,0.00000535,1117.00000000,0
1531161654164,1531161654160,19347848,0.00000535,1049.00000000,0
1531161663393,1531161663388,19347849,0.00000534,51776.00000000,1
1531161665553,1531161665548,19347850,0.00000535,3441.00000000,0
1531161665841,1531161665836,19347851,0.00000535,15720.00000000,1
1531161677862,1531161677858,19347852,0.00000535,39057.00000000,1
1531161682030,1531161682028,19347853,0.00000535,46498.00000000,0
1531161684836,1531161684832,19347854,0.00000535,23216.00000000,1
1531161694832,1531161694827,19347855,0.00000535,9692.00000000,1
1531161699833,1531161699829,19347856,0.00000535,20051.00000000,1
1531161704186,1531161704182,19347857,0.00000535,17755.00000000,0
1531161708835,1531161708830,19347858,0.00000535,37123.00000000,1
1531161715838,1531161715836,19347859,0.00000535,187.00000000,1
1531161725593,1531161725587,19347860,0.00000535,1238.00000000,0
1531161728702,1531161728700,19347861,0.00000535,874.00000000,1
1531161728846,1531161728841,19347862,0.00000535,21104.00000000,1
1531161742372,1531161742368,19347863,0.00000535,29501.00000000,1
1531161742381,1531161742378,19347864,0.00000535,44251.00000000,0
1531161742391,1531161742387,19347865,0.00000535,29501.00000000,1
1531161747050,1531161747046,19347866,0.00000534,47394.00000000,1
1531161752830,1531161752825,19347867,0.00000535,367.00000000,0
1531161752830,1531161752825,19347868,0.00000536,567.00000000,0
1531161759836,1531161759832,19347869,0.00000535,5199.00000000,1
1531161763835,1531161763831,19347870,0.00000535,15157.00000000,1
1531161767368,1531161767362,19347871,0.00000535,1731.00000000,1
1531161768112,1531161768107,19347872,0.00000535,22871.00000000,1
1531161768142,1531161768137,19347873,0.00000535,13791.00000000,1
1531161783324,1531161783321,19347874,0.00000534,42615.00000000,1
1531161784817,1531161784814,19347875,0.00000535,5543.00000000,0
1531161790250,1531161790245,19347876,0.00000536,13567.00000000,0
1531161811142,1531161811137,19347877,0.00000536,14127.00000000,0
1531161812154,1531161812149,19347878,0.00000536,95108.00000000,0
1531161812637,1531161812632,19347879,0.00000536,14127.00000000,0
1531161813636,1531161813631,19347880,0.00000536,6937.00000000,0
1531161814779,1531161814775,19347881,0.00000535,25367.00000000,1
1531161819299,1531161819295,19347882,0.00000535,367.00000000,1
1531161834557,1531161834553,19347883,0.00000535,32058.00000000,1
1531161842137,1531161842134,19347884,0.00000536,45314.00000000,0
1531161842137,1531161842134,19347885,0.00000537,4686.00000000,0
1531161842869,1531161842866,19347886,0.00000536,6937.00000000,1
1531161843542,1531161843541,19347887,0.00000536,12298.00000000,1
1531161848871,1531161848867,19347888,0.00000536,30060.00000000,1
1531161862029,1531161862026,19347889,0.00000535,46798.00000000,1
1531161862056,1531161862050,19347890,0.00000536,16956.00000000,0
1531161863491,1531161863487,19347891,0.00000537,20000.00000000,0
1531161868478,1531161868473,19347892,0.00000536,34942.00000000,0
1531161870589,1531161870585,19347893,0.00000536,6.00000000,0
1531161870856,1531161870853,19347894,0.00000536,34942.00000000,1
1531161871855,1531161871851,19347895,0.00000536,8500.00000000,1
1531161886167,1531161886162,19347896,0.00000536,13000.00000000,0
1531161892386,1531161892380,19347897,0.00000535,51071.00000000,1
1531161892403,1531161892399,19347898,0.00000536,28061.00000000,0
1531161896872,1531161896868,19347899,0.00000536,2863.00000000,1
1531161900113,1531161900108,19347900,0.00000535,51071.00000000,1
1531161906363,1531161906359,19347901,0.00000535,4.00000000,1
1531161906427,1531161906423,19347902,0.00000536,2226.00000000,0
1531161907078,1531161907076,19347903,0.00000536,4503.00000000,0
1531161907861,1531161907857,19347904,0.00000536,2223.00000000,1
1531161916862,1531161916857,19347905,0.00000536,9407.00000000,1
1531161917619,1531161917614,19347906,0.00000536,20011.00000000,0
1531161917643,1531161917639,19347907,0.00000536,20036.00000000,0
1531161917724,1531161917719,19347908,0.00000536,394.00000000,0
1531161917958,1531161917954,19347909,0.00000536,56906.00000000,0
1531161918857,1531161918853,19347910,0.00000535,86948.00000000,1
1531161918876,1531161918872,19347911,0.00000535,49436.00000000,1
1531161920865,1531161920863,19347912,0.00000535,71050.00000000,1
1531161920890,1531161920887,19347913,0.00000535,17479.00000000,1
1531161921742,1531161921738,19347914,0.00000536,59619.00000000,0
1531161921999,1531161921994,19347915,0.00000535,2246.00000000,0
1531161922012,1531161922007,19347916,0.00000535,2211.00000000,0
1531161922026,1531161922021,19347917,0.00000535,2214.00000000,0
1531161922078,1531161922072,19347918,0.00000535,2214.00000000,0
1531161922082,1531161922078,19347919,0.00000535,1883.00000000,0
1531161928548,1531161928544,19347920,0.00000535,8953.00000000,0
1531161928597,1531161928591,19347921,0.00000535,2016.00000000,1
1531161928654,1531161928650,19347922,0.00000535,2212.00000000,1
1531161928849,1531161928845,19347923,0.00000535,5740.00000000,1
1531161932857,1531161932853,19347924,0.00000535,7483.00000000,1
1531161939847,1531161939843,19347925,0.00000535,1526.00000000,1
1531161945512,1531161945507,19347926,0.00000536,657.00000000,0
1531161952468,1531161952464,19347927,0.00000535,33690.00000000,1
1531161953443,1531161953439,19347928,0.00000536,144.00000000,0
1531161957463,1531161957461,19347929,0.00000536,772.00000000,0
1531161960913,1531161960909,19347930,0.00000535,38810.00000000,1
1531161967476,1531161967472,19347931,0.00000536,30481.00000000,0
1531161972778,1531161972775,19347932,0.00000535,31011.00000000,1
1531161978626,1531161978621,19347933,0.00000535,14306.00000000,1
1531161978666,1531161978665,19347934,0.00000535,14846.00000000,0
1531161978694,1531161978691,19347935,0.00000535,6692.00000000,0
1531161981782,1531161981778,19347936,0.00000535,7577.00000000,0
1531161984702,1531161984697,19347937,0.00000535,1895.00000000,0
1531161987364,1531161987360,19347938,0.00000535,473.00000000,0
1531161988427,1531161988423,19347939,0.00000535,158.00000000,0
1531162017938,1531162017934,19347940,0.00000535,289.00000000,0
1531162023936,1531162023932,19347941,0.00000534,1211.00000000,1
1531162070280,1531162070275,19347942,0.00000534,127281.00000000,1
1531162099920,1531162099914,19347943,0.00000534,24646.00000000,1
1531162100526,1531162100522,19347944,0.00000534,1536.00000000,1
1531162110665,1531162110660,19347945,0.00000534,18484.00000000,1
1531162115580,1531162115577,19347946,0.00000534,10950.00000000,1
1531162115580,1531162115577,19347947,0.00000533,2913.00000000,1
1531162118815,1531162118811,19347948,0.00000533,32.00000000,1
1531162119902,1531162119897,19347949,0.00000534,2343.00000000,1
1531162119902,1531162119897,19347950,0.00000533,8054.00000000,1
1531162120116,1531162120111,19347951,0.00000534,2413.00000000,0
1531162120133,1531162120132,19347952,0.00000534,2413.00000000,0
1531162120444,1531162120440,19347953,0.00000534,2428.00000000,0
1531162120659,1531162120657,19347954,0.00000534,2217.00000000,0
1531162121668,1531162121664,19347955,0.00000534,18349.00000000,1
1531162121669,1531162121665,19347956,0.00000534,3145.00000000,0
1531162130683,1531162130677,19347957,0.00000534,5028.00000000,1
1531162130683,1531162130677,19347958,0.00000533,26166.00000000,1
1531162136033,1531162136030,19347959,0.00000534,2500.00000000,1
1531162138901,1531162138897,19347960,0.00000535,1815.00000000,0
1531162146122,1531162146118,19347961,0.00000534,10.00000000,1
1531162174044,1531162174039,19347962,0.00000534,10000.00000000,1
1531162175169,1531162175165,19347963,0.00000534,1494.00000000,1
1531162186186,1531162186182,19347964,0.00000534,1000.00000000,1
1531162192804,1531162192799,19347965,0.00000534,13103.00000000,1
1531162194833,1531162194827,19347966,0.00000535,107.00000000,0
1531162198796,1531162198792,19347967,0.00000534,2733.00000000,1
1531162201805,1531162201801,19347968,0.00000533,20621.00000000,1
1531162204074,1531162204070,19347969,0.00000534,383.00000000,0
1531162208335,1531162208330,19347970,0.00000534,265.00000000,0
1531162210670,1531162210666,19347971,0.00000535,1000.00000000,0
1531162218554,1531162218549,19347972,0.00000535,187.00000000,0
1531162248448,1531162248445,19347973,0.00000535,358.00000000,0
1531162259444,1531162259439,19347974,0.00000534,11626.00000000,1
1531162259444,1531162259439,19347975,0.00000533,7212.00000000,1
1531162266865,1531162266860,19347976,0.00000534,9917.00000000,1
1531162270168,1531162270163,19347977,0.00000534,8722.00000000,1
1531162270205,1531162270202,19347978,0.00000534,4557.00000000,0
1531162270226,1531162270220,19347979,0.00000534,4562.00000000,0
1531162270253,1531162270247,19347980,0.00000534,2237.00000000,0
1531162270261,1531162270257,19347981,0.00000534,2233.00000000,0
1531162270477,1531162270472,19347982,0.00000534,6729.00000000,0
1531162270496,1531162270492,19347983,0.00000534,6270.00000000,0
1531162296269,1531162296264,19347984,0.00000534,45969.00000000,1
1531162296314,1531162296312,19347985,0.00000534,8963.00000000,0
1531162296321,1531162296315,19347986,0.00000534,9.00000000,0
1531162299484,1531162299480,19347987,0.00000534,286.00000000,0
1531162300112,1531162300107,19347988,0.00000534,13233.00000000,0
1531162310680,1531162310676,19347989,0.00000534,10361.00000000,1
1531162312894,1531162312890,19347990,0.00000534,1000.00000000,1
1531162313305,1531162313301,19347991,0.00000534,20273.00000000,1
1531162313334,1531162313330,19347992,0.00000534,11350.00000000,0
1531162315957,1531162315952,19347993,0.00000534,11.00000000,0
1531162315957,1531162315952,19347994,0.00000535,100309.00000000,0
1531162316064,1531162316062,19347995,0.00000534,3134.00000000,0
1531162322079,1531162322075,19347996,0.00000534,628.00000000,0
1531162327848,1531162327844,19347997,0.00000534,8140.00000000,1
1531162365881,1531162365877,19347998,0.00000534,67035.00000000,1
1531162374184,1531162374179,19347999,0.00000534,107.00000000,1
1531162390487,1531162390482,19348000,0.00000534,778.00000000,1
1531162404543,1531162404538,19348001,0.00000535,3980.00000000,0
1531162407175,1531162407171,19348002,0.00000534,15000.00000000,1
1531162417091,1531162417086,19348003,0.00000535,340.00000000,0
1531162417296,1531162417291,19348004,0.00000534,10000.00000000,1
1531162418514,1531162418508,19348005,0.00000535,1498.00000000,0
1531162418530,1531162418526,19348006,0.00000535,1500.00000000,0
1531162449666,1531162449663,19348007,0.00000535,11916.00000000,0
1531162451587,1531162451584,19348008,0.00000535,4239.00000000,0
1531162452178,1531162452174,19348009,0.00000535,11732.00000000,0
1531162452774,1531162452770,19348010,0.00000535,5863.00000000,0
1531162453367,1531162453366,19348011,0.00000535,2930.00000000,0
1531162453996,1531162453993,19348012,0.00000535,1464.00000000,0
1531162454662,1531162454659,19348013,0.00000535,463.00000000,0
1531162455610,1531162455605,19348014,0.00000535,462.00000000,0
1531162483884,1531162483879,19348015,0.00000534,1569.00000000,1
1531162491724,1531162491720,19348016,0.00000535,2232.00000000,0
1531162494161,1531162494157,19348017,0.00000535,6.00000000,0
1531162496132,1531162496126,19348018,0.00000535,6691.00000000,0
1531162496384,1531162496380,19348019,0.00000535,12879.00000000,0
1531162522118,1531162522113,19348020,0.00000535,26428.00000000,0
1531162526843,1531162526839,19348021,0.00000535,15000.00000000,0
1531162527883,1531162527882,19348022,0.00000535,20000.00000000,0
1531162548085,1531162548079,19348023,0.00000535,1243.00000000,0
1531162580635,1531162580630,19348024,0.00000534,13828.00000000,1
1531162590217,1531162590212,19348025,0.00000535,300.00000000,0
1531162593903,1531162593898,19348026,0.00000535,500.00000000,0
1531162596280,1531162596275,19348027,0.00000535,809.00000000,0
1531162611157,1531162611151,19348028,0.00000535,809.00000000,0
1531162614051,1531162614046,19348029,0.00000535,809.00000000,0
1531162618503,1531162618498,19348030,0.00000535,809.00000000,0
1531162621605,1531162621600,19348031,0.00000535,809.00000000,0
1531162629986,1531162629981,19348032,0.00000535,809.00000000,0
1531162636657,1531162636652,19348033,0.00000535,607.00000000,0
1531162639410,1531162639406,19348034,0.00000535,809.00000000,0
1531162656383,1531162656381,19348035,0.00000535,6723.00000000,0
1531162664024,1531162664019,19348036,0.00000535,3061.00000000,0
1531162667193,1531162667187,19348037,0.00000534,5461.00000000,1
1531162670485,1531162670482,19348038,0.00000535,198.00000000,0
1531162681615,1531162681610,19348039,0.00000535,37383.00000000,0
1531162690601,1531162690597,19348040,0.00000535,200.00000000,0
1531162691428,1531162691422,19348041,0.00000535,2230.00000000,0
1531162691535,1531162691532,19348042,0.00000535,10952.00000000,0
1531162715317,1531162715311,19348043,0.00000534,5753.00000000,1
1531162721961,1531162721957,19348044,0.00000535,1535.00000000,0
1531162726894,1531162726888,19348045,0.00000535,248.00000000,0
1531162738475,1531162738470,19348046,0.00000535,5042.00000000,0
1531162766993,1531162766988,19348047,0.00000534,100001.00000000,1
1531162783598,1531162783596,19348048,0.00000535,1018.00000000,0
1531162785077,1531162785071,19348049,0.00000535,500.00000000,0
1531162802635,1531162802629,19348050,0.00000535,5000.00000000,0
1531162805666,1531162805660,19348051,0.00000535,23416.00000000,0
1531162819004,1531162818996,19348052,0.00000534,42286.00000000,1
1531162831933,1531162831926,19348053,0.00000534,30000.00000000,1
1531162837045,1531162837040,19348054,0.00000535,32323.00000000,0
1531162840325,1531162840320,19348055,0.00000535,26.00000000,0
1531162856845,1531162856839,19348056,0.00000534,35612.00000000,1
1531162862233,1531162862228,19348057,0.00000535,205.00000000,0
1531162865618,1531162865612,19348058,0.00000535,25.00000000,0
1531162871122,1531162871117,19348059,0.00000534,18513.00000000,1
1531162884106,1531162884105,19348060,0.00000535,6693.00000000,0
1531162884354,1531162884348,19348061,0.00000535,29722.00000000,0
1531162891629,1531162891623,19348062,0.00000535,21378.00000000,0
1531162891710,1531162891704,19348063,0.00000534,500.00000000,1
1531162903138,1531162903133,19348064,0.00000535,500.00000000,0
1531162906372,1531162906365,19348065,0.00000535,40555.00000000,0
1531162911994,1531162911990,19348066,0.00000534,5.00000000,1
1531162914487,1531162914482,19348067,0.00000534,5.00000000,1
1531162915107,1531162915105,19348068,0.00000535,250.00000000,0
1531162916819,1531162916813,19348069,0.00000534,9.00000000,1
1531162918643,1531162918638,19348070,0.00000534,8000.00000000,1
1531162919407,1531162919402,19348071,0.00000534,10.00000000,1
1531162922017,1531162922012,19348072,0.00000534,10.00000000,1
1531162925094,1531162925089,19348073,0.00000535,51012.00000000,0
1531162925191,1531162925187,19348074,0.00000534,9.00000000,1
1531162927691,1531162927686,19348075,0.00000534,10000.00000000,1
1531162927947,1531162927941,19348076,0.00000534,9.00000000,1
1531162930906,1531162930900,19348077,0.00000534,11.00000000,1
1531162933523,1531162933518,19348078,0.00000534,9.00000000,1
1531162935723,1531162935720,19348079,0.00000534,10000.00000000,1
1531162936384,1531162936378,19348080,0.00000534,7.00000000,1
1531162939300,1531162939294,19348081,0.00000534,10.00000000,1
1531162942204,1531162942198,19348082,0.00000534,10.00000000,1
1531162943594,1531162943589,19348083,0.00000535,48113.00000000,0
1531162945124,1531162945119,19348084,0.00000534,7932.00000000,1
1531162946608,1531162946602,19348085,0.00000534,14.00000000,1
1531162948463,1531162948458,19348086,0.00000534,2.00000000,1
1531162949273,1531162949268,19348087,0.00000535,1000.00000000,0
1531162952528,1531162952523,19348088,0.00000534,3.00000000,1
1531162952870,1531162952864,19348089,0.00000534,7000.00000000,1
1531162955365,1531162955360,19348090,0.00000534,4.00000000,1
1531162958289,1531162958284,19348091,0.00000534,7.00000000,1
1531162964572,1531162964567,19348092,0.00000534,42079.00000000,1
1531162967767,1531162967762,19348093,0.00000534,6.00000000,1
1531162970998,1531162970994,19348094,0.00000534,9.00000000,1
1531162974242,1531162974237,19348095,0.00000534,8.00000000,1
1531162976011,1531162976006,19348096,0.00000535,2232.00000000,0
1531162976194,1531162976189,19348097,0.00000535,6055.00000000,0
1531162976852,1531162976849,19348098,0.00000534,9.00000000,1
1531162981114,1531162981108,19348099,0.00000534,12.00000000,1
1531162983758,1531162983753,19348100,0.00000535,39170.00000000,0
1531162984859,1531162984854,19348101,0.00000534,10.00000000,1
1531162989643,1531162989637,19348102,0.00000534,11.00000000,1
1531162993830,1531162993824,19348103,0.00000534,1998.00000000,1
1531162993932,1531162993927,19348104,0.00000534,7.00000000,1
1531162997182,1531162997178,19348105,0.00000534,9.00000000,1
1531162998713,1531162998707,19348106,0.00000534,33009.00000000,1
1531163000190,1531163000185,19348107,0.00000534,8.00000000,1
1531163003259,1531163003254,19348108,0.00000534,63101.00000000,1
1531163009146,1531163009141,19348109,0.00000534,9.00000000,1
1531163011939,1531163011933,19348110,0.00000535,27973.00000000,0
1531163013313,1531163013307,19348111,0.00000534,12.00000000,1
1531163017849,1531163017845,19348112,0.00000534,13.00000000,1
1531163027010,1531163027004,19348113,0.00000535,22482.00000000,0
1531163035285,1531163035279,19348114,0.00000535,1365.00000000,0
1531163036204,1531163036199,19348115,0.00000535,1087.00000000,0
1531163036246,1531163036240,19348116,0.00000535,445.00000000,0
1531163040930,1531163040924,19348117,0.00000534,32019.00000000,1
1531163051088,1531163051083,19348118,0.00000534,24975.00000000,1
1531163053206,1531163053203,19348119,0.00000534,32897.00000000,1
1531163056333,1531163056327,19348120,0.00000534,11.00000000,1
1531163061791,1531163061786,19348121,0.00000534,11.00000000,1
1531163073896,1531163073892,19348122,0.00000534,31107.00000000,1
1531163078614,1531163078607,19348123,0.00000535,1869.00000000,0
1531163080199,1531163080192,19348124,0.00000535,120000.00000000,0
1531163080521,1531163080515,19348125,0.00000535,135000.00000000,0
1531163085565,1531163085561,19348126,0.00000535,13571.00000000,0
1531163090400,1531163090395,19348127,0.00000534,31183.00000000,1
1531163104293,1531163104290,19348128,0.00000534,50327.00000000,1
1531163122128,1531163122121,19348129,0.00000535,19929.00000000,0
1531163134493,1531163134488,19348130,0.00000534,17492.00000000,1
1531163149466,1531163149461,19348131,0.00000534,5.00000000,1
1531163149693,1531163149689,19348132,0.00000535,26990.00000000,0
1531163152015,1531163152010,19348133,0.00000534,8.00000000,1
1531163154733,1531163154729,19348134,0.00000534,8.00000000,1
1531163158359,1531163158357,19348135,0.00000534,11.00000000,1
1531163158375,1531163158370,19348136,0.00000535,5.00000000,0
1531163160417,1531163160413,19348137,0.00000535,45.00000000,0
1531163162305,1531163162299,19348138,0.00000534,13.00000000,1
1531163163599,1531163163594,19348139,0.00000534,26166.00000000,1
1531163166193,1531163166187,19348140,0.00000534,10.00000000,1
1531163170039,1531163170034,19348141,0.00000534,12.00000000,1
1531163170613,1531163170607,19348142,0.00000535,48035.00000000,0
1531163174292,1531163174288,19348143,0.00000534,10.00000000,1
1531163177936,1531163177932,19348144,0.00000535,4500.00000000,0
1531163178024,1531163178019,19348145,0.00000534,11.00000000,1
1531163181697,1531163181693,19348146,0.00000534,12.00000000,1
1531163182901,1531163182898,19348147,0.00000535,5494.00000000,0
1531163184029,1531163184024,19348148,0.00000534,5.00000000,1
1531163184047,1531163184042,19348149,0.00000534,18337.00000000,1
1531163187050,1531163187044,19348150,0.00000534,5.00000000,1
1531163189894,1531163189888,19348151,0.00000534,7.00000000,1
1531163203072,1531163203065,19348152,0.00000535,1.00000000,0
1531163205678,1531163205672,19348153,0.00000535,36527.00000000,0
1531163227292,1531163227286,19348154,0.00000534,49365.00000000,1
1531163235725,1531163235720,19348155,0.00000535,1600.00000000,0
1531163236673,1531163236667,19348156,0.00000534,1046.00000000,1
1531163242461,1531163242455,19348157,0.00000534,37345.00000000,1
1531163243964,1531163243959,19348158,0.00000535,14400.00000000,0
1531163244435,1531163244429,19348159,0.00000534,23493.00000000,1
1531163245795,1531163245789,19348160,0.00000535,35.00000000,0
1531163259597,1531163259593,19348161,0.00000534,18347.00000000,1
1531163269318,1531163269313,19348162,0.00000534,1200.00000000,1
1531163269867,1531163269862,19348163,0.00000534,1200.00000000,1
1531163277672,1531163277666,19348164,0.00000535,29150.00000000,0
1531163294243,1531163294238,19348165,0.00000534,29340.00000000,1
1531163309750,1531163309746,19348166,0.00000534,20018.00000000,1
1531163319435,1531163319429,19348167,0.00000534,1000.00000000,1
1531163322012,1531163322005,19348168,0.00000534,28667.00000000,1
1531163326378,1531163326371,19348169,0.00000534,9.00000000,1
1531163338228,1531163338222,19348170,0.00000534,6247.00000000,1
1531163342972,1531163342967,19348171,0.00000534,1090.00000000,1
1531163352055,1531163352050,19348172,0.00000534,8994.00000000,1
1531163365316,1531163365311,19348173,0.00000535,3.00000000,0
1531163366097,1531163366092,19348174,0.00000535,25093.00000000,0
1531163368216,1531163368213,19348175,0.00000535,438.00000000,0
1531163375300,1531163375295,19348176,0.00000535,47262.00000000,0
1531163385066,1531163385060,19348177,0.00000535,25187.00000000,0
1531163385769,1531163385764,19348178,0.00000535,16344.00000000,0
1531163391570,1531163391565,19348179,0.00000535,806.00000000,0
1531163404245,1531163404240,19348180,0.00000534,4.00000000,1
1531163408184,1531163408177,19348181,0.00000534,3400.00000000,1
1531163409078,1531163409071,19348182,0.00000534,5.00000000,1
1531163412050,1531163412044,19348183,0.00000535,26369.00000000,0
1531163430198,1531163430192,19348184,0.00000534,17222.00000000,1
1531163438273,1531163438270,19348185,0.00000535,12640.00000000,0
1531163447250,1531163447243,19348186,0.00000534,22083.00000000,1
1531163450701,1531163450695,19348187,0.00000535,2755.00000000,0
1531163465302,1531163465297,19348188,0.00000534,2399.00000000,1
1531163473111,1531163473105,19348189,0.00000535,43500.00000000,0
1531163476161,1531163476155,19348190,0.00000535,13070.00000000,1
1531163482312,1531163482306,19348191,0.00000535,18926.00000000,1
1531163482347,1531163482340,19348192,0.00000534,18926.00000000,1
1531163485650,1531163485645,19348193,0.00000535,484.00000000,0
1531163487232,1531163487225,19348194,0.00000534,12312.00000000,1
1531163492109,1531163492104,19348195,0.00000535,3356.00000000,1
1531163498723,1531163498719,19348196,0.00000535,1900.00000000,1
1531163504400,1531163504392,19348197,0.00000534,46980.00000000,1
1531163504427,1531163504422,19348198,0.00000535,3356.00000000,0
1531163508895,1531163508889,19348199,0.00000535,500.00000000,1
1531163511523,1531163511516,19348200,0.00000536,1080.00000000,0
1531163511870,1531163511864,19348201,0.00000535,799.00000000,1
1531163512868,1531163512862,19348202,0.00000535,601.00000000,1
1531163512967,1531163512961,19348203,0.00000535,54610.00000000,0
1531163512975,1531163512970,19348204,0.00000535,601.00000000,1
1531163518709,1531163518703,19348205,0.00000534,35209.00000000,1
1531163518728,1531163518722,19348206,0.00000535,4655.00000000,0
1531163525519,1531163525515,19348207,0.00000535,601.00000000,1
1531163535248,1531163535243,19348208,0.00000534,35209.00000000,1
1531163569169,1531163569163,19348209,0.00000535,39400.00000000,0
1531163571483,1531163571477,19348210,0.00000535,20.00000000,1
1531163578126,1531163578121,19348211,0.00000536,20.00000000,0
1531163584419,1531163584413,19348212,0.00000535,580.00000000,1
1531163584419,1531163584413,19348213,0.00000534,914.00000000,1
1531163595467,1531163595463,19348214,0.00000535,260.00000000,0
1531163599867,1531163599861,19348215,0.00000536,106500.00000000,0
1531163600459,1531163600454,19348216,0.00000535,31331.00000000,1
1531163600478,1531163600475,19348217,0.00000535,238.00000000,0
1531163600494,1531163600491,19348218,0.00000535,21331.00000000,1
1531163601393,1531163601387,19348219,0.00000536,10000.00000000,0
1531163604532,1531163604527,19348220,0.00000536,2632.00000000,0
1531163609366,1531163609361,19348221,0.00000535,10390.00000000,1
1531163617464,1531163617458,19348222,0.00000535,640.00000000,1
1531163625028,1531163625021,19348223,0.00000535,26867.00000000,1
1531163625038,1531163625034,19348224,0.00000535,26867.00000000,0
1531163625046,1531163625042,19348225,0.00000535,26867.00000000,1
1531163634037,1531163634030,19348226,0.00000535,22606.00000000,1
1531163636331,1531163636326,19348227,0.00000535,2669.00000000,0
1531163638480,1531163638476,19348228,0.00000534,107.00000000,1
1531163639224,1531163639218,19348229,0.00000534,35723.00000000,1
1531163639246,1531163639240,19348230,0.00000535,23598.00000000,0
1531163652075,1531163652071,19348231,0.00000535,2669.00000000,1
1531163652093,1531163652087,19348232,0.00000534,35723.00000000,1
1531163662856,1531163662850,19348233,0.00000535,17738.00000000,0
1531163668880,1531163668875,19348234,0.00000535,4238.00000000,1
1531163674981,1531163674975,19348235,0.00000535,37736.00000000,1
1531163674992,1531163674987,19348236,0.00000535,24986.00000000,0
1531163675006,1531163675001,19348237,0.00000535,37335.00000000,1
1531163684088,1531163684082,19348238,0.00000535,649.00000000,1
1531163686801,1531163686795,19348239,0.00000535,6357.00000000,1
1531163686813,1531163686807,19348240,0.00000535,6393.00000000,0
1531163686828,1531163686823,19348241,0.00000535,6357.00000000,1
1531163689093,1531163689086,19348242,0.00000535,649.00000000,0
1531163692599,1531163692596,19348243,0.00000534,10350.00000000,1
1531163692829,1531163692824,19348244,0.00000535,503.00000000,0
1531163700615,1531163700608,19348245,0.00000535,37245.00000000,1
1531163703092,1531163703086,19348246,0.00000535,27234.00000000,0
1531163710162,1531163710156,19348247,0.00000535,299.00000000,0
1531163723078,1531163723073,19348248,0.00000535,699.00000000,1
1531163734302,1531163734297,19348249,0.00000535,199.00000000,1
1531163744803,1531163744797,19348250,0.00000535,83946.00000000,1
1531163752704,1531163752698,19348251,0.00000535,49691.00000000,1
1531163756250,1531163756244,19348252,0.00000535,4525.00000000,1
1531163756871,1531163756864,19348253,0.00000535,1439.00000000,1
1531163757101,1531163757096,19348254,0.00000535,3317.00000000,0
1531163758422,1531163758417,19348255,0.00000535,829.00000000,0
1531163765674,1531163765667,19348256,0.00000534,3882.00000000,1
1531163767563,1531163767561,19348257,0.00000534,197.00000000,1
1531163779125,1531163779119,19348258,0.00000535,3638.00000000,0
1531163784946,1531163784941,19348259,0.00000534,21956.00000000,1
1531163785093,1531163785087,19348260,0.00000535,11523.00000000,0
1531163795620,1531163795613,19348261,0.00000535,31988.00000000,1
1531163804706,1531163804703,19348262,0.00000535,27078.00000000,1
1531163804718,1531163804712,19348263,0.00000535,16246.00000000,0
1531163804735,1531163804732,19348264,0.00000535,27078.00000000,1
1531163809794,1531163809787,19348265,0.00000535,78684.00000000,1
1531163809820,1531163809813,19348266,0.00000535,31224.00000000,1
1531163814821,1531163814815,19348267,0.00000535,17561.00000000,1
1531163816962,1531163816955,19348268,0.00000535,32845.00000000,1
1531163816962,1531163816955,19348269,0.00000534,72595.00000000,1
1531163828997,1531163828993,19348270,0.00000535,18357.00000000,1
1531163829011,1531163829005,19348271,0.00000535,1101.00000000,0
1531163829023,1531163829017,19348272,0.00000535,18357.00000000,1
1531163832168,1531163832162,19348273,0.00000535,40067.00000000,1
1531163834796,1531163834789,19348274,0.00000535,50.00000000,0
1531163879279,1531163879273,19348275,0.00000534,85658.00000000,1
1531163879297,1531163879291,19348276,0.00000534,13413.00000000,0
1531163898617,1531163898611,19348277,0.00000535,454.00000000,0
1531163901138,1531163901132,19348278,0.00000534,902.00000000,1
1531163919974,1531163919968,19348279,0.00000534,10.00000000,1
1531163925029,1531163925022,19348280,0.00000534,3000.00000000,1
1531163933489,1531163933483,19348281,0.00000535,9347.00000000,0
1531163972127,1531163972121,19348282,0.00000535,2308.00000000,0
1531163973742,1531163973736,19348283,0.00000534,276.00000000,1
1531163985337,1531163985332,19348284,0.00000535,2331.00000000,0
1531163990460,1531163990454,19348285,0.00000535,111.00000000,0
1531163990985,1531163990978,19348286,0.00000534,81079.00000000,1
1531163996006,1531163996000,19348287,0.00000534,287.00000000,1
1531164003184,1531164003180,19348288,0.00000535,2000.00000000,0
1531164003188,1531164003183,19348289,0.00000535,2000.00000000,0
1531164003340,1531164003335,19348290,0.00000535,1162.00000000,0
1531164007225,1531164007215,19348291,0.00000534,40109.00000000,1
1531164007248,1531164007245,19348292,0.00000534,10846.00000000,0
1531164007259,1531164007254,19348293,0.00000534,8210.00000000,0
1531164007267,1531164007264,19348294,0.00000534,6968.00000000,0
1531164020095,1531164020090,19348295,0.00000534,1227.00000000,1
1531164031609,1531164031603,19348296,0.00000534,5086.00000000,1
1531164032945,1531164032940,19348297,0.00000534,8714.00000000,1
1531164060063,1531164060057,19348298,0.00000535,200.00000000,0
1531164082178,1531164082172,19348299,0.00000534,34002.00000000,1
1531164082201,1531164082198,19348300,0.00000534,28504.00000000,0
1531164105937,1531164105932,19348301,0.00000535,12663.00000000,0
1531164115282,1531164115275,19348302,0.00000534,20200.00000000,1
1531164121633,1531164121630,19348303,0.00000534,23525.00000000,1
1531164138511,1531164138505,19348304,0.00000535,45233.00000000,0
1531164157208,1531164157201,19348305,0.00000534,25943.00000000,1
1531164157223,1531164157219,19348306,0.00000534,28018.00000000,0
1531164157233,1531164157228,19348307,0.00000534,25943.00000000,1
1531164157266,1531164157261,19348308,0.00000535,6703.00000000,0
1531164157269,1531164157266,19348309,0.00000535,6698.00000000,0
1531164182601,1531164182595,19348310,0.00000535,9345.00000000,0
1531164200610,1531164200607,19348311,0.00000535,932.00000000,0
1531164252422,1531164252416,19348312,0.00000535,5022.00000000,0
1531164281982,1531164281976,19348313,0.00000535,13547.00000000,0
1531164281986,1531164281982,19348314,0.00000535,12283.00000000,0
1531164281989,1531164281984,19348315,0.00000535,12980.00000000,0
1531164282007,1531164282002,19348316,0.00000535,13045.00000000,0
1531164282191,1531164282188,19348317,0.00000535,22354.00000000,0
1531164282418,1531164282412,19348318,0.00000534,256.00000000,1
1531164287544,1531164287538,19348319,0.00000536,1.00000000,0
1531164307981,1531164307975,19348320,0.00000535,1284.00000000,1
1531164311080,1531164311075,19348321,0.00000535,10000.00000000,1
1531164333563,1531164333560,19348322,0.00000535,1730.00000000,1
1531164333749,1531164333742,19348323,0.00000535,40054.00000000,1
1531164333818,1531164333816,19348324,0.00000535,2229.00000000,0
1531164333881,1531164333879,19348325,0.00000535,7751.00000000,0
1531164346176,1531164346171,19348326,0.00000535,3835.00000000,1
1531164349178,1531164349172,19348327,0.00000535,4433.00000000,1
1531164366283,1531164366276,19348328,0.00000536,945.00000000,0
1531164381434,1531164381429,19348329,0.00000535,32998.00000000,1
1531164381444,1531164381440,19348330,0.00000535,257.00000000,0
1531164381456,1531164381451,19348331,0.00000535,12137.00000000,1
1531164389838,1531164389831,19348332,0.00000535,9120.00000000,1
1531164396033,1531164396027,19348333,0.00000535,28553.00000000,1
1531164414353,1531164414349,19348334,0.00000535,37476.00000000,1
1531164434455,1531164434450,19348335,0.00000535,28428.00000000,1
1531164434739,1531164434732,19348336,0.00000534,100000.00000000,1
1531164438163,1531164438157,19348337,0.00000536,106.00000000,0
1531164439704,1531164439699,19348338,0.00000535,11683.00000000,1
1531164439716,1531164439710,19348339,0.00000535,21263.00000000,0
1531164439728,1531164439724,19348340,0.00000535,11683.00000000,1
1531164446099,1531164446057,19348341,0.00000535,5850.00000000,1
1531164448557,1531164448553,19348342,0.00000535,19075.00000000,1
1531164448602,1531164448600,19348343,0.00000535,3799.00000000,0
1531164448608,1531164448603,19348344,0.00000535,1359.00000000,0
1531164448610,1531164448606,19348345,0.00000535,692.00000000,0
1531164449963,1531164449957,19348346,0.00000535,2000.00000000,1
1531164455178,1531164455175,19348347,0.00000535,22993.00000000,1
1531164455191,1531164455187,19348348,0.00000535,7306.00000000,0
1531164455201,1531164455196,19348349,0.00000535,22993.00000000,1
1531164455497,1531164455492,19348350,0.00000535,1442.00000000,0
1531164465612,1531164465609,19348351,0.00000536,900.00000000,0
1531164467135,1531164467129,19348352,0.00000535,6377.00000000,1
1531164467147,1531164467143,19348353,0.00000535,2040.00000000,0
1531164467162,1531164467159,19348354,0.00000535,6377.00000000,1
1531164474408,1531164474405,19348355,0.00000535,8057.00000000,1
1531164477174,1531164477168,19348356,0.00000535,36030.00000000,1
1531164477204,1531164477197,19348357,0.00000535,168.00000000,0
1531164478197,1531164478190,19348358,0.00000536,1.00000000,0
1531164483382,1531164483376,19348359,0.00000535,18157.00000000,0
1531164490009,1531164490003,19348360,0.00000535,14529.00000000,1
1531164493387,1531164493380,19348361,0.00000536,106.00000000,0
1531164505010,1531164505005,19348362,0.00000535,4620.00000000,1
1531164505445,1531164505439,19348363,0.00000535,143.00000000,0
1531164506729,1531164506724,19348364,0.00000535,2095.00000000,0
1531164511151,1531164511147,19348365,0.00000535,14416.00000000,0
1531164511158,1531164511151,19348366,0.00000535,1.00000000,0
1531164511279,1531164511274,19348367,0.00000535,629.00000000,1
1531164511451,1531164511445,19348368,0.00000535,25897.00000000,1
1531164511451,1531164511445,19348369,0.00000534,124103.00000000,1
1531164511613,1531164511608,19348370,0.00000534,10000.00000000,1
1531164512797,1531164512791,19348371,0.00000535,5.00000000,1
1531164518911,1531164518905,19348372,0.00000535,22278.00000000,1
1531164518928,1531164518923,19348373,0.00000535,17385.00000000,0
1531164518941,1531164518935,19348374,0.00000535,22278.00000000,1
1531164520457,1531164520451,19348375,0.00000535,7557.00000000,1
1531164523913,1531164523908,19348376,0.00000535,7399.00000000,1
1531164523932,1531164523929,19348377,0.00000535,33879.00000000,0
1531164523949,1531164523943,19348378,0.00000535,7399.00000000,1
1531164534058,1531164534055,19348379,0.00000535,2042.00000000,0
1531164534379,1531164534373,19348380,0.00000535,5515.00000000,0
1531164539759,1531164539753,19348381,0.00000535,13987.00000000,1
1531164544768,1531164544761,19348382,0.00000535,1685.00000000,0
1531164549464,1531164549458,19348383,0.00000534,5133.00000000,1
1531164550034,1531164550027,19348384,0.00000535,2529.00000000,0
1531164569042,1531164569036,19348385,0.00000535,10710.00000000,0
1531164572518,1531164572513,19348386,0.00000535,5222.00000000,0
1531164573622,1531164573616,19348387,0.00000535,25902.00000000,0
1531164617066,1531164617061,19348388,0.00000534,9994.00000000,1
1531164617354,1531164617349,19348389,0.00000535,33630.00000000,0
1531164618797,1531164618790,19348390,0.00000535,15014.00000000,0
1531164618797,1531164618790,19348391,0.00000536,4986.00000000,0
1531164629834,1531164629827,19348392,0.00000535,6551.00000000,1
1531164629844,1531164629839,19348393,0.00000535,12839.00000000,0
1531164629863,1531164629858,19348394,0.00000535,6551.00000000,1
1531164630815,1531164630810,19348395,0.00000536,20000.00000000,0
1531164635810,1531164635804,19348396,0.00000535,1867.00000000,1
1531164638574,1531164638567,19348397,0.00000535,37857.00000000,1
1531164638594,1531164638588,19348398,0.00000535,20565.00000000,0
1531164638610,1531164638605,19348399,0.00000535,37857.00000000,1
1531164638650,1531164638645,19348400,0.00000534,2.00000000,1
1531164641961,1531164641956,19348401,0.00000534,568.00000000,1
1531164643521,1531164643517,19348402,0.00000535,22143.00000000,0
1531164646106,1531164646101,19348403,0.00000536,217.00000000,0
1531164647521,1531164647517,19348404,0.00000536,300000.00000000,0
1531164648572,1531164648567,19348405,0.00000536,5.00000000,0
1531164655229,1531164655223,19348406,0.00000535,32581.00000000,1
1531164655240,1531164655237,19348407,0.00000535,57423.00000000,0
1531164655256,1531164655251,19348408,0.00000535,32581.00000000,1
1531164655269,1531164655263,19348409,0.00000535,6367.00000000,0
1531164659288,1531164659282,19348410,0.00000536,1.00000000,0
1531164663063,1531164663060,19348411,0.00000535,315.00000000,1
1531164663206,1531164663200,19348412,0.00000535,9685.00000000,0
1531164674697,1531164674691,19348413,0.00000535,912.00000000,1
1531164674705,1531164674699,19348414,0.00000535,620.00000000,0
1531164674713,1531164674710,19348415,0.00000535,912.00000000,1
1531164679731,1531164679725,19348416,0.00000535,28878.00000000,1
1531164679738,1531164679732,19348417,0.00000535,11318.00000000,0
1531164679755,1531164679749,19348418,0.00000535,23370.00000000,1
1531164689877,1531164689871,19348419,0.00000535,5508.00000000,1
1531164690256,1531164690250,19348420,0.00000535,34688.00000000,0
1531164698055,1531164698049,19348421,0.00000535,31004.00000000,1
1531164698072,1531164698068,19348422,0.00000535,21082.00000000,0
1531164698082,1531164698077,19348423,0.00000535,31004.00000000,1
1531164699469,1531164699457,19348424,0.00000534,178654.00000000,1
1531164699469,1531164699457,19348425,0.00000533,206033.00000000,1
1531164699634,1531164699629,19348426,0.00000535,17460.00000000,0
1531164700266,1531164700261,19348427,0.00000535,34688.00000000,1
1531164700407,1531164700401,19348428,0.00000535,3350.00000000,1
1531164701528,1531164701523,19348429,0.00000535,20045.00000000,0
1531164701958,1531164701951,19348430,0.00000535,20064.00000000,0
1531164702218,1531164702217,19348431,0.00000535,21679.00000000,0
1531164708034,1531164708028,19348432,0.00000535,7195.00000000,1
1531164712142,1531164712132,19348433,0.00000536,77437.00000000,0
1531164712142,1531164712132,19348434,0.00000537,120858.00000000,0
1531164712165,1531164712160,19348435,0.00000537,52627.00000000,1
1531164712168,1531164712162,19348436,0.00000537,500.00000000,1
1531164712202,1531164712199,19348437,0.00000537,40488.00000000,1
1531164712207,1531164712205,19348438,0.00000537,8090.00000000,1
1531164712457,1531164712453,19348439,0.00000535,484.00000000,1
1531164712458,1531164712454,19348440,0.00000535,2000.00000000,0
1531164712511,1531164712505,19348441,0.00000535,331.00000000,0
1531164712541,1531164712534,19348442,0.00000535,331.00000000,0
1531164712688,1531164712684,19348443,0.00000535,6688.00000000,0
1531164712695,1531164712690,19348444,0.00000535,4750.00000000,0
1531164715606,1531164715600,19348445,0.00000536,1226.00000000,0
1531164723657,1531164723652,19348446,0.00000536,21457.00000000,0
1531164723657,1531164723652,19348447,0.00000537,98543.00000000,0
1531164723752,1531164723746,19348448,0.00000537,199.00000000,0
1531164724210,1531164724205,19348449,0.00000536,23950.00000000,1
1531164726434,1531164726432,19348450,0.00000537,33.00000000,0
1531164729218,1531164729213,19348451,0.00000536,6729.00000000,1
1531164742062,1531164742056,19348452,0.00000535,189.00000000,1
1531164742296,1531164742290,19348453,0.00000535,189.00000000,1
1531164743383,1531164743378,19348454,0.00000535,189.00000000,1
1531164743632,1531164743626,19348455,0.00000536,2223.00000000,0
1531164743652,1531164743651,19348456,0.00000536,9756.00000000,0
1531164756863,1531164756858,19348457,0.00000536,300.00000000,1
1531164757790,1531164757785,19348458,0.00000536,1923.00000000,1
1531164760805,1531164760799,19348459,0.00000535,57723.00000000,1
1531164761741,1531164761737,19348460,0.00000536,6352.00000000,0
1531164764474,1531164764471,19348461,0.00000536,189.00000000,1
1531164777046,1531164777041,19348462,0.00000536,199.00000000,1
1531164779717,1531164779712,19348463,0.00000537,30164.00000000,0
1531164799035,1531164799030,19348464,0.00000536,23842.00000000,1
1531164799045,1531164799039,19348465,0.00000536,4768.00000000,0
1531164799057,1531164799053,19348466,0.00000536,23842.00000000,1
1531164804450,1531164804444,19348467,0.00000536,506.00000000,0
1531164809214,1531164809209,19348468,0.00000536,2138.00000000,1
1531164811222,1531164811216,19348469,0.00000536,15039.00000000,1
1531164812001,1531164811995,19348470,0.00000536,20375.00000000,0
1531164827348,1531164827343,19348471,0.00000536,15218.00000000,1
1531164827365,1531164827360,19348472,0.00000536,608.00000000,0
1531164827375,1531164827370,19348473,0.00000536,15218.00000000,1
1531164830084,1531164830080,19348474,0.00000536,609.00000000,1
1531164833806,1531164833799,19348475,0.00000536,1866.00000000,1
1531164833839,1531164833837,19348476,0.00000536,3062.00000000,1
1531164853533,1531164853527,19348477,0.00000535,40455.00000000,1
1531164859609,1531164859604,19348478,0.00000536,2500.00000000,1
1531164865217,1531164865215,19348479,0.00000536,941.00000000,1
1531164875486,1531164875480,19348480,0.00000536,19208.00000000,1
1531164876197,1531164876192,19348481,0.00000536,18527.00000000,1
1531164876205,1531164876199,19348482,0.00000536,53169.00000000,0
1531164876217,1531164876211,19348483,0.00000536,18527.00000000,1
1531164883706,1531164883702,19348484,0.00000535,24223.00000000,1
1531164883733,1531164883728,19348485,0.00000536,20154.00000000,0
1531164885972,1531164885971,19348486,0.00000536,2225.00000000,1
1531164886099,1531164886094,19348487,0.00000537,7664.00000000,0
1531164894318,1531164894312,19348488,0.00000536,4353.00000000,1
1531164894930,1531164894924,19348489,0.00000536,11003.00000000,1
1531164894944,1531164894938,19348490,0.00000536,9520.00000000,0
1531164894959,1531164894952,19348491,0.00000536,11003.00000000,1
1531164894977,1531164894971,19348492,0.00000535,24223.00000000,1
1531164900488,1531164900483,19348493,0.00000536,353.00000000,1
1531164903584,1531164903576,19348494,0.00000536,374.00000000,1
1531164904231,1531164904225,19348495,0.00000536,2128.00000000,1
1531164913568,1531164913563,19348496,0.00000536,19357.00000000,1
1531164913582,1531164913577,19348497,0.00000536,3097.00000000,0
1531164913598,1531164913592,19348498,0.00000536,19357.00000000,1
1531164913607,1531164913606,19348499,0.00000536,3094.00000000,0
1531164913844,1531164913839,19348500,0.00000536,1257.00000000,0
1531164914638,1531164914631,19348501,0.00000536,4353.00000000,0
1531164915026,1531164915019,19348502,0.00000536,27460.00000000,0
1531164915028,1531164915021,19348503,0.00000536,72.00000000,0
1531164920644,1531164920639,19348504,0.00000536,106.00000000,0
1531164920678,1531164920676,19348505,0.00000536,13575.00000000,0
1531164923464,1531164923459,19348506,0.00000536,33440.00000000,0
1531164942589,1531164942585,19348507,0.00000536,29902.00000000,0
1531164942589,1531164942585,19348508,0.00000537,253648.00000000,0
1531164951340,1531164951335,19348509,0.00000536,26475.00000000,1
1531164951366,1531164951359,19348510,0.00000536,12852.00000000,1
1531164952721,1531164952715,19348511,0.00000537,1557.00000000,0
1531164960889,1531164960882,19348512,0.00000536,29014.00000000,1
1531164960911,1531164960906,19348513,0.00000536,26475.00000000,1
1531164962183,1531164962143,19348514,0.00000537,47407.00000000,0
1531164966908,1531164966902,19348515,0.00000536,29014.00000000,1
1531164977706,1531164977698,19348516,0.00000536,27.00000000,1
1531164993910,1531164993903,19348517,0.00000537,22771.00000000,0
1531165017134,1531165017131,19348518,0.00000536,1992.00000000,1
1531165017155,1531165017148,19348519,0.00000536,5831.00000000,1
1531165020066,1531165020060,19348520,0.00000537,72.00000000,0
1531165023704,1531165023699,19348521,0.00000537,1.00000000,0
1531165027616,1531165027610,19348522,0.00000537,4596.00000000,0
1531165051128,1531165051123,19348523,0.00000536,75.00000000,1
1531165056296,1531165056290,19348524,0.00000537,2107.00000000,0
1531165078243,1531165078239,19348525,0.00000536,978.00000000,1
1531165084608,1531165084602,19348526,0.00000536,10874.00000000,1
1531165086058,1531165086051,19348527,0.00000537,745.00000000,0
1531165092805,1531165092802,19348528,0.00000536,1478.00000000,1
1531165109507,1531165109501,19348529,0.00000536,20000.00000000,1
1531165120615,1531165120609,19348530,0.00000536,106.00000000,1
1531165126797,1531165126793,19348531,0.00000536,18612.00000000,1
1531165181682,1531165181677,19348532,0.00000536,943.00000000,1
1531165189831,1531165189826,19348533,0.00000536,316.00000000,1
1531165194265,1531165194259,19348534,0.00000537,589.00000000,0
1531165216434,1531165216430,19348535,0.00000536,49279.00000000,1
1531165234939,1531165234935,19348536,0.00000537,53392.00000000,0
1531165240872,1531165240866,19348537,0.00000536,47382.00000000,1
1531165243772,1531165243766,19348538,0.00000537,458.00000000,0
1531165254654,1531165254652,19348539,0.00000537,42696.00000000,0
1531165273098,1531165273092,19348540,0.00000537,400.00000000,0
1531165276767,1531165276761,19348541,0.00000537,101194.00000000,0
1531165285418,1531165285413,19348542,0.00000538,32.00000000,0
1531165285464,1531165285460,19348543,0.00000538,32.00000000,0
1531165285481,1531165285478,19348544,0.00000538,32.00000000,0
1531165290145,1531165290140,19348545,0.00000537,49874.00000000,0
1531165290174,1531165290167,19348546,0.00000537,279.00000000,0
1531165292724,1531165292721,19348547,0.00000536,278.00000000,1
1531165305273,1531165305267,19348548,0.00000536,45084.00000000,1
1531165311256,1531165311251,19348549,0.00000537,1364.00000000,0
1531165322689,1531165322685,19348550,0.00000536,9658.00000000,1
1531165323792,1531165323788,19348551,0.00000536,49529.00000000,1
1531165325926,1531165325919,19348552,0.00000536,22920.00000000,1
1531165336419,1531165336413,19348553,0.00000536,1450.00000000,1
1531165340076,1531165340069,19348554,0.00000536,87097.00000000,1
1531165340205,1531165340198,19348555,0.00000536,9534.00000000,0
1531165353455,1531165353451,19348556,0.00000536,42420.00000000,0
1531165372235,1531165372229,19348557,0.00000536,27682.00000000,1
1531165372260,1531165372254,19348558,0.00000536,23069.00000000,1
1531165378425,1531165378418,19348559,0.00000537,2130.00000000,0
1531165380883,1531165380878,19348560,0.00000536,36048.00000000,1
1531165389622,1531165389616,19348561,0.00000536,33190.00000000,1
1531165389647,1531165389641,19348562,0.00000536,30732.00000000,1
1531165400699,1531165400692,19348563,0.00000536,3721.00000000,1
1531165400709,1531165400704,19348564,0.00000536,5432.00000000,0
1531165400728,1531165400725,19348565,0.00000536,3721.00000000,1
1531165419146,1531165419141,19348566,0.00000536,16662.00000000,1
1531165425467,1531165425463,19348567,0.00000536,15524.00000000,1
1531165429190,1531165429184,19348568,0.00000535,499.00000000,1
1531165430422,1531165430417,19348569,0.00000536,5600.00000000,0
1531165438092,1531165438088,19348570,0.00000536,7719.00000000,0
1531165438127,1531165438123,19348571,0.00000536,7720.00000000,0
1531165438131,1531165438125,19348572,0.00000536,7720.00000000,0
1531165438304,1531165438297,19348573,0.00000536,1241.00000000,0
1531165438651,1531165438646,19348574,0.00000537,492.00000000,0
1531165444293,1531165444289,19348575,0.00000536,2409.00000000,0
1531165444531,1531165444524,19348576,0.00000535,281.00000000,1
1531165444739,1531165444734,19348577,0.00000535,206.00000000,1
1531165445292,1531165445287,19348578,0.00000536,4031.00000000,0
1531165446095,1531165446089,19348579,0.00000535,442.00000000,1
1531165453469,1531165453463,19348580,0.00000536,2000.00000000,1
1531165454585,1531165454579,19348581,0.00000536,10780.00000000,1
1531165456288,1531165456284,19348582,0.00000536,2000.00000000,0
1531165471382,1531165471375,19348583,0.00000536,15066.00000000,1
1531165487270,1531165487266,19348584,0.00000536,1074.00000000,1
1531165490824,1531165490819,19348585,0.00000536,1737.00000000,1
1531165503434,1531165503427,19348586,0.00000536,747.00000000,1
1531165503435,1531165503429,19348587,0.00000536,747.00000000,1
1531165503766,1531165503761,19348588,0.00000536,560.00000000,1
1531165504417,1531165504411,19348589,0.00000536,69.00000000,1
1531165505293,1531165505288,19348590,0.00000536,2769.00000000,0
1531165505556,1531165505550,19348591,0.00000537,5000.00000000,0
1531165512447,1531165512440,19348592,0.00000537,1374.00000000,0
1531165514271,1531165514265,19348593,0.00000537,418.00000000,0
1531165521817,1531165521812,19348594,0.00000536,26380.00000000,1
1531165521835,1531165521828,19348595,0.00000536,10024.00000000,0
1531165521847,1531165521842,19348596,0.00000536,26380.00000000,1
1531165528618,1531165528611,19348597,0.00000536,30225.00000000,1
1531165536173,1531165536168,19348598,0.00000536,27129.00000000,1
1531165536187,1531165536181,19348599,0.00000536,52630.00000000,0
1531165536195,1531165536189,19348600,0.00000536,27129.00000000,1
1531165543382,1531165543376,19348601,0.00000536,30968.00000000,1
1531165551568,1531165551561,19348602,0.00000537,106.00000000,0
1531165553729,1531165553724,19348603,0.00000536,34647.00000000,1
1531165553737,1531165553731,19348604,0.00000536,61671.00000000,0
1531165553756,1531165553754,19348605,0.00000536,34647.00000000,1
1531165558772,1531165558766,19348606,0.00000536,36134.00000000,1
1531165566703,1531165566701,19348607,0.00000536,19558.00000000,1
1531165568280,1531165568274,19348608,0.00000536,1.00000000,1
1531165613003,1531165612997,19348609,0.00000536,15067.00000000,1
1531165623994,1531165623988,19348610,0.00000537,1000.00000000,0
1531165659278,1531165659272,19348611,0.00000536,4146.00000000,1
1531165688421,1531165688415,19348612,0.00000537,69.00000000,0
1531165721111,1531165721105,19348613,0.00000536,500.00000000,1
1531165721263,1531165721260,19348614,0.00000536,139.00000000,1
1531165739873,1531165739871,19348615,0.00000536,1989.00000000,1
1531165745294,1531165745289,19348616,0.00000536,18304.00000000,1
1531165745442,1531165745436,19348617,0.00000536,6716.00000000,1
1531165766835,1531165766829,19348618,0.00000536,3027.00000000,1
1531165791054,1531165791048,19348619,0.00000536,999.00000000,1
1531165799085,1531165799077,19348620,0.00000536,18036.00000000,1
1531165803316,1531165803310,19348621,0.00000536,8.00000000,0
1531165808489,1531165808484,19348622,0.00000536,28079.00000000,1
1531165808505,1531165808500,19348623,0.00000536,8423.00000000,0
1531165808513,1531165808507,19348624,0.00000536,28079.00000000,1
1531165818379,1531165818376,19348625,0.00000536,224.00000000,1
1531165822445,1531165822440,19348626,0.00000536,10041.00000000,1
1531165822475,1531165822469,19348627,0.00000536,6694.00000000,1
1531165830298,1531165830293,19348628,0.00000536,2292.00000000,1
1531165830308,1531165830303,19348629,0.00000536,3346.00000000,0
1531165830316,1531165830311,19348630,0.00000536,2292.00000000,1
1531165831158,1531165831152,19348631,0.00000535,49680.00000000,1
1531165850705,1531165850699,19348632,0.00000536,14557.00000000,1
1531165850783,1531165850777,19348633,0.00000536,189.00000000,1
1531165851681,1531165851675,19348634,0.00000536,189.00000000,1
1531165852547,1531165852540,19348635,0.00000536,1893.00000000,1
1531165859448,1531165859443,19348636,0.00000536,21225.00000000,1
1531165859462,1531165859455,19348637,0.00000536,36082.00000000,0
1531165859474,1531165859469,19348638,0.00000536,21225.00000000,1
1531165862512,1531165862508,19348639,0.00000537,7463.00000000,0
1531165875023,1531165875016,19348640,0.00000536,23990.00000000,1
1531165875043,1531165875041,19348641,0.00000536,5856.00000000,0
1531165875063,1531165875058,19348642,0.00000536,19636.00000000,1
1531165880687,1531165880681,19348643,0.00000536,4354.00000000,1
1531165880706,1531165880703,19348644,0.00000536,727.00000000,0
1531165880715,1531165880710,19348645,0.00000536,4354.00000000,1
1531165883275,1531165883269,19348646,0.00000535,345.00000000,1
1531165888540,1531165888533,19348647,0.00000536,25492.00000000,0
1531165892567,1531165892559,19348648,0.00000536,189.00000000,1
1531165893335,1531165893334,19348649,0.00000536,189.00000000,1
1531165895005,1531165895002,19348650,0.00000536,1262.00000000,1
1531165895589,1531165895587,19348651,0.00000536,2714.00000000,1
1531165895606,1531165895601,19348652,0.00000536,33429.00000000,0
1531165895622,1531165895615,19348653,0.00000536,2714.00000000,1
1531165902026,1531165902021,19348654,0.00000535,8432.00000000,1
1531165904154,1531165904150,19348655,0.00000536,27132.00000000,0
1531165904974,1531165904968,19348656,0.00000536,2714.00000000,1
1531165913534,1531165913518,19348657,0.00000535,378800.00000000,1
1531165913534,1531165913518,19348658,0.00000534,621630.00000000,1
1531165913534,1531165913518,19348659,0.00000533,547355.00000000,1
1531165913560,1531165913554,19348660,0.00000533,280.00000000,0
1531165914008,1531165914001,19348661,0.00000535,18137.00000000,1
1531165917140,1531165917133,19348662,0.00000535,1308.00000000,0
1531165917571,1531165917564,19348663,0.00000534,37523.00000000,1
1531165919482,1531165919476,19348664,0.00000534,6734.00000000,1
1531165920314,1531165920309,19348665,0.00000534,32.00000000,1
1531165924304,1531165924297,19348666,0.00000534,8769.00000000,1
1531165947641,1531165947635,19348667,0.00000535,9268.00000000,0
1531165947643,1531165947637,19348668,0.00000535,9268.00000000,0
1531165947659,1531165947655,19348669,0.00000535,9259.00000000,0
1531165947787,1531165947780,19348670,0.00000535,2372.00000000,0
1531165947787,1531165947780,19348671,0.00000536,7776.00000000,0
1531165948772,1531165948766,19348672,0.00000534,1400.00000000,1
1531165952305,1531165952300,19348673,0.00000535,20466.00000000,1
1531165955059,1531165955055,19348674,0.00000534,560.00000000,1
1531165955080,1531165955076,19348675,0.00000534,6930.00000000,0
1531165955096,1531165955091,19348676,0.00000534,190.00000000,1
1531165955106,1531165955101,19348677,0.00000535,2233.00000000,0
1531165956119,1531165956114,19348678,0.00000535,2233.00000000,0
1531165960309,1531165960301,19348679,0.00000535,29381.00000000,1
1531165966723,1531165966717,19348680,0.00000536,106.00000000,0
1531165967621,1531165967616,19348681,0.00000534,190.00000000,1
1531165968315,1531165968309,19348682,0.00000535,25580.00000000,1
1531165971590,1531165971584,19348683,0.00000535,300.00000000,0
1531165972306,1531165972304,19348684,0.00000535,84902.00000000,1
1531165973307,1531165973304,19348685,0.00000535,190.00000000,1
1531165974107,1531165974102,19348686,0.00000535,190.00000000,1
1531165985062,1531165985056,19348687,0.00000535,374.00000000,1
1531165994613,1531165994611,19348688,0.00000535,8029.00000000,1
1531165998440,1531165998434,19348689,0.00000535,61899.00000000,0
1531165998552,1531165998546,19348690,0.00000535,7530.00000000,1
1531166000327,1531166000319,19348691,0.00000535,116268.00000000,1
1531166000448,1531166000440,19348692,0.00000535,5641.00000000,1
1531166000449,1531166000444,19348693,0.00000535,5641.00000000,0
1531166001463,1531166001460,19348694,0.00000535,28782.00000000,0
1531166002077,1531166002071,19348695,0.00000536,4.00000000,0
1531166002337,1531166002331,19348696,0.00000535,5641.00000000,1
1531166003324,1531166003318,19348697,0.00000535,12258.00000000,1
1531166003518,1531166003511,19348698,0.00000535,11229.00000000,1
1531166004327,1531166004322,19348699,0.00000535,1029.00000000,1
1531166009326,1531166009320,19348700,0.00000535,93480.00000000,1
1531166009795,1531166009792,19348701,0.00000535,2228.00000000,1
1531166012926,1531166012920,19348702,0.00000535,2228.00000000,1
1531166015294,1531166015289,19348703,0.00000535,16173.00000000,1
1531166016019,1531166016016,19348704,0.00000535,2228.00000000,1
1531166024984,1531166024979,19348705,0.00000535,905.00000000,1
1531166041461,1531166041455,19348706,0.00000536,10000.00000000,0
1531166050363,1531166050356,19348707,0.00000536,1773.00000000,0
1531166078824,1531166078816,19348708,0.00000535,306.00000000,1
1531166087440,1531166087434,19348709,0.00000535,176.00000000,1
1531166087619,1531166087614,19348710,0.00000536,6398.00000000,0
1531166102780,1531166102774,19348711,0.00000536,14357.00000000,0
1531166108070,1531166108064,19348712,0.00000536,70263.00000000,0
1531166111568,1531166111563,19348713,0.00000536,2032.00000000,0
1531166114574,1531166114567,19348714,0.00000535,3000.00000000,1
1531166133334,1531166133328,19348715,0.00000535,20056.00000000,1
1531166133850,1531166133846,19348716,0.00000535,23778.00000000,1
1531166156144,1531166156138,19348717,0.00000535,6685.00000000,1
1531166156454,1531166156451,19348718,0.00000535,15290.00000000,1
1531166163284,1531166163278,19348719,0.00000535,8.00000000,0
1531166163428,1531166163424,19348720,0.00000535,2228.00000000,1
1531166163602,1531166163596,19348721,0.00000535,2353.00000000,1
1531166168045,1531166168039,19348722,0.00000534,9404.00000000,1
1531166179847,1531166179840,19348723,0.00000535,4730.00000000,0
1531166179847,1531166179840,19348724,0.00000536,10873.00000000,0
1531166190133,1531166190130,19348725,0.00000535,10365.00000000,1
1531166190150,1531166190144,19348726,0.00000535,10157.00000000,0
1531166190170,1531166190164,19348727,0.00000535,10365.00000000,1
1531166193229,1531166193225,19348728,0.00000535,1979.00000000,1
1531166197052,1531166197046,19348729,0.00000535,32203.00000000,1
1531166258610,1531166258604,19348730,0.00000535,250.00000000,0
1531166262515,1531166262513,19348731,0.00000535,37383.00000000,0
1531166332919,1531166332912,19348732,0.00000534,7158.00000000,1
1531166355084,1531166355076,19348733,0.00000534,80497.00000000,1
1531166362061,1531166362060,19348734,0.00000534,201.00000000,1
1531166367801,1531166367794,19348735,0.00000534,15000.00000000,1
1531166377283,1531166377277,19348736,0.00000534,45755.00000000,1
1531166377436,1531166377429,19348737,0.00000534,23079.00000000,1
1531166378704,1531166378697,19348738,0.00000534,17876.00000000,1
1531166413069,1531166413062,19348739,0.00000534,990.00000000,1
1531166416140,1531166416138,19348740,0.00000534,40701.00000000,1
1531166423622,1531166423616,19348741,0.00000534,237.00000000,1
1531166423662,1531166423657,19348742,0.00000534,2230.00000000,0
1531166423671,1531166423664,19348743,0.00000534,2234.00000000,0
1531166423686,1531166423682,19348744,0.00000534,6294.00000000,0
1531166431204,1531166431197,19348745,0.00000534,81215.00000000,0
1531166443543,1531166443538,19348746,0.00000533,111706.00000000,1
1531166451395,1531166451389,19348747,0.00000534,25352.00000000,0
1531166457593,1531166457589,19348748,0.00000534,74941.00000000,0
1531166463496,1531166463490,19348749,0.00000535,478.00000000,0
1531166464819,1531166464818,19348750,0.00000535,10000.00000000,0
1531166470941,1531166470936,19348751,0.00000535,49852.00000000,0
1531166482895,1531166482889,19348752,0.00000534,38122.00000000,1
1531166491032,1531166491025,19348753,0.00000535,8879.00000000,0
1531166499601,1531166499594,19348754,0.00000534,6742.00000000,0
1531166500039,1531166500035,19348755,0.00000534,87046.00000000,0
1531166500454,1531166500447,19348756,0.00000534,13350.00000000,0
1531166508186,1531166508186,19348757,0.00000534,8044.00000000,1
1531166508298,1531166508292,19348758,0.00000534,1873.00000000,1
1531166513607,1531166513601,19348759,0.00000534,23174.00000000,1
1531166514462,1531166514455,19348760,0.00000534,9917.00000000,0
1531166515195,1531166515190,19348761,0.00000534,57800.00000000,0
1531166522457,1531166522449,19348762,0.00000534,517.00000000,0
1531166524795,1531166524788,19348763,0.00000533,18235.00000000,1
1531166533683,1531166533677,19348764,0.00000534,14872.00000000,1
1531166533693,1531166533687,19348765,0.00000534,4759.00000000,0
1531166533704,1531166533699,19348766,0.00000534,14872.00000000,1
1531166537137,1531166537131,19348767,0.00000534,1359.00000000,1
1531166537141,1531166537135,19348768,0.00000534,1996.00000000,1
1531166537141,1531166537135,19348769,0.00000533,1359.00000000,1
1531166537168,1531166537162,19348770,0.00000533,1256.00000000,1
1531166544563,1531166544558,19348771,0.00000535,80633.00000000,0
1531166549564,1531166549558,19348772,0.00000534,12727.00000000,1
1531166550960,1531166550958,19348773,0.00000534,471.00000000,1
1531166555905,1531166555900,19348774,0.00000534,8687.00000000,1
1531166556449,1531166556446,19348775,0.00000534,471.00000000,0
1531166561708,1531166561701,19348776,0.00000535,53093.00000000,0
1531166562332,1531166562327,19348777,0.00000534,107.00000000,1
1531166579484,1531166579482,19348778,0.00000534,16850.00000000,1
1531166580643,1531166580637,19348779,0.00000534,80288.00000000,0
1531166580660,1531166580654,19348780,0.00000534,84134.00000000,0
1531166584043,1531166584036,19348781,0.00000535,3066.00000000,0
1531166587734,1531166587729,19348782,0.00000534,36675.00000000,1
1531166592263,1531166592258,19348783,0.00000534,4518.00000000,1
1531166592269,1531166592265,19348784,0.00000533,4518.00000000,1
1531166592314,1531166592310,19348785,0.00000533,4525.00000000,1
1531166597304,1531166597299,19348786,0.00000534,2016.00000000,1
1531166597461,1531166597454,19348787,0.00000534,72823.00000000,0
1531166597493,1531166597487,19348788,0.00000534,31034.00000000,0
1531166608337,1531166608330,19348789,0.00000534,6700.00000000,1
1531166613042,1531166613035,19348790,0.00000534,24415.00000000,1
1531166616245,1531166616239,19348791,0.00000535,56533.00000000,0
1531166620174,1531166620167,19348792,0.00000535,2036.00000000,0
1531166628264,1531166628258,19348793,0.00000535,1109.00000000,1
1531166628268,1531166628260,19348794,0.00000535,3325.00000000,1
1531166628295,1531166628289,19348795,0.00000534,4435.00000000,1
1531166628824,1531166628817,19348796,0.00000535,72670.00000000,0
1531166641248,1531166641241,19348797,0.00000534,25173.00000000,1
1531166646592,1531166646585,19348798,0.00000534,99468.00000000,0
1531166648472,1531166648464,19348799,0.00000534,28823.00000000,0
1531166656470,1531166656466,19348800,0.00000534,14539.00000000,0
1531166660484,1531166660477,19348801,0.00000534,268.00000000,0
1531166666385,1531166666380,19348802,0.00000534,10848.00000000,1
1531166666480,1531166666479,19348803,0.00000534,61695.00000000,0
1531166666503,1531166666498,19348804,0.00000534,36737.00000000,0
1531166679330,1531166679324,19348805,0.00000534,6702.00000000,1
1531166693883,1531166693877,19348806,0.00000535,3.00000000,0
1531166696142,1531166696137,19348807,0.00000534,325.00000000,1
1531166696142,1531166696137,19348808,0.00000533,547.00000000,1
1531166703475,1531166703468,19348809,0.00000534,31984.00000000,0
1531166714843,1531166714837,19348810,0.00000533,1416.00000000,1
1531166716911,1531166716909,19348811,0.00000535,49335.00000000,0
1531166721309,1531166721303,19348812,0.00000534,32182.00000000,1
1531166739214,1531166739207,19348813,0.00000534,6535.00000000,1
1531166740495,1531166740490,19348814,0.00000534,27432.00000000,1
1531166744345,1531166744336,19348815,0.00000535,348471.00000000,0
1531166744345,1531166744336,19348816,0.00000536,358854.00000000,0
1531166744409,1531166744403,19348817,0.00000535,9615.00000000,1
1531166745606,1531166745602,19348818,0.00000535,14094.00000000,0
1531166747484,1531166747479,19348819,0.00000535,3089.00000000,1
1531166748960,1531166748955,19348820,0.00000536,40316.00000000,0
1531166759673,1531166759665,19348821,0.00000535,90255.00000000,0
1531166766698,1531166766693,19348822,0.00000535,16534.00000000,1
1531166766712,1531166766707,19348823,0.00000535,29430.00000000,0
1531166766726,1531166766720,19348824,0.00000535,16534.00000000,1
1531166768649,1531166768643,19348825,0.00000535,6686.00000000,1
1531166771502,1531166771500,19348826,0.00000535,563.00000000,1
1531166772303,1531166772298,19348827,0.00000535,4000.00000000,1
1531166772701,1531166772693,19348828,0.00000536,40000.00000000,0
1531166772701,1531166772693,19348829,0.00000537,204702.00000000,0
1531166772717,1531166772710,19348830,0.00000537,1500.00000000,1
1531166772729,1531166772725,19348831,0.00000535,1500.00000000,1
1531166772730,1531166772725,19348832,0.00000535,1500.00000000,1
1531166772745,1531166772738,19348833,0.00000535,941.00000000,1
1531166773317,1531166773313,19348834,0.00000536,36393.00000000,0
1531166773331,1531166773327,19348835,0.00000535,23632.00000000,1
1531166774727,1531166774721,19348836,0.00000535,5144.00000000,1
1531166778148,1531166778145,19348837,0.00000536,11304.00000000,0
1531166789125,1531166789118,19348838,0.00000535,22500.00000000,1
1531166791975,1531166791968,19348839,0.00000535,10000.00000000,1
1531166793405,1531166793401,19348840,0.00000535,300.00000000,1
1531166803095,1531166803088,19348841,0.00000536,16473.00000000,0
1531166803095,1531166803088,19348842,0.00000537,88026.00000000,0
1531166803110,1531166803106,19348843,0.00000537,209807.00000000,1
1531166803121,1531166803115,19348844,0.00000537,199.00000000,1
1531166803139,1531166803136,19348845,0.00000537,332.00000000,1
1531166803147,1531166803142,19348846,0.00000537,20000.00000000,1
1531166803193,1531166803192,19348847,0.00000537,559.00000000,1
1531166803197,1531166803192,19348848,0.00000537,9949.00000000,1
1531166803245,1531166803238,19348849,0.00000537,41994.00000000,1
1531166803250,1531166803245,19348850,0.00000537,5569.00000000,1
1531166803498,1531166803496,19348851,0.00000537,101398.00000000,1
1531166803499,1531166803496,19348852,0.00000537,59918.00000000,1
1531166803500,1531166803496,19348853,0.00000537,17482.00000000,1
1531166803502,1531166803498,19348854,0.00000537,17482.00000000,1
1531166803503,1531166803498,19348855,0.00000537,60033.00000000,1
1531166803506,1531166803503,19348856,0.00000537,22245.00000000,1
1531166804503,1531166804500,19348857,0.00000536,66876.00000000,0
1531166804768,1531166804761,19348858,0.00000535,5597.00000000,1
1531166805039,1531166805033,19348859,0.00000536,1404.00000000,0
1531166805510,1531166805505,19348860,0.00000536,55211.00000000,0
1531166806517,1531166806510,19348861,0.00000536,23335.00000000,0
1531166806629,1531166806622,19348862,0.00000535,4810.00000000,1
1531166808520,1531166808514,19348863,0.00000536,22292.00000000,0
1531166817299,1531166817295,19348864,0.00000535,1402.00000000,1
1531166819582,1531166819575,19348865,0.00000536,3682.00000000,0
1531166821822,1531166821816,19348866,0.00000535,1476.00000000,1
1531166834777,1531166834771,19348867,0.00000535,48737.00000000,1
1531166867417,1531166867412,19348868,0.00000536,2237.00000000,1
1531166867435,1531166867430,19348869,0.00000536,19517.00000000,1
1531166867567,1531166867561,19348870,0.00000536,10185.00000000,1
1531166868016,1531166868011,19348871,0.00000536,5023.00000000,0
1531166872558,1531166872558,19348872,0.00000536,5597.00000000,1
1531166879108,1531166879101,19348873,0.00000535,17482.00000000,1
1531166896558,1531166896554,19348874,0.00000536,5594.00000000,1
1531166905360,1531166905355,19348875,0.00000536,303.00000000,0
1531166920643,1531166920639,19348876,0.00000535,5.00000000,1
1531166928184,1531166928178,19348877,0.00000536,209.00000000,0
1531166944135,1531166944128,19348878,0.00000535,94236.00000000,1
1531166949447,1531166949441,19348879,0.00000535,1866.00000000,1
1531166949485,1531166949480,19348880,0.00000535,1444.00000000,0
1531166949493,1531166949489,19348881,0.00000535,1442.00000000,0
1531166949932,1531166949925,19348882,0.00000535,2781.00000000,0
1531166957500,1531166957500,19348883,0.00000535,5724.00000000,0
1531166960681,1531166960675,19348884,0.00000535,4479.00000000,1
1531166968294,1531166968288,19348885,0.00000534,170716.00000000,1
1531166992266,1531166992260,19348886,0.00000534,5597.00000000,1
1531166999033,1531166999026,19348887,0.00000534,20000.00000000,1
1531167003071,1531167003070,19348888,0.00000535,1000.00000000,0
1531167004924,1531167004918,19348889,0.00000534,190.00000000,1
1531167008708,1531167008702,19348890,0.00000534,774.00000000,1
1531167011284,1531167011278,19348891,0.00000534,250.00000000,1
1531167032870,1531167032863,19348892,0.00000534,325.00000000,1
1531167053781,1531167053774,19348893,0.00000535,4057.00000000,0
1531167086619,1531167086615,19348894,0.00000534,20000.00000000,1
1531167088623,1531167088616,19348895,0.00000534,10660.00000000,1
1531167109140,1531167109133,19348896,0.00000534,330.00000000,1
1531167116828,1531167116822,19348897,0.00000534,2588.00000000,1
1531167117996,1531167117989,19348898,0.00000534,112587.00000000,1
1531167137074,1531167137068,19348899,0.00000534,21570.00000000,1
1531167138234,1531167138228,19348900,0.00000534,58956.00000000,1
1531167145909,1531167145903,19348901,0.00000534,19264.00000000,1
1531167146138,1531167146134,19348902,0.00000534,182101.00000000,1
1531167159243,1531167159242,19348903,0.00000534,6742.00000000,1
1531167159248,1531167159247,19348904,0.00000534,4387.00000000,1
1531167159563,1531167159556,19348905,0.00000534,2007.00000000,1
1531167165053,1531167165051,19348906,0.00000533,190.00000000,1
1531167165979,1531167165973,19348907,0.00000533,190.00000000,1
1531167202964,1531167202958,19348908,0.00000533,10908.00000000,1
1531167210826,1531167210824,19348909,0.00000533,11292.00000000,1
1531167219395,1531167219390,19348910,0.00000534,387.00000000,0
1531167230600,1531167230596,19348911,0.00000534,23529.00000000,0
1531167253899,1531167253892,19348912,0.00000533,2500.00000000,1
1531167277707,1531167277700,19348913,0.00000533,821.00000000,1
1531167327791,1531167327785,19348914,0.00000533,5540.00000000,1
1531167349380,1531167349373,19348915,0.00000534,4200.00000000,0
1531167356307,1531167356301,19348916,0.00000533,1359.00000000,1
1531167361620,1531167361615,19348917,0.00000534,891.00000000,0
1531167376664,1531167376661,19348918,0.00000534,3458.00000000,0
1531167377181,1531167377174,19348919,0.00000534,2919.00000000,0
1531167377946,1531167377941,19348920,0.00000534,3677.00000000,0
1531167379062,1531167379060,19348921,0.00000534,304.00000000,0
1531167391579,1531167391573,19348922,0.00000533,5400.00000000,1
1531167394147,1531167394141,19348923,0.00000534,10148.00000000,0
1531167395867,1531167395860,19348924,0.00000534,2905.00000000,0
1531167406184,1531167406180,19348925,0.00000534,954.00000000,0
1531167420697,1531167420689,19348926,0.00000534,254.00000000,0
1531167424802,1531167424795,19348927,0.00000533,190.00000000,1
1531167467612,1531167467611,19348928,0.00000533,1143.00000000,1
1531167489123,1531167489118,19348929,0.00000533,1599.00000000,1
1531167509905,1531167509899,19348930,0.00000533,1078.00000000,1
1531167511596,1531167511590,19348931,0.00000533,729.00000000,1
1531167541268,1531167541263,19348932,0.00000533,324.00000000,1
1531167549590,1531167549588,19348933,0.00000534,3996.00000000,0
1531167551797,1531167551791,19348934,0.00000534,15532.00000000,1
1531167554185,1531167554178,19348935,0.00000534,4468.00000000,1
1531167554185,1531167554178,19348936,0.00000533,533.00000000,1
1531167556737,1531167556730,19348937,0.00000534,4093.00000000,1
1531167556737,1531167556730,19348938,0.00000533,15907.00000000,1
1531167568665,1531167568660,19348939,0.00000534,4091.00000000,1
1531167573936,1531167573930,19348940,0.00000534,10000.00000000,1
1531167576467,1531167576461,19348941,0.00000534,22386.00000000,1
1531167584448,1531167584424,19348942,0.00000533,16231.00000000,1
1531167584461,1531167584454,19348943,0.00000534,10000.00000000,0
1531167586797,1531167586791,19348944,0.00000534,5195.00000000,0
1531167592312,1531167592307,19348945,0.00000535,500.00000000,0
1531167595025,1531167595020,19348946,0.00000534,3257.00000000,1
1531167595054,1531167595048,19348947,0.00000534,2201.00000000,1
1531167600595,1531167600591,19348948,0.00000534,3257.00000000,1
1531167605347,1531167605340,19348949,0.00000535,2000.00000000,0
1531167609718,1531167609718,19348950,0.00000535,500.00000000,0
1531167613563,1531167613556,19348951,0.00000535,13245.00000000,0
1531167615595,1531167615592,19348952,0.00000534,3000.00000000,1
1531167616186,1531167616182,19348953,0.00000535,2118.00000000,0
1531167616254,1531167616248,19348954,0.00000534,56091.00000000,1
1531167638974,1531167638967,19348955,0.00000534,50020.00000000,1
1531167677876,1531167677875,19348956,0.00000534,3000.00000000,1
1531167679736,1531167679732,19348957,0.00000534,1961.00000000,1
1531167687311,1531167687304,19348958,0.00000535,172898.00000000,0
1531167687357,1531167687355,19348959,0.00000535,3757.00000000,1
1531167687361,1531167687358,19348960,0.00000535,1869.00000000,1
1531167687398,1531167687398,19348961,0.00000535,3103.00000000,1
1531167699338,1531167699336,19348962,0.00000536,349.00000000,0
1531167703720,1531167703715,19348963,0.00000535,6229.00000000,1
1531167704456,1531167704450,19348964,0.00000536,20775.00000000,0
1531167727539,1531167727532,19348965,0.00000536,1406.00000000,0
1531167746889,1531167746882,19348966,0.00000536,942.00000000,0
1531167786129,1531167786125,19348967,0.00000535,330.00000000,1
1531167802163,1531167802157,19348968,0.00000535,4770.00000000,1
1531167802177,1531167802176,19348969,0.00000535,1812.00000000,0
1531167802191,1531167802190,19348970,0.00000535,4770.00000000,1
1531167805312,1531167805306,19348971,0.00000535,4288.00000000,0
1531167823034,1531167823027,19348972,0.00000535,1296.00000000,0
1531167827621,1531167827614,19348973,0.00000535,2.00000000,0
1531167833713,1531167833709,19348974,0.00000535,936.00000000,1
1531167834270,1531167834265,19348975,0.00000535,20297.00000000,1
1531167834627,1531167834623,19348976,0.00000535,25372.00000000,0
1531167841171,1531167841165,19348977,0.00000536,10400.00000000,0
1531167846720,1531167846714,19348978,0.00000535,389.00000000,1
1531167870956,1531167870950,19348979,0.00000535,618.00000000,1
1531167874059,1531167874054,19348980,0.00000536,163500.00000000,0
1531167874587,1531167874579,19348981,0.00000535,500.00000000,1
1531167875596,1531167875595,19348982,0.00000535,5720.00000000,1
1531167885495,1531167885492,19348983,0.00000536,14.00000000,0
1531167885796,1531167885795,19348984,0.00000535,13679.00000000,1
1531167889060,1531167889056,19348985,0.00000535,270.00000000,1
1531167889957,1531167889951,19348986,0.00000536,28513.00000000,0
1531167909964,1531167909959,19348987,0.00000536,92.00000000,0
1531167937454,1531167937448,19348988,0.00000535,775.00000000,1
1531167952038,1531167952032,19348989,0.00000535,56789.00000000,1
1531167958206,1531167958203,19348990,0.00000535,690.00000000,1
1531167961581,1531167961577,19348991,0.00000535,11374.00000000,1
1531167978401,1531167978395,19348992,0.00000536,62044.00000000,0
1531167996098,1531167996095,19348993,0.00000536,41265.00000000,0
1531168025552,1531168025546,19348994,0.00000535,537.00000000,1
1531168028863,1531168028860,19348995,0.00000535,195.00000000,1
1531168052433,1531168052425,19348996,0.00000536,63585.00000000,0
1531168052703,1531168052697,19348997,0.00000535,3000.00000000,1
1531168055789,1531168055783,19348998,0.00000535,2887.00000000,1
1531168060555,1531168060550,19348999,0.00000535,4000.00000000,1
1531168074447,1531168074441,19349000,0.00000535,50052.00000000,1
1531168084942,1531168084936,19349001,0.00000536,27985.00000000,0
1531168092688,1531168092683,19349002,0.00000535,63762.00000000,1
1531168092688,1531168092683,19349003,0.00000534,218155.00000000,1
1531168092688,1531168092683,19349004,0.00000533,144090.00000000,1
1531168093085,1531168093079,19349005,0.00000535,5377.00000000,0
1531168093225,1531168093219,19349006,0.00000535,21196.00000000,0
1531168096082,1531168096076,19349007,0.00000534,206.00000000,1
1531168100263,1531168100261,19349008,0.00000535,134.00000000,0
1531168114193,1531168114188,19349009,0.00000535,1413.00000000,0
1531168126115,1531168126109,19349010,0.00000534,4973.00000000,1
1531168126115,1531168126109,19349011,0.00000533,30969.00000000,1
1531168130276,1531168130275,19349012,0.00000534,12.00000000,1
1531168132785,1531168132780,19349013,0.00000534,21980.00000000,1
1531168132797,1531168132792,19349014,0.00000534,25082.00000000,0
1531168132810,1531168132803,19349015,0.00000534,21980.00000000,1
1531168132812,1531168132806,19349016,0.00000534,12.00000000,0
1531168135589,1531168135584,19349017,0.00000534,500.00000000,1
1531168136908,1531168136908,19349018,0.00000533,12.00000000,1
1531168141499,1531168141494,19349019,0.00000534,13085.00000000,1
