event_time,trade_time,trade_id,price,quantity,maker
1531160301375,1531160301371,246330,0.00021340,62.03000000,1
1531160301391,1531160301389,246331,0.00021340,59.35000000,1
1531160314798,1531160314795,246332,0.00021320,138.70000000,1
1531160361662,1531160361658,246333,0.00021370,556.46000000,0
1531160361681,1531160361677,246334,0.00021340,15.49000000,1
1531160361708,1531160361704,246335,0.00021340,219.09000000,1
1531160362500,1531160362496,246336,0.00021410,31.39000000,0
1531160362500,1531160362496,246337,0.00021420,557.43000000,0
1531160390471,1531160390467,246338,0.00021420,31.39000000,1
1531160397657,1531160397653,246339,0.00021430,65.00000000,0
1531160423226,1531160423223,246340,0.00021400,150.04000000,0
1531160423245,1531160423243,246341,0.00021450,58.60000000,0
1531160437614,1531160437611,246342,0.00021450,216.09000000,0
1531160455383,1531160455382,246343,0.00021450,82.87000000,0
1531160455404,1531160455399,246344,0.00021450,195.40000000,0
1531160484032,1531160484028,246345,0.00021450,141.50000000,0
1531160499667,1531160499664,246346,0.00021450,150.81000000,0
1531160527134,1531160527131,246347,0.00021450,295.55000000,0
1531160559352,1531160559349,246348,0.00021450,256.87000000,0
1531160559370,1531160559367,246349,0.00021450,256.12000000,0
1531160570345,1531160570342,246350,0.00021450,188.65000000,0
1531160586172,1531160586168,246351,0.00021450,189.46000000,0
1531160586188,1531160586185,246352,0.00021450,10.84000000,0
1531160615745,1531160615743,246353,0.00021450,208.62000000,0
1531160615764,1531160615760,246354,0.00021450,128.78000000,0
1531160635488,1531160635485,246355,0.00021370,81.29000000,1
1531160642775,1531160642772,246356,0.00021440,103.40000000,0
1531160642798,1531160642793,246357,0.00021440,184.59000000,0
1531160678072,1531160678068,246358,0.00021440,91.65000000,0
1531160702579,1531160702575,246359,0.00021450,23.97000000,0
1531160702579,1531160702575,246360,0.00021460,10.25000000,0
1531160702579,1531160702575,246361,0.00021500,7.46000000,0
1531160702579,1531160702575,246362,0.00021510,11.32000000,0
1531160740065,1531160740063,246363,0.00021440,695.48000000,0
1531160740076,1531160740073,246364,0.00021500,261.44000000,0
1531160751290,1531160751286,246365,0.00021510,6.03000000,0
1531160802637,1531160802634,246366,0.00021510,5.99000000,0
1531160802662,1531160802659,246367,0.00021510,4.78000000,1
1531160802665,1531160802661,246368,0.00021510,17.12000000,1
1531160810708,1531160810705,246369,0.00021540,19.11000000,0
1531160810708,1531160810705,246370,0.00021550,84.78000000,0
1531160816239,1531160816235,246371,0.00021570,140.88000000,0
1531160816256,1531160816252,246372,0.00021560,115.48000000,1
1531160823024,1531160823020,246373,0.00021570,199.09000000,0
1531160874020,1531160874016,246374,0.00021580,12.30000000,0
1531160874020,1531160874016,246375,0.00021610,56.12000000,0
1531160874020,1531160874016,246376,0.00021620,25.74000000,0
1531160874020,1531160874016,246377,0.00021660,418.27000000,0
1531160874050,1531160874048,246378,0.00021660,36.04000000,1
1531160874626,1531160874624,246379,0.00021660,40.80000000,1
1531160875031,1531160875027,246380,0.00021660,65.97000000,1
1531160896254,1531160896251,246381,0.00021680,1008.48000000,0
1531160900899,1531160900896,246382,0.00021690,183.84000000,0
1531160942381,1531160942379,246383,0.00021690,206.56000000,0
1531160962670,1531160962665,246384,0.00021700,32.14000000,0
1531160962719,1531160962714,246385,0.00021700,8.56000000,1
1531160962728,1531160962725,246386,0.00021700,5.38000000,1
1531160980843,1531160980837,246387,0.00021600,114.79000000,1
1531160980843,1531160980837,246388,0.00021490,39.38000000,1
1531160992318,1531160992315,246389,0.00021480,27.77000000,1
1531160993788,1531160993784,246390,0.00021470,85.97000000,0
1531161032878,1531161032874,246391,0.00021420,174.12000000,1
1531161081351,1531161081348,246392,0.00021430,492.20000000,0
1531161081359,1531161081354,246393,0.00021390,173.31000000,1
1531161141983,1531161141978,246394,0.00021420,231.96000000,0
1531161142000,1531161141995,246395,0.00021420,51.53000000,0
1531161155362,1531161155357,246396,0.00021390,96.84000000,1
1531161155376,1531161155373,246397,0.00021390,118.18000000,1
1531161185718,1531161185714,246398,0.00021400,439.06000000,0
1531161185727,1531161185723,246399,0.00021420,34.96000000,0
1531161185754,1531161185748,246400,0.00021420,170.18000000,0
1531161209645,1531161209641,246401,0.00021410,164.68000000,0
1531161209655,1531161209651,246402,0.00021390,275.42000000,1
1531161209682,1531161209678,246403,0.00021390,59.67000000,1
1531161211695,1531161211691,246404,0.00021480,4.60000000,0
1531161214090,1531161214085,246405,0.00021430,46.64000000,0
1531161237202,1531161237198,246406,0.00021430,4.66000000,0
1531161246922,1531161246918,246407,0.00021420,106.77000000,0
1531161246936,1531161246931,246408,0.00021390,100.73000000,1
1531161295599,1531161295595,246409,0.00021430,165.62000000,0
1531161307825,1531161307822,246410,0.00021390,25.23000000,1
1531161357492,1531161357488,246411,0.00021400,171.89000000,0
1531161357504,1531161357501,246412,0.00021420,82.65000000,0
1531161425165,1531161425160,246413,0.00021400,33.59000000,0
1531161425181,1531161425178,246414,0.00021420,23.67000000,0
1531161477250,1531161477245,246415,0.00021410,284.92000000,0
1531161477259,1531161477256,246416,0.00021390,249.93000000,1
1531161494392,1531161494388,246417,0.00021430,52.79000000,0
1531161494433,1531161494432,246418,0.00021460,30.53000000,1
1531161494447,1531161494443,246419,0.00021460,9.36000000,1
1531161504532,1531161504528,246420,0.00021470,131.18000000,1
1531161535053,1531161535050,246421,0.00021480,107.45000000,0
1531161536496,1531161536491,246422,0.00021470,110.70000000,1
1531161572398,1531161572394,246423,0.00021470,186.87000000,1
1531161572410,1531161572405,246424,0.00021470,7.63000000,0
1531161572422,1531161572418,246425,0.00021470,78.81000000,1
1531161572438,1531161572434,246426,0.00021470,108.06000000,1
1531161583455,1531161583452,246427,0.00021480,46.55000000,0
1531161596309,1531161596307,246428,0.00021470,150.94000000,1
1531161596328,1531161596324,246429,0.00021470,147.94000000,0
1531161596336,1531161596333,246430,0.00021470,150.93000000,1
1531161596743,1531161596739,246431,0.00021460,0.51000000,1
1531161655245,1531161655241,246432,0.00021480,47.36000000,0
1531161655245,1531161655241,246433,0.00021510,25.64000000,0
1531161676000,1531161675994,246434,0.00021510,13.71000000,0
1531161676000,1531161675994,246435,0.00021610,27.77000000,0
1531161676000,1531161675994,246436,0.00021700,5.01000000,0
1531161682268,1531161682264,246437,0.00021490,6.91000000,1
1531161682268,1531161682264,246438,0.00021450,229.31000000,1
1531161682563,1531161682560,246439,0.00021460,70.15000000,1
1531161682821,1531161682818,246440,0.00021460,36.03000000,1
1531161683822,1531161683819,246441,0.00021460,0.03000000,0
1531161699337,1531161699334,246442,0.00021510,20.07000000,0
1531161700597,1531161700593,246443,0.00021380,3.22000000,1
1531161713541,1531161713536,246444,0.00021440,356.27000000,0
1531161713561,1531161713557,246445,0.00021500,217.25000000,0
1531161758456,1531161758450,246446,0.00021480,91.45000000,1
1531161780925,1531161780921,246447,0.00021410,103.04000000,1
1531161780945,1531161780944,246448,0.00021410,42.75000000,1
1531161900441,1531161900438,246449,0.00021500,64.45000000,0
1531161939891,1531161939888,246450,0.00021500,147.28000000,0
1531161978325,1531161978321,246451,0.00021440,47.14000000,1
1531161998614,1531161998610,246452,0.00021510,6.91000000,0
1531161998614,1531161998610,246453,0.00021590,6.14000000,0
1531162001409,1531162001405,246454,0.00021580,12.89000000,0
1531162076216,1531162076210,246455,0.00021490,319.45000000,0
1531162076225,1531162076219,246456,0.00021460,107.20000000,1
1531162119712,1531162119675,246457,0.00021530,23.70000000,0
1531162223289,1531162223286,246458,0.00021540,128.43000000,0
1531162223310,1531162223307,246459,0.00021540,29.51000000,0
1531162316520,1531162316516,246460,0.00021520,30.00000000,0
1531162403198,1531162403193,246461,0.00021480,47.96000000,1
1531162444603,1531162444598,246462,0.00021490,32.92000000,1
1531162444695,1531162444691,246463,0.00021520,673.28000000,0
1531162444714,1531162444709,246464,0.00021480,287.74000000,1
1531162508604,1531162508600,246465,0.00021480,254.38000000,0
1531162508614,1531162508609,246466,0.00021470,188.84000000,1
1531162508639,1531162508634,246467,0.00021470,187.06000000,1
1531162532606,1531162532599,246468,0.00021460,126.52000000,1
1531162532606,1531162532599,246469,0.00021380,80.37000000,1
1531162532606,1531162532599,246470,0.00021370,54.04000000,1
1531162532606,1531162532599,246471,0.00021360,9.34000000,1
1531162532606,1531162532599,246472,0.00021340,27.91000000,1
1531162532606,1531162532599,246473,0.00021330,284.82000000,1
1531162546185,1531162546180,246474,0.00021320,216.42000000,1
1531162553196,1531162553191,246475,0.00021330,216.53000000,1
1531162553218,1531162553212,246476,0.00021330,105.65000000,1
1531162582985,1531162582981,246477,0.00021330,278.25000000,1
1531162583000,1531162582995,246478,0.00021330,9.43000000,1
1531162601387,1531162601383,246479,0.00021330,42.21000000,1
1531162603267,1531162603262,246480,0.00021330,63.30000000,1
1531162636779,1531162636774,246481,0.00021330,7.04000000,0
1531162662218,1531162662212,246482,0.00021300,4.70000000,1
1531162662218,1531162662212,246483,0.00021290,85.24000000,1
1531162662218,1531162662212,246484,0.00021280,58.34000000,1
1531162662218,1531162662212,246485,0.00021270,238.64000000,1
1531162667531,1531162667529,246486,0.00021270,32.90000000,0
1531162668825,1531162668820,246487,0.00021250,0.02000000,1
1531162668825,1531162668820,246488,0.00021250,311.35000000,1
1531162668827,1531162668820,246489,0.00021240,43.41000000,1
1531162668827,1531162668820,246490,0.00021230,23.56000000,1
1531162668827,1531162668820,246491,0.00021220,48.43000000,1
1531162668827,1531162668820,246492,0.00021210,47.15000000,1
1531162668827,1531162668820,246493,0.00021200,74.60000000,1
1531162668851,1531162668847,246494,0.00021200,16.87000000,0
1531162668879,1531162668874,246495,0.00021200,16.87000000,0
1531162668883,1531162668877,246496,0.00021200,4.67000000,0
1531162668883,1531162668877,246497,0.00021250,40.23000000,0
1531162669077,1531162669074,246498,0.00021250,16.89000000,0
1531162672126,1531162672124,246499,0.00021190,44.90000000,1
1531162676801,1531162676797,246500,0.00021190,165.91000000,1
1531162678526,1531162678521,246501,0.00021180,20.29000000,1
1531162680197,1531162680193,246502,0.00021180,277.78000000,1
1531162682608,1531162682604,246503,0.00021180,201.93000000,1
1531162682617,1531162682614,246504,0.00021180,242.81000000,0
1531162682627,1531162682621,246505,0.00021190,131.85000000,0
1531162684065,1531162684061,246506,0.00021190,78.96000000,1
1531162693860,1531162693854,246507,0.00021170,26.04000000,0
1531162697294,1531162697290,246508,0.00021230,7.53000000,0
1531162720543,1531162720538,246509,0.00021160,4.73000000,1
1531162720543,1531162720538,246510,0.00021130,30.93000000,1
1531162784549,1531162784547,246511,0.00021210,5.91000000,0
1531162797455,1531162797450,246512,0.00021210,5.23000000,0
1531162808401,1531162808396,246513,0.00021210,7.37000000,0
1531162808401,1531162808396,246514,0.00021240,52.57000000,0
1531162823391,1531162823389,246515,0.00021190,72.36000000,0
1531162823408,1531162823402,246516,0.00021230,27.46000000,0
1531162823426,1531162823422,246517,0.00021230,64.59000000,0
1531162834314,1531162834308,246518,0.00021190,13.54000000,0
1531162834329,1531162834323,246519,0.00021230,8.58000000,0
1531162855801,1531162855795,246520,0.00021230,156.56000000,0
1531162893060,1531162893055,246521,0.00021200,855.81000000,0
1531162893078,1531162893073,246522,0.00021230,295.12000000,0
1531162916051,1531162916046,246523,0.00021190,450.98000000,0
1531162916063,1531162916058,246524,0.00021230,289.07000000,0
1531162931092,1531162931086,246525,0.00021230,4.86000000,0
1531162931219,1531162931214,246526,0.00021190,246.66000000,0
1531162931231,1531162931226,246527,0.00021230,94.59000000,0
1531162976883,1531162976877,246528,0.00021230,4.86000000,1
1531162986102,1531162986098,246529,0.00021190,153.92000000,0
1531162986110,1531162986105,246530,0.00021230,112.40000000,0
1531162986127,1531162986121,246531,0.00021230,59.64000000,0
1531163036231,1531163036226,246532,0.00021170,33.25000000,1
1531163036244,1531163036240,246533,0.00021170,285.18000000,1
1531163052713,1531163052710,246534,0.00021230,242.56000000,0
1531163052738,1531163052733,246535,0.00021230,171.68000000,0
1531163058449,1531163058446,246536,0.00021230,150.00000000,0
1531163063256,1531163063252,246537,0.00021230,29.21000000,0
1531163076255,1531163076250,246538,0.00021250,1099.84000000,0
1531163081132,1531163081128,246539,0.00021260,16.87000000,1
1531163106429,1531163106425,246540,0.00021250,63.88000000,1
1531163106459,1531163106453,246541,0.00021260,35.89000000,0
1531163117823,1531163117819,246542,0.00021250,426.89000000,1
1531163117848,1531163117843,246543,0.00021250,63.88000000,1
1531163253313,1531163253289,246544,0.00021250,93.53000000,1
1531163271421,1531163271415,246545,0.00021220,674.12000000,0
1531163271439,1531163271434,246546,0.00021180,240.75000000,1
1531163319800,1531163319796,246547,0.00021180,227.53000000,1
1531163319820,1531163319816,246548,0.00021180,201.62000000,1
1531163345247,1531163345242,246549,0.00021180,126.04000000,1
1531163345269,1531163345263,246550,0.00021180,150.03000000,1
1531163386441,1531163386437,246551,0.00021260,16.87000000,0
1531163421079,1531163421075,246552,0.00021290,10.33000000,0
1531163432710,1531163432707,246553,0.00021320,120.04000000,0
1531163432732,1531163432726,246554,0.00021300,32.00000000,1
1531163432779,1531163432773,246555,0.00021300,42.57000000,1
1531163457167,1531163457162,246556,0.00021300,54.64000000,1
1531163457183,1531163457176,246557,0.00021300,174.62000000,1
1531163482288,1531163482283,246558,0.00021350,10.00000000,0
1531163494318,1531163494313,246559,0.00021300,251.09000000,1
1531163494335,1531163494331,246560,0.00021300,288.88000000,1
1531163525467,1531163525462,246561,0.00021320,38.40000000,0
1531163525475,1531163525470,246562,0.00021300,94.37000000,1
1531163525492,1531163525487,246563,0.00021300,25.94000000,1
1531163550155,1531163550131,246564,0.00021300,199.15000000,1
1531163550155,1531163550146,246565,0.00021300,158.06000000,1
1531163572236,1531163572231,246566,0.00021300,150.00000000,1
1531163577331,1531163577326,246567,0.00021300,139.83000000,1
1531163580313,1531163580310,246568,0.00021300,447.74000000,1
1531163618453,1531163618446,246569,0.00021310,22.30000000,0
1531163618465,1531163618461,246570,0.00021330,8.76000000,0
1531163641073,1531163641068,246571,0.00021330,245.12000000,0
1531163663178,1531163663173,246572,0.00021300,244.25000000,1
1531163687028,1531163687022,246573,0.00021320,32.17000000,0
1531163706907,1531163706901,246574,0.00021320,236.87000000,0
1531163706931,1531163706926,246575,0.00021320,7.12000000,0
1531163735404,1531163735399,246576,0.00021320,119.29000000,0
1531163756365,1531163756358,246577,0.00021300,181.84000000,1
1531163756391,1531163756386,246578,0.00021300,46.96000000,1
1531163786080,1531163786076,246579,0.00021310,48.03000000,0
1531163786099,1531163786095,246580,0.00021310,9.58000000,0
1531163815630,1531163815626,246581,0.00021300,187.46000000,0
1531163815639,1531163815635,246582,0.00021310,199.81000000,0
1531163815656,1531163815651,246583,0.00021310,187.46000000,0
1531163833324,1531163833318,246584,0.00021300,93.94000000,0
1531164019459,1531164019452,246585,0.00021290,13.15000000,1
1531164039231,1531164039225,246586,0.00021280,5.70000000,0
1531164039242,1531164039238,246587,0.00021280,289.05000000,0
1531164068891,1531164068886,246588,0.00021210,245.81000000,1
1531164068922,1531164068915,246589,0.00021210,261.38000000,1
1531164120063,1531164120057,246590,0.00021280,208.89000000,0
1531164120063,1531164120057,246591,0.00021290,1673.02000000,0
1531164120063,1531164120057,246592,0.00021300,2198.32000000,0
1531164140941,1531164140935,246593,0.00021300,48.43000000,1
1531164145972,1531164145966,246594,0.00021320,38.70000000,0
1531164158792,1531164158786,246595,0.00021330,163.30000000,0
1531164158806,1531164158801,246596,0.00021340,66.93000000,0
1531164182461,1531164182454,246597,0.00021330,465.37000000,0
1531164182480,1531164182475,246598,0.00021340,104.09000000,0
1531164182507,1531164182501,246599,0.00021340,167.40000000,0
1531164201566,1531164201561,246600,0.00021330,53.85000000,1
1531164201586,1531164201582,246601,0.00021330,196.15000000,1
1531164234806,1531164234799,246602,0.00021340,859.50000000,0
1531164234821,1531164234816,246603,0.00021330,296.37000000,1
1531164262339,1531164262333,246604,0.00021310,158.96000000,1
1531164262349,1531164262345,246605,0.00021310,222.93000000,1
1531164269993,1531164269987,246606,0.00021310,65.10000000,0
1531164270012,1531164270007,246607,0.00021330,44.60000000,0
1531164274262,1531164274257,246608,0.00021300,38.70000000,1
1531164296172,1531164296167,246609,0.00021320,98.56000000,0
1531164296191,1531164296186,246610,0.00021310,252.43000000,1
1531164296211,1531164296206,246611,0.00021310,57.96000000,1
1531164313727,1531164313724,246612,0.00021340,29.00000000,0
1531164339273,1531164339268,246613,0.00021310,119.54000000,1
1531164339286,1531164339280,246614,0.00021310,57.67000000,1
1531164353137,1531164353132,246615,0.00021350,561.28000000,0
1531164358615,1531164358610,246616,0.00021340,719.38000000,0
1531164358629,1531164358623,246617,0.00021350,0.02000000,0
1531164369063,1531164369060,246618,0.00021350,65.93000000,1
1531164386133,1531164386126,246619,0.00021350,19.31000000,1
1531164399380,1531164399375,246620,0.00021370,189.23000000,0
1531164399395,1531164399390,246621,0.00021360,116.98000000,1
1531164399413,1531164399408,246622,0.00021360,160.37000000,1
1531164399435,1531164399429,246623,0.00021350,209.55000000,1
1531164415741,1531164415736,246624,0.00021350,5.15000000,0
1531164433759,1531164433757,246625,0.00021330,365.75000000,0
1531164433766,1531164433761,246626,0.00021350,80.11000000,0
1531164475906,1531164475900,246627,0.00021360,218.37000000,1
1531164494136,1531164494130,246628,0.00021320,169.68000000,1
1531164494152,1531164494147,246629,0.00021320,282.13000000,1
1531164520309,1531164520304,246630,0.00021340,301.76000000,0
1531164520323,1531164520318,246631,0.00021310,4.70000000,1
1531164520343,1531164520337,246632,0.00021310,122.68000000,1
1531164540762,1531164540760,246633,0.00021310,5.91000000,1
1531164601835,1531164601830,246634,0.00021340,673.55000000,0
1531164601844,1531164601838,246635,0.00021310,250.09000000,1
1531164601857,1531164601854,246636,0.00021310,244.03000000,1
1531164643711,1531164643706,246637,0.00021350,476.09000000,0
1531164643725,1531164643719,246638,0.00021330,4.69000000,1
1531164643746,1531164643742,246639,0.00021330,203.46000000,1
1531164656803,1531164656798,246640,0.00021310,4.70000000,1
1531164751651,1531164751645,246641,0.00021350,468.43000000,0
1531164751658,1531164751653,246642,0.00021340,290.87000000,1
1531164751681,1531164751675,246643,0.00021340,168.50000000,1
1531164776883,1531164776877,246644,0.00021340,19.80000000,1
1531164793531,1531164793526,246645,0.00021340,123.08000000,1
1531164796818,1531164796813,246646,0.00021320,824.15000000,0
1531164796818,1531164796813,246647,0.00021370,5.91000000,0
1531164796818,1531164796813,246648,0.00021380,9.34000000,0
1531164796818,1531164796813,246649,0.00021390,27.88000000,0
1531164796818,1531164796813,246650,0.00021410,12.40000000,0
1531164796818,1531164796813,246651,0.00021440,29.00000000,0
1531164796833,1531164796828,246652,0.00021500,994.86000000,1
1531164796861,1531164796857,246653,0.00021500,36.38000000,1
1531164797749,1531164797743,246654,0.00021540,41.04000000,0
1531164798598,1531164798593,246655,0.00021530,185.96000000,1
1531164799495,1531164799489,246656,0.00021540,185.87000000,1
1531164800436,1531164800431,246657,0.00021540,90.03000000,1
1531164800939,1531164800935,246658,0.00021540,5.15000000,1
1531164801726,1531164801721,246659,0.00021540,67.23000000,1
1531164804636,1531164804631,246660,0.00021540,32.65000000,1
1531164811025,1531164811020,246661,0.00021550,5.56000000,0
1531164821335,1531164821329,246662,0.00021550,22.35000000,0
1531164821375,1531164821372,246663,0.00021550,53.82000000,1
1531164821678,1531164821672,246664,0.00021550,147.63000000,1
1531164836149,1531164836143,246665,0.00021560,221.50000000,1
1531164849934,1531164849929,246666,0.00021590,188.61000000,0
1531164849954,1531164849948,246667,0.00021560,177.93000000,1
1531164891179,1531164891175,246668,0.00021570,167.90000000,1
1531164894029,1531164894027,246669,0.00021570,34.08000000,1
1531164896608,1531164896603,246670,0.00021590,706.03000000,0
1531164896620,1531164896614,246671,0.00021570,141.78000000,1
1531164907214,1531164907211,246672,0.00021570,114.00000000,0
1531164907349,1531164907348,246673,0.00021570,0.03000000,0
1531164916327,1531164916324,246674,0.00021570,7.04000000,1
1531164920105,1531164920100,246675,0.00021590,99.29000000,0
1531164920119,1531164920114,246676,0.00021570,235.93000000,1
1531164920137,1531164920131,246677,0.00021570,39.35000000,1
1531164929541,1531164929534,246678,0.00021560,0.03000000,1
1531164940427,1531164940422,246679,0.00021570,7.04000000,0
1531164976510,1531164976505,246680,0.00021580,77.29000000,1
1531164976528,1531164976521,246681,0.00021580,247.12000000,1
1531164976538,1531164976533,246682,0.00021570,39.35000000,1
1531164979024,1531164979018,246683,0.00021570,7.04000000,0
1531164981734,1531164981731,246684,0.00021590,73.58000000,1
1531165000078,1531165000073,246685,0.00021610,73.51000000,1
1531165000088,1531165000083,246686,0.00021610,4.41000000,0
1531165000099,1531165000094,246687,0.00021610,73.51000000,1
1531165001345,1531165001339,246688,0.00021620,10.00000000,0
1531165001345,1531165001339,246689,0.00021640,18.98000000,0
1531165025280,1531165025274,246690,0.00021620,209.60000000,0
1531165025295,1531165025288,246691,0.00021600,48.25000000,1
1531165025322,1531165025318,246692,0.00021600,126.26000000,1
1531165054462,1531165054458,246693,0.00021620,187.24000000,1
1531165059229,1531165059224,246694,0.00021630,528.30000000,0
1531165059236,1531165059231,246695,0.00021620,99.88000000,1
1531165068667,1531165068661,246696,0.00021610,30.29000000,1
1531165068974,1531165068968,246697,0.00021620,187.24000000,0
1531165068974,1531165068968,246698,0.00021640,22.06000000,0
1531165068974,1531165068968,246699,0.00021670,691.18000000,0
1531165069449,1531165069443,246700,0.00021670,110.01000000,1
1531165095824,1531165095821,246701,0.00021680,17.86000000,0
1531165103311,1531165103306,246702,0.00021710,322.86000000,0
1531165103323,1531165103318,246703,0.00021690,104.29000000,1
1531165103345,1531165103339,246704,0.00021690,199.31000000,1
1531165109630,1531165109624,246705,0.00021700,157.84000000,1
1531165115809,1531165115808,246706,0.00021720,16.16000000,1
1531165115926,1531165115921,246707,0.00021720,16.16000000,1
1531165116688,1531165116684,246708,0.00021720,367.68000000,1
1531165116982,1531165116976,246709,0.00021690,16.16000000,1
1531165127192,1531165127186,246710,0.00021750,127.04000000,0
1531165127229,1531165127226,246711,0.00021750,32.74000000,1
1531165133311,1531165133305,246712,0.00021750,77.11000000,1
1531165134487,1531165134481,246713,0.00021750,25.49000000,0
1531165134487,1531165134481,246714,0.00021760,22.98000000,0
1531165134487,1531165134481,246715,0.00021820,36.31000000,0
1531165135135,1531165135133,246716,0.00021710,4.96000000,1
1531165136078,1531165136072,246717,0.00021720,7.53000000,1
1531165136794,1531165136789,246718,0.00021830,21.03000000,0
1531165141946,1531165141940,246719,0.00021760,5.25000000,0
1531165144299,1531165144293,246720,0.00021750,1.76000000,0
1531165148779,1531165148774,246721,0.00021750,5.77000000,0
1531165154111,1531165154105,246722,0.00021760,0.31000000,0
1531165154111,1531165154105,246723,0.00021830,0.40000000,0
1531165154111,1531165154105,246724,0.00021840,22.95000000,0
1531165154111,1531165154105,246725,0.00021860,103.88000000,0
1531165161610,1531165161605,246726,0.00021790,0.01000000,1
1531165162335,1531165162329,246727,0.00021780,120.29000000,1
1531165162357,1531165162351,246728,0.00021780,195.71000000,1
1531165163008,1531165163001,246729,0.00021760,0.01000000,1
1531165177494,1531165177493,246730,0.00021780,38.24000000,1
1531165183534,1531165183532,246731,0.00021780,151.53000000,1
1531165183547,1531165183542,246732,0.00021780,200.26000000,1
1531165191218,1531165191216,246733,0.00021760,52.44000000,1
1531165191377,1531165191371,246734,0.00021780,3.80000000,0
1531165212536,1531165212532,246735,0.00021760,10.31000000,1
1531165222107,1531165222102,246736,0.00021770,200.12000000,1
1531165222120,1531165222116,246737,0.00021770,269.87000000,1
1531165222136,1531165222132,246738,0.00021780,85.37000000,0
1531165253610,1531165253607,246739,0.00021830,143.00000000,0
1531165253622,1531165253616,246740,0.00021800,191.31000000,1
1531165253643,1531165253638,246741,0.00021800,97.95000000,1
1531165274853,1531165274846,246742,0.00021860,9.24000000,0
1531165282152,1531165282146,246743,0.00021800,77.06000000,1
1531165294515,1531165294510,246744,0.00021840,20.45000000,0
1531165294820,1531165294814,246745,0.00021810,273.54000000,1
1531165294820,1531165294814,246746,0.00021800,88.95000000,1
1531165294820,1531165294814,246747,0.00021780,45.92000000,1
1531165310216,1531165310210,246748,0.00021730,23.48000000,1
1531165333699,1531165333693,246749,0.00021780,11.69000000,0
1531165335410,1531165335403,246750,0.00021780,18.66000000,1
1531165347257,1531165347251,246751,0.00021860,23.48000000,0
1531165348569,1531165348563,246752,0.00021860,73.28000000,1
1531165361516,1531165361511,246753,0.00021860,3.80000000,1
1531165375397,1531165375392,246754,0.00021860,5.76000000,1
1531165413904,1531165413899,246755,0.00021860,60.33000000,0
1531165414399,1531165414392,246756,0.00021740,19.88000000,1
1531165414930,1531165414924,246757,0.00021860,109.26000000,0
1531165416500,1531165416495,246758,0.00021860,19.88000000,1
1531165435201,1531165435194,246759,0.00021860,40.45000000,1
1531165435212,1531165435207,246760,0.00021860,553.02000000,0
1531165435231,1531165435227,246761,0.00021860,40.45000000,1
1531165436228,1531165436221,246762,0.00021710,10.48000000,1
1531165436228,1531165436221,246763,0.00021700,45.87000000,1
1531165475527,1531165475520,246764,0.00021700,5.90000000,1
1531165476700,1531165476694,246765,0.00021670,11.52000000,0
1531165494424,1531165494418,246766,0.00021650,9.24000000,1
1531165494424,1531165494418,246767,0.00021610,47.12000000,1
1531165518688,1531165518681,246768,0.00021610,24.19000000,1
1531165552619,1531165552612,246769,0.00021570,32.31000000,0
1531165559398,1531165559394,246770,0.00021560,34.35000000,0
1531165559398,1531165559394,246771,0.00021580,196.83000000,0
1531165594435,1531165594429,246772,0.00021610,32.01000000,1
1531165658623,1531165658617,246773,0.00021660,293.06000000,0
1531165658641,1531165658636,246774,0.00021660,154.78000000,0
1531165708510,1531165708504,246775,0.00021660,52.33000000,0
1531165732563,1531165732558,246776,0.00021660,51.00000000,0
1531165732575,1531165732569,246777,0.00021660,245.96000000,0
1531165763731,1531165763724,246778,0.00021620,349.67000000,0
1531165763753,1531165763747,246779,0.00021660,249.78000000,0
1531165855756,1531165855753,246780,0.00021640,132.98000000,0
1531165855772,1531165855768,246781,0.00021640,82.09000000,1
1531165891683,1531165891678,246782,0.00021650,165.15000000,1
1531165891708,1531165891701,246783,0.00021650,135.34000000,1
1531165891722,1531165891717,246784,0.00021640,50.89000000,1
1531165891759,1531165891752,246785,0.00021640,71.78000000,0
1531165911203,1531165911196,246786,0.00021630,98.48000000,0
1531165916728,1531165916723,246787,0.00021600,405.83000000,0
1531165916745,1531165916742,246788,0.00021630,172.43000000,0
1531165916767,1531165916762,246789,0.00021630,104.43000000,0
1531165916791,1531165916785,246790,0.00021640,10.30000000,0
1531165947357,1531165947353,246791,0.00021650,30.87000000,1
1531165947375,1531165947369,246792,0.00021640,122.66000000,1
1531165986791,1531165986787,246793,0.00021620,363.59000000,0
1531165986806,1531165986800,246794,0.00021640,10.30000000,0
1531166003481,1531166003475,246795,0.00021650,269.72000000,0
1531166003493,1531166003488,246796,0.00021640,122.66000000,1
1531166008540,1531166008533,246797,0.00021640,10.30000000,0
1531166031804,1531166031799,246798,0.00021670,366.56000000,0
1531166031815,1531166031809,246799,0.00021650,229.09000000,1
1531166110941,1531166110935,246800,0.00021670,47.27000000,0
1531166153929,1531166153924,246801,0.00021680,287.93000000,1
1531166190306,1531166190304,246802,0.00021690,47.27000000,0
1531166250769,1531166250768,246803,0.00021700,7.43000000,0
1531166291874,1531166291868,246804,0.00021740,27.92000000,1
1531166356863,1531166356856,246805,0.00021720,10.48000000,1
1531166368034,1531166368028,246806,0.00021760,30.22000000,1
1531166368034,1531166368028,246807,0.00021750,6.16000000,1
1531166414568,1531166414563,246808,0.00021820,30.17000000,0
1531166414581,1531166414576,246809,0.00021820,0.05000000,0
1531166414605,1531166414604,246810,0.00021830,24.61000000,0
1531166414636,1531166414635,246811,0.00021820,22.97000000,1
1531166414644,1531166414638,246812,0.00021820,7.03000000,1
1531166414645,1531166414638,246813,0.00021760,22.97000000,1
1531166414675,1531166414671,246814,0.00021750,15.18000000,1
1531166414675,1531166414671,246815,0.00021720,7.79000000,1
1531166414848,1531166414844,246816,0.00021750,22.97000000,0
1531166414848,1531166414844,246817,0.00021770,7.25000000,0
1531166414873,1531166414866,246818,0.00021720,24.61000000,1
1531166415181,1531166415176,246819,0.00021720,22.97000000,1
1531166421702,1531166421695,246820,0.00021730,176.37000000,1
1531166444486,1531166444481,246821,0.00021700,291.00000000,1
1531166444509,1531166444503,246822,0.00021700,168.87000000,1
1531166445996,1531166445993,246823,0.00021720,22.75000000,0
1531166445996,1531166445993,246824,0.00021730,0.26000000,0
1531166510125,1531166510119,246825,0.00021780,6.27000000,1
1531166525738,1531166525733,246826,0.00021700,292.06000000,1
1531166525756,1531166525752,246827,0.00021700,50.89000000,1
1531166558094,1531166558089,246828,0.00021720,120.41000000,0
1531166558102,1531166558095,246829,0.00021700,109.45000000,1
1531166585545,1531166585541,246830,0.00021690,123.62000000,1
1531166601015,1531166601008,246831,0.00021640,53.59000000,0
1531166602811,1531166602807,246832,0.00021580,145.87000000,1
1531166602847,1531166602832,246833,0.00021580,259.75000000,1
1531166614096,1531166614092,246834,0.00021520,1.52000000,1
1531166682871,1531166682865,246835,0.00021540,279.50000000,1
1531166682889,1531166682883,246836,0.00021540,95.40000000,1
1531166748832,1531166748830,246837,0.00021680,243.84000000,0
1531166782522,1531166782518,246838,0.00021600,387.52000000,0
1531166782530,1531166782524,246839,0.00021680,251.62000000,0
1531166809484,1531166809479,246840,0.00021600,270.64000000,0
1531166809498,1531166809498,246841,0.00021680,37.39000000,0
1531166809521,1531166809515,246842,0.00021680,105.70000000,0
1531166859199,1531166859194,246843,0.00021530,14.41000000,1
1531166879283,1531166879279,246844,0.00021530,11.61000000,1
1531166890246,1531166890239,246845,0.00021500,6.27000000,0
1531166894131,1531166894129,246846,0.00021510,283.00000000,0
1531166894144,1531166894138,246847,0.00021510,80.79000000,0
1531166894808,1531166894804,246848,0.00021500,5.94000000,0
1531166900363,1531166900358,246849,0.00021490,97.41000000,1
1531166900363,1531166900358,246850,0.00021470,28.81000000,1
1531166900363,1531166900358,246851,0.00021450,1.20000000,1
1531166900363,1531166900358,246852,0.00021450,11.52000000,1
1531166905786,1531166905780,246853,0.00021460,276.89000000,1
1531166962628,1531166962622,246854,0.00021510,377.06000000,0
1531166962635,1531166962630,246855,0.00021470,188.53000000,1
1531166967880,1531166967875,246856,0.00021480,29.85000000,1
1531166967880,1531166967875,246857,0.00021470,214.59000000,1
1531166992203,1531166992202,246858,0.00021450,64.31000000,1
1531166996648,1531166996642,246859,0.00021430,11.20000000,1
1531167000305,1531167000300,246860,0.00021420,18.65000000,1
1531167019911,1531167019906,246861,0.00021330,134.21000000,1
1531167029497,1531167029495,246862,0.00021300,276.89000000,1
1531167057128,1531167057122,246863,0.00021310,244.84000000,1
1531167057146,1531167057141,246864,0.00021310,234.90000000,1
1531167084094,1531167084093,246865,0.00021310,6.51000000,1
1531167105163,1531167105158,246866,0.00021300,230.01000000,1
1531167131926,1531167131924,246867,0.00021310,46.92000000,0
1531167134368,1531167134362,246868,0.00021310,6.68000000,0
1531167145666,1531167145662,246869,0.00021320,141.81000000,1
1531167145683,1531167145678,246870,0.00021320,4.70000000,1
1531167158645,1531167158640,246871,0.00021350,183.28000000,0
1531167158659,1531167158653,246872,0.00021320,183.78000000,1
1531167158673,1531167158667,246873,0.00021320,99.59000000,1
1531167186001,1531167185997,246874,0.00021310,44.82000000,1
1531167219531,1531167219525,246875,0.00021310,95.84000000,1
1531167244860,1531167244854,246876,0.00021350,429.76000000,0
1531167244873,1531167244871,246877,0.00021310,88.62000000,1
1531167244886,1531167244881,246878,0.00021310,294.37000000,1
1531167279415,1531167279410,246879,0.00021310,124.48000000,1
1531167279438,1531167279431,246880,0.00021310,229.18000000,1
1531167300883,1531167300878,246881,0.00021310,173.75000000,1
1531167339411,1531167339405,246882,0.00021350,622.45000000,0
1531167339429,1531167339422,246883,0.00021310,245.06000000,1
1531167354438,1531167354433,246884,0.00021350,205.41000000,0
1531167354457,1531167354451,246885,0.00021310,148.84000000,1
1531167383225,1531167383219,246886,0.00021310,58.28000000,1
1531167383241,1531167383235,246887,0.00021310,224.90000000,1
1531167398046,1531167398041,246888,0.00021320,289.06000000,1
1531167405500,1531167405499,246889,0.00021390,92.16000000,0
1531167437458,1531167437457,246890,0.00021450,71.14000000,0
1531167437473,1531167437468,246891,0.00021420,31.48000000,1
1531167444762,1531167444758,246892,0.00021410,5.08000000,1
1531167465440,1531167465435,246893,0.00021470,214.59000000,0
1531167466643,1531167466637,246894,0.00021480,5.08000000,1
1531167468723,1531167468720,246895,0.00021490,10.24000000,0
1531167477141,1531167477135,246896,0.00021500,78.00000000,1
1531167488557,1531167488549,246897,0.00021600,33.97000000,0
1531167488557,1531167488549,246898,0.00021610,12.29000000,0
1531167488557,1531167488549,246899,0.00021640,40.42000000,0
1531167488557,1531167488549,246900,0.00021660,19.19000000,0
1531167488557,1531167488549,246901,0.00021690,126.85000000,0
1531167488586,1531167488584,246902,0.00021690,319.95000000,1
1531167488605,1531167488600,246903,0.00021690,36.38000000,1
1531167488712,1531167488708,246904,0.00021690,34.04000000,1
1531167490593,1531167490587,246905,0.00021710,184.41000000,1
1531167490593,1531167490587,246906,0.00021690,214.28000000,1
1531167491302,1531167491296,246907,0.00021710,70.29000000,0
1531167498657,1531167498654,246908,0.00021730,18.33000000,1
1531167587683,1531167587677,246909,0.00021650,31.61000000,1
1531167587683,1531167587677,246910,0.00021580,22.32000000,1
1531167595262,1531167595255,246911,0.00021650,306.48000000,0
1531167595280,1531167595275,246912,0.00021590,18.57000000,1
1531167595299,1531167595294,246913,0.00021590,273.63000000,1
1531167611110,1531167611104,246914,0.00021650,179.32000000,0
1531167611124,1531167611122,246915,0.00021700,167.71000000,0
1531167611142,1531167611136,246916,0.00021700,131.87000000,0
1531167700241,1531167700235,246917,0.00021650,234.54000000,0
1531167700256,1531167700249,246918,0.00021600,102.87000000,1
1531167785097,1531167785091,246919,0.00021650,275.36000000,1
1531167785117,1531167785111,246920,0.00021650,299.51000000,1
1531167840819,1531167840815,246921,0.00021590,85.11000000,1
1531167864337,1531167864331,246922,0.00021590,32.32000000,1
1531167921446,1531167921441,246923,0.00021620,156.87000000,1
1531167942277,1531167942270,246924,0.00021650,44.91000000,1
1531167943952,1531167943946,246925,0.00021640,117.43000000,1
1531167950774,1531167950768,246926,0.00021640,60.18000000,1
1531168086939,1531168086934,246927,0.00021600,60.03000000,1
1531168118613,1531168118608,246928,0.00021640,450.17000000,0
1531168118628,1531168118625,246929,0.00021600,12.07000000,1
1531168118646,1531168118640,246930,0.00021600,244.65000000,1
1531168238711,1531168238705,246931,0.00021580,227.09000000,1
1531168298260,1531168298255,246932,0.00021590,185.43000000,1
1531168311001,1531168310994,246933,0.00021660,287.30000000,0
1531168311014,1531168311008,246934,0.00021590,283.61000000,1
1531168311036,1531168311033,246935,0.00021590,106.40000000,1
1531168478835,1531168478832,246936,0.00021580,26.89000000,1
1531168484578,1531168484575,246937,0.00021600,46.50000000,0
1531168484587,1531168484582,246938,0.00021630,23.01000000,0
1531168557378,1531168557374,246939,0.00021630,39.64000000,0
1531168640962,1531168640955,246940,0.00021580,83.81000000,1
1531168717860,1531168717854,246941,0.00021580,99.73000000,0
1531168717860,1531168717854,246942,0.00021610,85.11000000,0
1531168717860,1531168717854,246943,0.00021720,232.25000000,0
1531168717860,1531168717854,246944,0.00021730,192.98000000,0
1531168717876,1531168717871,246945,0.00021730,521.21000000,1
1531168717884,1531168717881,246946,0.00021730,228.95000000,1
1531168717897,1531168717894,246947,0.00021730,33.71000000,1
1531168718291,1531168718284,246948,0.00021730,31.61000000,1
1531168755980,1531168755974,246949,0.00021740,14.75000000,0
1531168755980,1531168755974,246950,0.00021810,1513.69000000,0
1531168773087,1531168773080,246951,0.00021810,129.28000000,0
1531168773087,1531168773080,246952,0.00021820,914.35000000,0
1531168779610,1531168779604,246953,0.00021820,12.12000000,1
1531168779611,1531168779610,246954,0.00021820,1.77000000,1
1531168781364,1531168781358,246955,0.00021830,38.58000000,0
1531168781591,1531168781589,246956,0.00021830,6.95000000,1
1531168781593,1531168781589,246957,0.00021830,4.63000000,1
1531168807954,1531168807948,246958,0.00021830,440.00000000,1
1531168812712,1531168812705,246959,0.00021840,4.63000000,0
1531168812811,1531168812806,246960,0.00021840,2.05000000,0
1531168812811,1531168812806,246961,0.00021850,5.01000000,0
1531168822039,1531168822034,246962,0.00021860,5.00000000,0
1531168858412,1531168854559,246963,0.00021870,2.12000000,0
1531168860626,1531168860623,246964,0.00021860,7.44000000,1
1531168860626,1531168860623,246965,0.00021700,8.61000000,1
1531168860688,1531168860686,246966,0.00021700,9.79000000,1
1531168869245,1531168869233,246967,0.00021690,46.92000000,1
1531168881288,1531168881283,246968,0.00021750,389.17000000,0
1531168881303,1531168881300,246969,0.00021720,173.75000000,1
1531168940114,1531168940110,246970,0.00021750,77.09000000,0
1531168940127,1531168940122,246971,0.00021730,18.17000000,1
1531168940141,1531168940136,246972,0.00021730,47.00000000,1
1531168976485,1531168976480,246973,0.00021740,94.68000000,1
1531169024109,1531169024105,246974,0.00021770,10.48000000,1
1531169036621,1531169036615,246975,0.00021820,188.02000000,0
1531169036641,1531169036635,246976,0.00021780,86.25000000,1
1531169054838,1531169054832,246977,0.00021830,389.93000000,0
1531169054853,1531169054848,246978,0.00021810,183.93000000,1
1531169095464,1531169095459,246979,0.00021830,79.18000000,1
1531169145067,1531169145061,246980,0.00021860,4.62000000,0
1531169156241,1531169156235,246981,0.00021840,171.40000000,1
1531169165281,1531169165275,246982,0.00021860,4.62000000,0
1531169170734,1531169170728,246983,0.00021840,11.65000000,1
1531169170750,1531169170746,246984,0.00021840,207.06000000,1
1531169196688,1531169196679,246985,0.00021860,45.60000000,0
1531169196688,1531169196679,246986,0.00021870,62.40000000,0
1531169196688,1531169196679,246987,0.00021880,85.82000000,0
1531169196688,1531169196679,246988,0.00021900,5.02000000,0
1531169196688,1531169196679,246989,0.00021910,9.23000000,0
1531169196688,1531169196679,246990,0.00021920,50.80000000,0
1531169196688,1531169196679,246991,0.00021950,4.61000000,0
1531169196688,1531169196679,246992,0.00021970,137.61000000,0
1531169196688,1531169196679,246993,0.00021990,236.72000000,0
1531169196705,1531169196703,246994,0.00021990,74.92000000,1
1531169196731,1531169196728,246995,0.00021990,20.44000000,1
1531169196776,1531169196774,246996,0.00021990,30.22000000,1
1531169196777,1531169196774,246997,0.00021990,33.16000000,1
1531169196817,1531169196816,246998,0.00021990,278.00000000,1
1531169196839,1531169196835,246999,0.00021990,30.00000000,1
1531169196859,1531169196854,247000,0.00021990,30.00000000,1
1531169196930,1531169196924,247001,0.00021990,97.00000000,1
1531169197710,1531169197708,247002,0.00021990,26.37000000,1
1531169199401,1531169199395,247003,0.00021990,100.00000000,1
1531169204725,1531169204720,247004,0.00022000,47.13000000,1
1531169212363,1531169212358,247005,0.00022000,23.01000000,1
1531169219269,1531169219265,247006,0.00021990,10.27000000,1
1531169224443,1531169224440,247007,0.00022010,4.59000000,0
1531169224834,1531169224828,247008,0.00022010,4.59000000,0
1531169224859,1531169224851,247009,0.00022010,4.59000000,0
1531169225431,1531169225426,247010,0.00022010,4.59000000,0
1531169235111,1531169235105,247011,0.00022010,53.84000000,0
1531169289630,1531169289625,247012,0.00022010,44.24000000,1
1531169293531,1531169293525,247013,0.00022010,20.00000000,1
1531169354627,1531169354622,247014,0.00022020,5.51000000,0
1531169355339,1531169355334,247015,0.00022020,3.50000000,0
1531169355339,1531169355334,247016,0.00022030,1.09000000,0
1531169366866,1531169366858,247017,0.00022030,13.75000000,0
1531169376506,1531169376503,247018,0.00022030,4.59000000,0
1531169379690,1531169379684,247019,0.00022020,177.49000000,1
1531169379705,1531169379699,247020,0.00022020,116.57000000,0
1531169379715,1531169379710,247021,0.00022020,38.78000000,1
1531169379734,1531169379729,247022,0.00022020,138.71000000,1
1531169389468,1531169389461,247023,0.00022020,50.00000000,0
1531169389468,1531169389461,247024,0.00022030,1.81000000,0
1531169389468,1531169389461,247025,0.00022070,74.68000000,0
1531169389468,1531169389461,247026,0.00022080,22.72000000,0
1531169389468,1531169389461,247027,0.00022090,27.28000000,0
1531169389468,1531169389461,247028,0.00022120,258.54000000,0
1531169389468,1531169389461,247029,0.00022130,564.97000000,0
1531169405363,1531169405358,247030,0.00022030,199.71000000,1
1531169408425,1531169408419,247031,0.00022130,9.13000000,0
1531169408447,1531169408441,247032,0.00022130,4.57000000,0
1531169416624,1531169416619,247033,0.00022130,4.57000000,0
1531169442603,1531169442598,247034,0.00022110,39.51000000,0
1531169470571,1531169470567,247035,0.00022040,73.51000000,1
1531169572234,1531169572229,247036,0.00022090,100.00000000,1
1531169577182,1531169577176,247037,0.00022100,268.31000000,0
1531169577196,1531169577192,247038,0.00022090,24.21000000,1
1531169585795,1531169585789,247039,0.00022080,9.43000000,1
1531169585829,1531169585826,247040,0.00022080,24.94000000,1
1531169606978,1531169606971,247041,0.00022060,127.95000000,1
1531169606989,1531169606985,247042,0.00022060,180.25000000,1
1531169618040,1531169618034,247043,0.00022050,39.47000000,1
1531169645297,1531169645292,247044,0.00022060,16.62000000,1
1531169645316,1531169645310,247045,0.00022060,202.81000000,1
1531169678607,1531169678602,247046,0.00022100,56.39000000,0
1531169690069,1531169690063,247047,0.00022130,4.57000000,0
1531169702629,1531169702625,247048,0.00022050,0.01000000,1
1531169719953,1531169719949,247049,0.00022060,126.00000000,1
1531169723143,1531169723138,247050,0.00022060,75.28000000,1
1531169730836,1531169730831,247051,0.00022050,6.28000000,1
1531169743703,1531169743699,247052,0.00022020,66.40000000,0
1531169743713,1531169743708,247053,0.00022000,23.21000000,1
1531169765151,1531169765145,247054,0.00022000,46.32000000,1
1531169765169,1531169765164,247055,0.00022000,278.92000000,1
1531169778778,1531169778773,247056,0.00022000,19.98000000,1
1531169801423,1531169801417,247057,0.00022030,112.99000000,0
1531169801430,1531169801426,247058,0.00022000,80.70000000,1
1531169841960,1531169841956,247059,0.00022000,24.51000000,1
1531169851976,1531169851972,247060,0.00022060,4.57000000,0
1531169872633,1531169872629,247061,0.00022060,4.58000000,0
1531169876205,1531169876200,247062,0.00022000,124.06000000,1
1531169876886,1531169876881,247063,0.00022050,15.41000000,0
1531169876886,1531169876881,247064,0.00022060,29.94000000,0
1531169932584,1531169932581,247065,0.00022040,158.37000000,0
1531169932610,1531169932605,247066,0.00022040,290.63000000,0
1531169961143,1531169961138,247067,0.00022010,54.00000000,0
1531169961158,1531169961152,247068,0.00022040,42.85000000,0
1531169966264,1531169966259,247069,0.00022010,376.23000000,0
1531169966277,1531169966272,247070,0.00022040,159.40000000,0
1531169996560,1531169996555,247071,0.00022000,124.62000000,1
1531169996579,1531169996573,247072,0.00022000,5.79000000,1
1531170006094,1531170006090,247073,0.00022030,86.21000000,1
1531170024306,1531170024298,247074,0.00021990,4.55000000,1
1531170024306,1531170024298,247075,0.00021970,13.68000000,1
1531170024306,1531170024298,247076,0.00021900,4.57000000,1
1531170024306,1531170024298,247077,0.00021880,86.00000000,1
1531170024306,1531170024298,247078,0.00021870,44.67000000,1
1531170031118,1531170031114,247079,0.00021860,46.55000000,1
1531170031247,1531170031242,247080,0.00021930,290.25000000,0
1531170031258,1531170031253,247081,0.00021860,208.07000000,1
1531170031280,1531170031275,247082,0.00021860,46.53000000,0
1531170031306,1531170031300,247083,0.00021860,0.02000000,0
1531170031797,1531170031791,247084,0.00021840,46.64000000,1
1531170033123,1531170033119,247085,0.00021850,23.92000000,1
1531170033123,1531170033119,247086,0.00021840,22.61000000,1
1531170040224,1531170040220,247087,0.00021810,10.95000000,1
1531170046867,1531170046861,247088,0.00021850,23.93000000,0
1531170047619,1531170047615,247089,0.00021850,16.62000000,0
1531170047817,1531170047811,247090,0.00021850,16.64000000,0
1531170055052,1531170055044,247091,0.00021810,7.41000000,1
1531170055052,1531170055044,247092,0.00021780,4.60000000,1
1531170055052,1531170055044,247093,0.00021760,9.20000000,1
1531170055052,1531170055044,247094,0.00021730,33.66000000,1
1531170055052,1531170055044,247095,0.00021720,13.08000000,1
1531170055080,1531170055075,247096,0.00021720,8.15000000,0
1531170055101,1531170055098,247097,0.00021720,11.20000000,0
1531170055113,1531170055106,247098,0.00021690,8.15000000,1
1531170055150,1531170055143,247099,0.00021720,5.30000000,0
1531170058694,1531170058688,247100,0.00021700,27.42000000,0
1531170060823,1531170060821,247101,0.00021690,2.01000000,1
1531170066860,1531170066853,247102,0.00021670,28.92000000,1
1531170070644,1531170070638,247103,0.00021680,145.19000000,0
1531170074523,1531170074516,247104,0.00021720,0.08000000,0
1531170074523,1531170074516,247105,0.00021750,27.42000000,0
1531170074523,1531170074516,247106,0.00021850,32.26000000,0
1531170074523,1531170074516,247107,0.00021910,26.58000000,0
1531170074523,1531170074516,247108,0.00021950,27.01000000,0
1531170074523,1531170074516,247109,0.00021960,13.73000000,0
1531170074523,1531170074516,247110,0.00022010,13.70000000,0
1531170074523,1531170074516,247111,0.00022020,27.54000000,0
1531170074554,1531170074549,247112,0.00022020,5.30000000,1
1531170074569,1531170074565,247113,0.00022020,36.38000000,1
1531170074833,1531170074828,247114,0.00022020,5.30000000,1
1531170075913,1531170075908,247115,0.00022020,5.29000000,1
1531170077251,1531170077247,247116,0.00022030,104.97000000,0
1531170077838,1531170077833,247117,0.00022020,42.72000000,1
1531170080374,1531170080367,247118,0.00022020,104.97000000,1
1531170081540,1531170081534,247119,0.00022050,258.02000000,0
1531170084653,1531170084647,247120,0.00022030,23.14000000,1
1531170084653,1531170084647,247121,0.00022020,224.90000000,1
1531170084653,1531170084647,247122,0.00021860,9.97000000,1
1531170084771,1531170084764,247123,0.00021860,0.01000000,1
1531170094689,1531170094682,247124,0.00022060,4.58000000,0
1531170094693,1531170094688,247125,0.00022060,4.58000000,0
1531170094923,1531170094919,247126,0.00022060,4.58000000,0
1531170095002,1531170094996,247127,0.00022060,4.32000000,0
1531170114339,1531170114333,247128,0.00022070,0.26000000,1
1531170114928,1531170114925,247129,0.00022050,4.58000000,0
1531170115508,1531170115501,247130,0.00022050,4.58000000,0
1531170115766,1531170115760,247131,0.00022050,4.58000000,0
1531170115862,1531170115858,247132,0.00022050,4.58000000,0
1531170125183,1531170125178,247133,0.00022010,298.30000000,0
1531170125192,1531170125186,247134,0.00021970,271.18000000,1
1531170135203,1531170135199,247135,0.00022050,9.16000000,0
1531170135621,1531170135616,247136,0.00022050,6.87000000,0
1531170135828,1531170135823,247137,0.00022050,4.58000000,0
1531170149421,1531170149416,247138,0.00021950,0.15000000,1
1531170151060,1531170151054,247139,0.00021930,0.15000000,1
1531170159196,1531170159190,247140,0.00021970,195.15000000,1
1531170189079,1531170189074,247141,0.00021960,57.67000000,1
1531170189107,1531170189101,247142,0.00021960,251.84000000,1
1531170231459,1531170231454,247143,0.00022040,36.38000000,0
1531170235282,1531170235276,247144,0.00022000,174.18000000,0
1531170235299,1531170235293,247145,0.00021960,167.50000000,1
1531170279601,1531170279595,247146,0.00021980,471.12000000,0
1531170279615,1531170279610,247147,0.00022020,50.60000000,0
1531170279637,1531170279631,247148,0.00022020,179.81000000,0
1531170323066,1531170323060,247149,0.00022020,5.51000000,0
1531170355875,1531170355869,247150,0.00021980,94.06000000,1
1531170355894,1531170355887,247151,0.00021980,206.06000000,1
1531170390242,1531170390236,247152,0.00021960,172.18000000,1
1531170416783,1531170416777,247153,0.00021970,201.30000000,0
1531170416795,1531170416790,247154,0.00021960,157.28000000,1
1531170447257,1531170447253,247155,0.00021960,150.93000000,1
1531170476485,1531170476480,247156,0.00021960,216.96000000,1
1531170496550,1531170496545,247157,0.00021960,164.78000000,1
1531170558815,1531170558808,247158,0.00022020,3.82000000,0
1531170578482,1531170578476,247159,0.00022040,142.34000000,0
1531170578494,1531170578489,247160,0.00022060,157.59000000,0
1531170578509,1531170578504,247161,0.00022060,58.35000000,0
1531170597777,1531170597772,247162,0.00022070,0.73000000,0
1531170604134,1531170604130,247163,0.00022010,21.63000000,0
1531170604150,1531170604145,247164,0.00021960,7.25000000,1
1531170622335,1531170622330,247165,0.00022060,20.03000000,0
1531170622355,1531170622350,247166,0.00022060,55.28000000,0
1531170654213,1531170654207,247167,0.00022060,286.43000000,0
1531170710589,1531170710584,247168,0.00021980,37.28000000,1
1531170710609,1531170710602,247169,0.00021980,56.60000000,1
1531170725522,1531170725517,247170,0.00021950,28.32000000,1
1531170725522,1531170725517,247171,0.00021920,0.84000000,1
1531170758975,1531170758970,247172,0.00021990,179.37000000,0
1531170758993,1531170758986,247173,0.00022060,251.40000000,0
1531170759004,1531170758998,247174,0.00022060,122.84000000,0
1531170875806,1531170875802,247175,0.00022030,28.00000000,0
1531170891084,1531170891078,247176,0.00022030,0.32000000,0
1531170895269,1531170895267,247177,0.00022050,282.50000000,0
1531170895286,1531170895281,247178,0.00022040,267.87000000,1
1531170895298,1531170895292,247179,0.00022040,132.00000000,1
1531170920422,1531170920417,247180,0.00022030,5.41000000,1
1531170929827,1531170929821,247181,0.00022070,199.78000000,0
1531170944145,1531170944141,247182,0.00022080,10.34000000,0
1531170955626,1531170955621,247183,0.00022070,144.31000000,0
1531170955647,1531170955641,247184,0.00022070,125.51000000,0
1531170959300,1531170959293,247185,0.00021930,115.16000000,1
1531170959300,1531170959293,247186,0.00021920,4.57000000,1
1531170959300,1531170959293,247187,0.00021910,4.57000000,1
1531170959300,1531170959293,247188,0.00021900,9.14000000,1
1531170959892,1531170959886,247189,0.00021900,169.41000000,0
1531170984685,1531170984680,247190,0.00021910,217.50000000,1
1531171003923,1531171003919,247191,0.00022050,4.58000000,0
1531171043963,1531171043957,247192,0.00021890,100.45000000,1
1531171043966,1531171043960,247193,0.00021890,1.12000000,1
1531171043966,1531171043960,247194,0.00021860,27.46000000,1
1531171043966,1531171043960,247195,0.00021840,7.38000000,1
1531171084802,1531171084795,247196,0.00021920,9.20000000,0
1531171085821,1531171085816,247197,0.00021880,345.55000000,0
1531171085835,1531171085829,247198,0.00021840,283.25000000,1
1531171103615,1531171103610,247199,0.00021860,379.88000000,0
1531171103628,1531171103623,247200,0.00021840,253.25000000,1
1531171122176,1531171122173,247201,0.00021830,18.34000000,1
1531171160909,1531171160903,247202,0.00021720,177.50000000,1
1531171160939,1531171160934,247203,0.00021720,278.62000000,1
1531171197338,1531171197334,247204,0.00021770,238.24000000,0
1531171197347,1531171197342,247205,0.00021720,169.65000000,1
1531171197369,1531171197365,247206,0.00021720,99.26000000,1
1531171228970,1531171228965,247207,0.00021770,228.41000000,0
1531171228987,1531171228981,247208,0.00021720,47.39000000,1
1531171229011,1531171229007,247209,0.00021720,132.81000000,1
1531171265809,1531171265804,247210,0.00021800,0.26000000,0
1531171272194,1531171272189,247211,0.00021780,47.07000000,0
1531171272200,1531171272196,247212,0.00021770,21.28000000,1
1531171272217,1531171272212,247213,0.00021770,18.39000000,1
1531171272421,1531171272417,247214,0.00021800,84.87000000,0
1531171285171,1531171285166,247215,0.00021760,4.60000000,1
1531171303297,1531171303292,247216,0.00021710,54.80000000,1
1531171306883,1531171306881,247217,0.00021710,13.70000000,1
1531171321283,1531171321279,247218,0.00021710,9.98000000,1
1531171323416,1531171323411,247219,0.00021710,23.00000000,1
1531171347764,1531171347759,247220,0.00021830,4.63000000,0
1531171436778,1531171436774,247221,0.00021770,9.15000000,0
1531171436788,1531171436785,247222,0.00021720,5.04000000,1
1531171502171,1531171502167,247223,0.00021830,4.92000000,0
1531171509867,1531171509862,247224,0.00021880,7.38000000,0
1531171509867,1531171509862,247225,0.00021970,4.63000000,0
1531171509867,1531171509862,247226,0.00022010,15.14000000,0
1531171531888,1531171531883,247227,0.00021930,28.33000000,0
1531171531907,1531171531901,247228,0.00021870,12.66000000,1
1531171580241,1531171580236,247229,0.00021920,99.29000000,1
1531171590262,1531171590257,247230,0.00021980,5.62000000,0
1531171592789,1531171592785,247231,0.00021970,20.28000000,0
1531171592810,1531171592805,247232,0.00021960,10.33000000,1
1531171653962,1531171653957,247233,0.00021840,52.10000000,1
1531171675526,1531171675522,247234,0.00021940,228.12000000,0
1531171675544,1531171675540,247235,0.00021940,183.25000000,0
1531171795743,1531171795739,247236,0.00021870,47.89000000,0
1531171795757,1531171795753,247237,0.00021820,34.21000000,1
1531171823036,1531171823032,247238,0.00021830,230.37000000,1
1531171823050,1531171823047,247239,0.00021830,30.28000000,1
1531171941268,1531171941264,247240,0.00021840,297.98000000,1
1531171941293,1531171941288,247241,0.00021840,124.15000000,1
1531171946331,1531171946327,247242,0.00021840,84.78000000,1
1531171961127,1531171961121,247243,0.00021840,4.59000000,1
1531172105076,1531172105071,247244,0.00021810,66.68000000,1
1531172200509,1531172200505,247245,0.00021840,11.23000000,1
1531172225937,1531172225933,247246,0.00021820,27.39000000,0
1531172225947,1531172225944,247247,0.00021800,13.16000000,1
1531172330899,1531172330894,247248,0.00021850,68.12000000,0
1531172330899,1531172330894,247249,0.00021970,159.46000000,0
1531172378793,1531172378789,247250,0.00021890,215.42000000,0
1531172378804,1531172378800,247251,0.00021870,138.09000000,1
1531172428446,1531172428442,247252,0.00021890,65.18000000,1
1531172430948,1531172430947,247253,0.00021870,77.90000000,1
1531172458735,1531172458732,247254,0.00021970,4.60000000,0
1531172481278,1531172481274,247255,0.00021850,10.33000000,1
1531172489545,1531172489540,247256,0.00021890,150.00000000,1
1531172492598,1531172492594,247257,0.00021910,9.00000000,1
1531172493097,1531172493093,247258,0.00021910,57.86000000,1
1531172512973,1531172512970,247259,0.00022000,82.09000000,0
1531172513196,1531172513195,247260,0.00022010,83.74000000,0
1531172513196,1531172513195,247261,0.00022020,18.42000000,0
1531172513340,1531172513337,247262,0.00022020,28.89000000,1
1531172513459,1531172513455,247263,0.00022020,18.42000000,1
1531172513660,1531172513656,247264,0.00022020,9.91000000,1
1531172513660,1531172513656,247265,0.00022000,8.49000000,1
1531172513732,1531172513728,247266,0.00022000,9.91000000,1
1531172516868,1531172516863,247267,0.00022000,19.64000000,1
1531172524862,1531172524860,247268,0.00022020,665.44000000,0
1531172524879,1531172524875,247269,0.00022010,119.09000000,1
1531172524899,1531172524895,247270,0.00022010,244.65000000,1
1531172548664,1531172548659,247271,0.00022010,149.46000000,1
1531172548680,1531172548676,247272,0.00022010,171.56000000,1
1531172558695,1531172558689,247273,0.00022010,216.25000000,1
1531172590451,1531172590448,247274,0.00022030,159.00000000,1
1531172590466,1531172590463,247275,0.00022030,245.43000000,1
1531172620401,1531172620399,247276,0.00022020,24.84000000,0
1531172620408,1531172620405,247277,0.00022010,171.00000000,1
1531172620420,1531172620417,247278,0.00022010,8.50000000,1
1531172641888,1531172641885,247279,0.00022020,498.35000000,0
1531172641898,1531172641893,247280,0.00022010,259.56000000,1
1531172675758,1531172675754,247281,0.00022040,30.00000000,0
1531172699435,1531172699430,247282,0.00022020,316.17000000,0
1531172699443,1531172699439,247283,0.00022010,146.09000000,1
1531172699460,1531172699456,247284,0.00022010,222.65000000,1
1531172738657,1531172738654,247285,0.00022020,654.54000000,0
1531172738672,1531172738669,247286,0.00022010,263.93000000,1
1531172756235,1531172756231,247287,0.00022030,226.96000000,0
1531172775986,1531172775983,247288,0.00022010,177.93000000,1
1531172776004,1531172776001,247289,0.00022010,187.81000000,1
1531172815439,1531172815437,247290,0.00022020,521.65000000,0
1531172815448,1531172815444,247291,0.00022010,289.81000000,1
1531172840714,1531172840711,247292,0.00022010,230.25000000,1
1531172840734,1531172840730,247293,0.00022010,93.29000000,1
1531172877216,1531172877211,247294,0.00022020,691.63000000,0
1531172877238,1531172877235,247295,0.00022010,285.81000000,1
1531172885198,1531172885194,247296,0.00022010,61.53000000,1
1531172927002,1531172926998,247297,0.00022010,281.06000000,1
1531172927020,1531172927017,247298,0.00022010,125.65000000,1
1531172938369,1531172938365,247299,0.00022000,43.96000000,1
1531172938369,1531172938365,247300,0.00021930,85.16000000,1
1531172938369,1531172938365,247301,0.00021920,610.88000000,1
1531172960223,1531172960220,247302,0.00021960,153.42000000,1
1531172960514,1531172960512,247303,0.00021960,7.49000000,1
1531172992113,1531172992109,247304,0.00021910,114.41000000,0
1531172992124,1531172992122,247305,0.00021880,43.67000000,1
1531173004849,1531173004846,247306,0.00021900,144.51000000,0
1531173004856,1531173004853,247307,0.00021880,86.23000000,1
1531173004874,1531173004871,247308,0.00021880,107.84000000,1
1531173044849,1531173044847,247309,0.00021910,4.61000000,0
1531173087868,1531173087864,247310,0.00021900,51.13000000,1
1531173099936,1531173099934,247311,0.00021870,283.90000000,0
1531173099950,1531173099949,247312,0.00021840,182.00000000,1
1531173132307,1531173132305,247313,0.00021900,136.18000000,0
1531173132325,1531173132322,247314,0.00021900,31.98000000,0
1531173195622,1531173195619,247315,0.00021890,30.01000000,1
1531173195622,1531173195619,247316,0.00021880,11.05000000,1
1531173219335,1531173219332,247317,0.00021900,228.66000000,0
1531173219352,1531173219348,247318,0.00021850,103.93000000,1
1531173257168,1531173257165,247319,0.00021900,10.98000000,1
1531173305936,1531173305933,247320,0.00021920,258.17000000,0
1531173305947,1531173305944,247321,0.00021880,33.75000000,1
1531173305968,1531173305964,247322,0.00021880,103.26000000,1
1531173380031,1531173380027,247323,0.00021920,80.55000000,0
1531173380031,1531173380027,247324,0.00021990,4.60000000,0
1531173380031,1531173380027,247325,0.00022030,5.86000000,0
1531173387358,1531173387355,247326,0.00022030,4.59000000,0
1531173400313,1531173400311,247327,0.00021940,45.75000000,1
1531173400333,1531173400329,247328,0.00021940,115.95000000,1
1531173407745,1531173407741,247329,0.00022030,4.59000000,0
1531173441126,1531173441125,247330,0.00021940,200.09000000,1
1531173501920,1531173501917,247331,0.00021990,66.79000000,1
1531173517734,1531173517731,247332,0.00021990,129.75000000,1
1531173517758,1531173517755,247333,0.00021990,195.18000000,1
1531173562020,1531173562016,247334,0.00021950,63.14000000,1
1531173574996,1531173574994,247335,0.00022000,20.44000000,1
1531173595751,1531173595748,247336,0.00022010,128.43000000,1
1531173595762,1531173595758,247337,0.00022010,43.57000000,1
1531173610474,1531173610472,247338,0.00022000,14.97000000,1
1531173614188,1531173614186,247339,0.00022010,130.65000000,0
1531173614215,1531173614213,247340,0.00022010,114.26000000,0
1531173657342,1531173657340,247341,0.00022010,233.75000000,1
1531173690967,1531173690964,247342,0.00022010,52.27000000,1
1531173691672,1531173691670,247343,0.00022010,150.79000000,1
1531173698643,1531173698641,247344,0.00022000,590.89000000,1
1531173698667,1531173698663,247345,0.00022010,52.27000000,0
1531173722043,1531173722041,247346,0.00022020,456.65000000,1
1531173722058,1531173722054,247347,0.00022020,390.55000000,0
1531173722069,1531173722066,247348,0.00022020,158.34000000,1
1531173722094,1531173722090,247349,0.00022020,298.31000000,1
1531173722110,1531173722108,247350,0.00022010,150.79000000,1
1531173739519,1531173739513,247351,0.00022010,52.27000000,0
1531173739519,1531173739513,247352,0.00022030,123.08000000,0
1531173739519,1531173739513,247353,0.00022040,41.94000000,0
1531173739519,1531173739513,247354,0.00022050,27.33000000,0
1531173739519,1531173739513,247355,0.00022060,31.92000000,0
1531173739519,1531173739513,247356,0.00022080,3.31000000,0
1531173739519,1531173739513,247357,0.00022090,59.83000000,0
1531173739519,1531173739513,247358,0.00022100,10.62000000,0
1531173752239,1531173752234,247359,0.00022100,33.95000000,0
1531173752239,1531173752234,247360,0.00022110,4.58000000,0
1531173752239,1531173752234,247361,0.00022120,135.63000000,0
1531173757157,1531173757152,247362,0.00022110,22.85000000,1
1531173757327,1531173757324,247363,0.00022120,86.94000000,0
1531173763997,1531173763994,247364,0.00022120,86.94000000,0
1531173774066,1531173774064,247365,0.00022130,9.13000000,0
1531173774183,1531173774181,247366,0.00022130,4.57000000,0
1531173786612,1531173786608,247367,0.00022130,4.57000000,0
1531173795423,1531173795421,247368,0.00022090,512.09000000,0
1531173795441,1531173795439,247369,0.00022050,117.59000000,1
1531173795457,1531173795453,247370,0.00022050,237.09000000,1
1531173835150,1531173835147,247371,0.00022130,4.57000000,0
1531173835847,1531173835843,247372,0.00022050,25.96000000,1
1531173907597,1531173907594,247373,0.00022130,13.69000000,0
1531173909769,1531173909768,247374,0.00022130,9.08000000,0
1531173937071,1531173937068,247375,0.00022130,4.57000000,0
1531173973627,1531173973624,247376,0.00022130,11.41000000,0
1531173987230,1531173987228,247377,0.00022050,23.00000000,1
1531174017207,1531174017204,247378,0.00022070,626.97000000,0
1531174017228,1531174017225,247379,0.00022020,217.68000000,1
1531174088867,1531174088863,247380,0.00022000,71.87000000,1
1531174116053,1531174116050,247381,0.00022010,140.19000000,1
1531174119176,1531174119174,247382,0.00022010,58.90000000,1
1531174132707,1531174132704,247383,0.00021990,75.87000000,1
1531174134378,1531174134374,247384,0.00022000,9.18000000,0
1531174138937,1531174138935,247385,0.00021990,10.44000000,1
1531174155449,1531174155447,247386,0.00022010,15.61000000,0
1531174155566,1531174155564,247387,0.00021980,70.23000000,1
1531174155593,1531174155590,247388,0.00022010,124.58000000,0
1531174156860,1531174156858,247389,0.00022010,74.51000000,1
1531174257120,1531174257118,247390,0.00022060,4.58000000,0
1531174259325,1531174259323,247391,0.00022060,4.58000000,0
1531174309621,1531174309618,247392,0.00021980,248.81000000,1
1531174337485,1531174337483,247393,0.00021990,5.28000000,1
1531174338151,1531174338148,247394,0.00022100,4.57000000,0
1531174341405,1531174341403,247395,0.00021990,33.69000000,1
1531174394658,1531174394654,247396,0.00021970,45.09000000,1
1531174394658,1531174394654,247397,0.00021950,9.12000000,1
1531174394658,1531174394654,247398,0.00021940,21.66000000,1
1531174394658,1531174394654,247399,0.00021930,60.12000000,1
1531174478793,1531174478790,247400,0.00022030,583.64000000,0
1531174478807,1531174478804,247401,0.00021980,251.56000000,1
1531174497696,1531174497694,247402,0.00021980,56.75000000,1
1531174497716,1531174497713,247403,0.00021980,114.37000000,1
1531174519855,1531174519851,247404,0.00022030,4.59000000,0
1531174521202,1531174521200,247405,0.00022010,104.56000000,1
1531174539545,1531174539543,247406,0.00022070,4.58000000,0
1531174552030,1531174552027,247407,0.00021980,208.18000000,1
1531174552052,1531174552050,247408,0.00021980,210.18000000,1
1531174581454,1531174581451,247409,0.00022020,163.62000000,0
1531174581466,1531174581465,247410,0.00021980,104.81000000,1
1531174581483,1531174581482,247411,0.00021980,94.04000000,1
1531174612024,1531174612022,247412,0.00022020,264.57000000,0
1531174612038,1531174612036,247413,0.00021980,193.09000000,1
1531174612050,1531174612049,247414,0.00021980,143.78000000,1
1531174615962,1531174615960,247415,0.00021970,4.56000000,1
1531174615962,1531174615960,247416,0.00021930,0.02000000,1
1531174626434,1531174626431,247417,0.00022010,171.74000000,0
1531174626442,1531174626440,247418,0.00021960,56.25000000,1
1531174626459,1531174626457,247419,0.00021960,86.73000000,1
1531174659529,1531174659527,247420,0.00021970,67.51000000,1
1531174659549,1531174659548,247421,0.00021970,126.45000000,1
1531174689514,1531174689513,247422,0.00022030,6.81000000,0
1531174689533,1531174689530,247423,0.00022000,5.41000000,1
1531174730385,1531174730383,247424,0.00021990,11.37000000,1
1531174735221,1531174735218,247425,0.00022010,69.56000000,1
1531174735231,1531174735230,247426,0.00022010,170.78000000,1
1531174794732,1531174794730,247427,0.00022030,82.55000000,1
1531174794736,1531174794734,247428,0.00022030,11.02000000,1
1531174794762,1531174794760,247429,0.00022030,36.38000000,1
1531174795698,1531174795696,247430,0.00022050,177.11000000,0
1531174795705,1531174795703,247431,0.00022030,172.01000000,1
1531174838217,1531174838215,247432,0.00022040,318.83000000,0
1531174838231,1531174838230,247433,0.00022020,196.81000000,1
1531174851185,1531174851183,247434,0.00022020,254.59000000,1
1531174885498,1531174885495,247435,0.00022020,7.65000000,1
1531174889343,1531174889340,247436,0.00022010,7.65000000,1
1531174921301,1531174921298,247437,0.00022050,142.68000000,0
1531174921311,1531174921310,247438,0.00022040,128.53000000,1
1531174921333,1531174921330,247439,0.00022040,80.15000000,1
1531174922560,1531174922559,247440,0.00022060,4.69000000,0
1531174922560,1531174922559,247441,0.00022070,15.00000000,0
1531174927905,1531174927901,247442,0.00022070,32.71000000,0
1531174927905,1531174927901,247443,0.00022090,12.62000000,0
1531174941246,1531174941243,247444,0.00022040,80.37000000,1
1531174975528,1531174975526,247445,0.00022060,49.06000000,0
1531174975542,1531174975538,247446,0.00022040,31.44000000,1
1531175001306,1531175001303,247447,0.00022070,364.13000000,0
1531175001325,1531175001322,247448,0.00022060,78.06000000,1
1531175001336,1531175001334,247449,0.00022060,289.00000000,1
1531175016055,1531175016053,247450,0.00022080,13.97000000,0
1531175016055,1531175016053,247451,0.00022090,214.66000000,0
1531175065609,1531175065607,247452,0.00022030,33.64000000,1
1531175207176,1531175207174,247453,0.00022030,30.00000000,1
1531175220450,1531175220448,247454,0.00022050,456.61000000,1
1531175242093,1531175242092,247455,0.00022070,254.56000000,0
1531175242103,1531175242101,247456,0.00022030,165.31000000,1
1531175253674,1531175253673,247457,0.00022110,4.57000000,0
1531175262968,1531175262965,247458,0.00022110,13.17000000,0
1531175264854,1531175264852,247459,0.00022110,3.29000000,0
1531175267188,1531175267186,247460,0.00022110,7.41000000,0
1531175268594,1531175268592,247461,0.00022110,1.24000000,0
1531175270120,1531175270118,247462,0.00022110,1.24000000,0
1531175275221,1531175275219,247463,0.00022040,111.95000000,1
1531175275245,1531175275242,247464,0.00022040,246.25000000,1
1531175286983,1531175286980,247465,0.00022120,4.57000000,0
1531175287158,1531175287156,247466,0.00022120,4.57000000,0
1531175301850,1531175301849,247467,0.00022030,249.46000000,1
1531175301865,1531175301862,247468,0.00022030,257.63000000,1
1531175327499,1531175327497,247469,0.00022030,274.68000000,1
1531175361606,1531175361605,247470,0.00022060,609.54000000,0
1531175361622,1531175361621,247471,0.00022030,219.25000000,1
1531175367587,1531175367585,247472,0.00022020,913.23000000,1
1531175367587,1531175367585,247473,0.00022020,228.63000000,1
1531175383680,1531175383678,247474,0.00022030,75.54000000,1
1531175421907,1531175421904,247475,0.00022060,132.87000000,0
1531175421921,1531175421918,247476,0.00022030,44.60000000,1
1531175433564,1531175433563,247477,0.00022060,327.55000000,0
1531175433571,1531175433570,247478,0.00022030,127.95000000,1
1531175455179,1531175455176,247479,0.00022060,351.13000000,0
1531175455195,1531175455194,247480,0.00022030,13.41000000,1
1531175455210,1531175455208,247481,0.00022030,216.75000000,1
1531175457536,1531175457534,247482,0.00022010,452.06000000,1
1531175484029,1531175484026,247483,0.00022030,199.06000000,1
1531175516822,1531175516820,247484,0.00022040,251.68000000,1
1531175516835,1531175516833,247485,0.00022040,296.00000000,1
1531175531031,1531175531030,247486,0.00022070,145.45000000,0
1531175531042,1531175531042,247487,0.00022030,69.93000000,1
1531175543053,1531175543051,247488,0.00022070,353.93000000,0
1531175543066,1531175543064,247489,0.00022030,186.28000000,1
1531175577250,1531175577248,247490,0.00022030,119.68000000,1
1531175577261,1531175577260,247491,0.00022030,56.67000000,1
1531175584858,1531175584855,247492,0.00022030,148.56000000,1
1531175601964,1531175601962,247493,0.00022040,213.71000000,1
1531175636062,1531175636059,247494,0.00022030,187.59000000,1
1531175636084,1531175636083,247495,0.00022030,47.35000000,1
1531175663746,1531175663743,247496,0.00022020,107.06000000,1
1531175695226,1531175695224,247497,0.00022040,70.98000000,0
1531175695240,1531175695237,247498,0.00022020,35.50000000,1
1531175719789,1531175719787,247499,0.00022040,13.19000000,0
1531175719796,1531175719795,247500,0.00022020,5.33000000,1
1531175756650,1531175756648,247501,0.00022040,337.08000000,0
1531175756669,1531175756667,247502,0.00022020,294.87000000,1
1531175756685,1531175756684,247503,0.00022020,247.87000000,1
1531175760857,1531175760854,247504,0.00022010,370.00000000,1
1531175773263,1531175773260,247505,0.00022020,76.51000000,1
1531175816633,1531175816631,247506,0.00022040,329.16000000,0
1531175816642,1531175816640,247507,0.00022020,33.35000000,1
1531175816667,1531175816666,247508,0.00022020,175.09000000,1
1531175845780,1531175845779,247509,0.00022060,450.22000000,0
1531175845798,1531175845797,247510,0.00022020,166.75000000,1
1531175845842,1531175845840,247511,0.00022010,26.32000000,1
1531175860098,1531175860097,247512,0.00022070,70.73000000,0
1531175860107,1531175860106,247513,0.00022040,32.14000000,1
1531175880270,1531175880269,247514,0.00022040,66.18000000,1
1531175880285,1531175880284,247515,0.00022040,171.56000000,1
1531175901990,1531175901989,247516,0.00022070,150.50000000,0
1531175902004,1531175902003,247517,0.00022040,4.54000000,1
1531175902019,1531175902018,247518,0.00022040,91.76000000,1
1531175923151,1531175923150,247519,0.00022070,564.37000000,0
1531175923170,1531175923166,247520,0.00022040,114.59000000,1
1531175923185,1531175923184,247521,0.00022040,215.40000000,1
1531175935182,1531175935179,247522,0.00022040,36.75000000,1
1531175943225,1531175943223,247523,0.00022040,76.90000000,1
1531175961694,1531175961693,247524,0.00022070,556.79000000,0
1531175961703,1531175961701,247525,0.00022040,263.56000000,1
1531175961725,1531175961724,247526,0.00022040,219.21000000,1
1531175979282,1531175979279,247527,0.00022040,282.74000000,0
1531175979294,1531175979293,247528,0.00022020,109.59000000,1
1531176006540,1531176006538,247529,0.00022040,214.81000000,0
1531176006553,1531176006550,247530,0.00022020,13.02000000,1
1531176006571,1531176006570,247531,0.00022020,126.34000000,1
1531176035364,1531176035362,247532,0.00022020,55.78000000,1
1531176035384,1531176035382,247533,0.00022020,292.26000000,1
1531176056058,1531176056057,247534,0.00022020,189.03000000,1
1531176056071,1531176056069,247535,0.00022020,122.37000000,1
1531176087178,1531176087175,247536,0.00022020,192.59000000,1
1531176087195,1531176087192,247537,0.00022020,175.37000000,1
1531176098445,1531176098443,247538,0.00022040,305.66000000,0
1531176098453,1531176098451,247539,0.00022020,299.68000000,1
1531176107936,1531176107934,247540,0.00022010,120.41000000,1
1531176124987,1531176124987,247541,0.00022040,242.37000000,0
1531176124999,1531176124998,247542,0.00022020,299.68000000,1
1531176125110,1531176125107,247543,0.00022020,183.62000000,1
1531176125753,1531176125751,247544,0.00022010,74.57000000,1
1531176136786,1531176136784,247545,0.00022010,18.13000000,1
1531176158784,1531176158783,247546,0.00022020,234.87000000,1
1531176169074,1531176169073,247547,0.00022040,647.89000000,0
1531176169098,1531176169095,247548,0.00022020,197.12000000,1
1531176169118,1531176169116,247549,0.00022020,247.28000000,1
1531176185456,1531176185453,247550,0.00022020,210.96000000,1
1531176190279,1531176190277,247551,0.00022030,477.79000000,0
1531176190295,1531176190294,247552,0.00022020,99.06000000,1
1531176190311,1531176190308,247553,0.00022020,291.32000000,1
1531176213052,1531176213050,247554,0.00022050,79.28000000,0
1531176213052,1531176213050,247555,0.00022070,1605.65000000,0
1531176213052,1531176213050,247556,0.00022080,1815.07000000,0
1531176276617,1531176276614,247557,0.00022110,4.57000000,0
1531176280980,1531176280978,247558,0.00022040,127.56000000,1
1531176281003,1531176281001,247559,0.00022040,181.62000000,1
1531176321202,1531176321201,247560,0.00022070,391.63000000,0
1531176321221,1531176321218,247561,0.00022040,139.87000000,1
1531176328992,1531176328990,247562,0.00022040,90.34000000,1
1531176329017,1531176329014,247563,0.00022040,72.31000000,1
1531176381507,1531176381506,247564,0.00022070,616.32000000,0
1531176381521,1531176381518,247565,0.00022040,257.13000000,1
1531176381545,1531176381544,247566,0.00022040,221.68000000,1
1531176399167,1531176399165,247567,0.00022110,1.94000000,0
1531176403607,1531176403606,247568,0.00022040,61.64000000,1
1531176403635,1531176403633,247569,0.00022040,204.00000000,1
1531176404599,1531176404598,247570,0.00022110,2.90000000,0
1531176449587,1531176449586,247571,0.00022060,43.47000000,1
1531176449587,1531176449586,247572,0.00022020,84.51000000,1
1531176449587,1531176449586,247573,0.00022010,32.10000000,1
1531176516131,1531176516130,247574,0.00022050,196.25000000,1
1531176516148,1531176516148,247575,0.00022050,250.37000000,1
1531176555001,1531176554999,247576,0.00022050,176.37000000,1
1531176555019,1531176555018,247577,0.00022050,236.75000000,1
1531176614074,1531176614074,247578,0.00022050,212.09000000,1
1531176614087,1531176614086,247579,0.00022050,278.93000000,1
1531176648103,1531176648102,247580,0.00022050,149.03000000,1
1531176648115,1531176648112,247581,0.00022050,83.26000000,1
1531176687310,1531176687309,247582,0.00022050,201.31000000,1
1531176777122,1531176777120,247583,0.00022070,144.76000000,0
1531176777144,1531176777143,247584,0.00022030,81.31000000,1
1531176795273,1531176795271,247585,0.00022070,872.82000000,0
1531176795290,1531176795289,247586,0.00022030,296.87000000,1
1531176820418,1531176820416,247587,0.00022070,156.28000000,0
1531176820432,1531176820430,247588,0.00022030,104.18000000,1
1531176842490,1531176842487,247589,0.00022110,4.57000000,0
1531176850102,1531176850100,247590,0.00022070,113.39000000,0
1531176850114,1531176850112,247591,0.00022030,114.01000000,1
1531176850122,1531176850121,247592,0.00022030,74.59000000,1
1531176879234,1531176879233,247593,0.00022070,759.72000000,0
1531176879251,1531176879249,247594,0.00022030,285.62000000,1
1531176883542,1531176883540,247595,0.00022030,417.04000000,1
1531176888354,1531176888320,247596,0.00022040,31.15000000,1
1531176888354,1531176888320,247597,0.00022010,394.32000000,1
1531176893644,1531176893643,247598,0.00022000,22.72000000,1
1531176921734,1531176921732,247599,0.00022030,345.34000000,0
1531176921745,1531176921744,247600,0.00021970,100.06000000,1
1531176921755,1531176921753,247601,0.00021970,250.25000000,1
1531176937740,1531176937738,247602,0.00022100,4.57000000,0
1531176950710,1531176950707,247603,0.00022040,47.42000000,0
1531176950727,1531176950726,247604,0.00021980,47.67000000,1
1531176950750,1531176950747,247605,0.00021980,18.82000000,1
1531177009258,1531177009246,247606,0.00021970,11.38000000,1
1531177009258,1531177009246,247607,0.00021960,9.12000000,1
1531177009258,1531177009246,247608,0.00021950,9.12000000,1
1531177009258,1531177009246,247609,0.00021930,4.54000000,1
1531177009258,1531177009246,247610,0.00021920,58.33000000,1
1531177009258,1531177009246,247611,0.00021910,9.13000000,1
1531177009258,1531177009246,247612,0.00021900,4.57000000,1
1531177009258,1531177009246,247613,0.00021890,9.14000000,1
1531177009258,1531177009246,247614,0.00021880,32.91000000,1
1531177009258,1531177009246,247615,0.00021870,22.87000000,1
1531177009258,1531177009246,247616,0.00021830,142.14000000,1
1531177009258,1531177009246,247617,0.00021820,30.58000000,1
1531177009258,1531177009246,247618,0.00021810,10.08000000,1
1531177009258,1531177009246,247619,0.00021800,559.81000000,1
1531177009258,1531177009246,247620,0.00021790,52.48000000,1
1531177009258,1531177009246,247621,0.00021780,83.96000000,1
1531177009258,1531177009246,247622,0.00021760,23.00000000,1
1531177009258,1531177009246,247623,0.00021740,74.73000000,1
1531177009258,1531177009246,247624,0.00021720,78.44000000,1
1531177009258,1531177009246,247625,0.00021710,45.15000000,1
1531177009258,1531177009246,247626,0.00021700,27.44000000,1
1531177009272,1531177009270,247627,0.00021700,461.17000000,0
1531177009280,1531177009278,247628,0.00021700,30.79000000,0
1531177009285,1531177009284,247629,0.00021700,28.80000000,0
1531177009287,1531177009287,247630,0.00021700,461.31000000,0
1531177009310,1531177009310,247631,0.00021700,34.28000000,0
1531177009321,1531177009319,247632,0.00021700,67.26000000,0
1531177009330,1531177009329,247633,0.00021700,38.33000000,0
1531177009338,1531177009336,247634,0.00021700,30.79000000,0
1531177009347,1531177009345,247635,0.00021700,80.22000000,0
1531177009349,1531177009347,247636,0.00021700,67.00000000,0
1531177009356,1531177009354,247637,0.00021690,5.54000000,1
1531177009356,1531177009354,247638,0.00021680,23.26000000,1
1531177009362,1531177009360,247639,0.00021700,67.00000000,0
1531177009368,1531177009367,247640,0.00021700,431.91000000,0
1531177009401,1531177009400,247641,0.00021700,12.97000000,0
1531177009405,1531177009403,247642,0.00021700,23.04000000,0
1531177009420,1531177009418,247643,0.00021680,30.79000000,1
1531177009424,1531177009423,247644,0.00021700,12.97000000,0
1531177009424,1531177009424,247645,0.00021700,259.20000000,0
1531177009427,1531177009427,247646,0.00021700,38.37000000,0
1531177009442,1531177009441,247647,0.00021680,149.98000000,1
1531177009442,1531177009441,247648,0.00021670,33.52000000,1
1531177009442,1531177009441,247649,0.00021660,0.86000000,1
1531177009453,1531177009450,247650,0.00021700,67.63000000,0
1531177009453,1531177009451,247651,0.00021700,203.21000000,0
1531177009467,1531177009466,247652,0.00021660,12.97000000,1
1531177009630,1531177009630,247653,0.00021700,461.18000000,0
1531177010163,1531177010160,247654,0.00021700,40.77000000,0
1531177012299,1531177012297,247655,0.00021680,46.05000000,1
1531177012299,1531177012297,247656,0.00021660,300.55000000,1
1531177014060,1531177014058,247657,0.00021670,27.40000000,0
1531177014447,1531177014445,247658,0.00021670,27.36000000,0
1531177015512,1531177015512,247659,0.00021660,161.13000000,1
1531177017240,1531177017239,247660,0.00021650,9.16000000,1
1531177019341,1531177019340,247661,0.00021650,25.57000000,1
1531177021008,1531177021007,247662,0.00021660,4.61000000,0
1531177021716,1531177021716,247663,0.00021660,4.60000000,0
1531177022067,1531177022065,247664,0.00021660,34.20000000,0
1531177022370,1531177022369,247665,0.00021660,4.62000000,0
1531177022534,1531177022531,247666,0.00021660,4.62000000,0
1531177022803,1531177022801,247667,0.00021660,4.61000000,0
1531177023358,1531177023356,247668,0.00021650,42.41000000,1
1531177023519,1531177023517,247669,0.00021660,237.26000000,0
1531177023550,1531177023549,247670,0.00021660,53.26000000,0
1531177023642,1531177023641,247671,0.00021700,4.60000000,0
1531177031157,1531177031155,247672,0.00021690,149.82000000,1
1531177035065,1531177035064,247673,0.00021690,24.10000000,1
1531177036862,1531177036860,247674,0.00021700,24.88000000,0
1531177042076,1531177042075,247675,0.00021700,252.95000000,0
1531177042146,1531177042144,247676,0.00021650,128.93000000,1
1531177045330,1531177045328,247677,0.00021690,30.43000000,0
1531177053835,1531177053834,247678,0.00021680,7.42000000,0
1531177058398,1531177058397,247679,0.00021660,271.05000000,0
1531177058415,1531177058414,247680,0.00021650,176.00000000,1
1531177071224,1531177071222,247681,0.00021650,51.86000000,1
1531177077251,1531177077250,247682,0.00021660,399.06000000,0
1531177077273,1531177077271,247683,0.00021650,290.56000000,1
1531177077293,1531177077292,247684,0.00021650,123.17000000,1
1531177082606,1531177082605,247685,0.00021640,500.00000000,1
1531177091857,1531177091854,247686,0.00021640,32.47000000,0
1531177097140,1531177097138,247687,0.00021630,172.71000000,1
1531177107756,1531177107754,247688,0.00021630,12.97000000,1
1531177118197,1531177118196,247689,0.00021670,49.77000000,0
1531177118343,1531177118342,247690,0.00021680,7.38000000,0
1531177118508,1531177118507,247691,0.00021640,10.25000000,1
1531177126126,1531177126125,247692,0.00021650,66.43000000,0
1531177130978,1531177130978,247693,0.00021640,646.21000000,0
1531177130992,1531177130991,247694,0.00021650,171.16000000,0
1531177132025,1531177132024,247695,0.00021650,10.44000000,1
1531177161934,1531177161933,247696,0.00021660,15.66000000,1
1531177161947,1531177161946,247697,0.00021660,106.01000000,1
1531177161966,1531177161965,247698,0.00021650,55.99000000,1
1531177172695,1531177172693,247699,0.00021630,80.22000000,0
1531177187086,1531177187084,247700,0.00021630,441.14000000,1
1531177187086,1531177187084,247701,0.00021620,710.08000000,1
1531177256620,1531177256620,247702,0.00021660,482.20000000,0
1531177256631,1531177256630,247703,0.00021650,243.53000000,1
1531177257282,1531177257281,247704,0.00021670,152.24000000,0
1531177269059,1531177269056,247705,0.00021640,47.57000000,1
1531177269059,1531177269056,247706,0.00021620,1158.77000000,1
1531177269059,1531177269056,247707,0.00021610,3602.78000000,1
1531177274881,1531177274880,247708,0.00021670,145.54000000,0
1531177274881,1531177274880,247709,0.00021680,47.30000000,0
1531177294654,1531177294652,247710,0.00021630,18.85000000,1
1531177316276,1531177316274,247711,0.00021660,80.90000000,0
1531177316297,1531177316295,247712,0.00021660,113.87000000,0
1531177324904,1531177324904,247713,0.00021650,16.32000000,0
1531177349635,1531177349633,247714,0.00021680,18.45000000,0
1531177368228,1531177368228,247715,0.00021680,30.24000000,0
1531177418105,1531177418103,247716,0.00021630,92.06000000,1
1531177441538,1531177441539,247717,0.00021650,543.89000000,0
1531177441557,1531177441556,247718,0.00021640,157.37000000,1
1531177441576,1531177441576,247719,0.00021640,242.81000000,1
1531177480481,1531177480480,247720,0.00021660,460.80000000,0
1531177480488,1531177480490,247721,0.00021650,130.87000000,1
1531177480506,1531177480507,247722,0.00021650,242.53000000,1
1531177496412,1531177496412,247723,0.00021650,46.00000000,1
1531177524661,1531177524661,247724,0.00021660,32.47000000,1
1531177537505,1531177537506,247725,0.00021660,1.59000000,1
1531177578768,1531177578769,247726,0.00021660,21.08000000,1
1531177578768,1531177578769,247727,0.00021610,9.16000000,1
1531177587131,1531177587130,247728,0.00021610,34.00000000,1
1531177606309,1531177606309,247729,0.00021620,151.68000000,1
1531177606325,1531177606324,247730,0.00021620,5.91000000,1
1531177615631,1531177615633,247731,0.00021630,236.78000000,1
1531177615644,1531177615643,247732,0.00021630,393.08000000,0
1531177615656,1531177615655,247733,0.00021630,236.78000000,1
1531177627664,1531177627664,247734,0.00021610,42.86000000,1
1531177630046,1531177630047,247735,0.00021620,83.56000000,1
1531177633892,1531177633893,247736,0.00021710,19.81000000,0
1531177671487,1531177671488,247737,0.00021630,10.48000000,1
1531177687888,1531177687890,247738,0.00021630,36.00000000,1
1531177701237,1531177701237,247739,0.00021670,195.44000000,0
1531177701253,1531177701254,247740,0.00021640,60.21000000,1
1531177701270,1531177701270,247741,0.00021640,184.37000000,1
1531177796139,1531177796140,247742,0.00021630,10.48000000,1
1531177798725,1531177798727,247743,0.00021630,54.00000000,1
1531177799537,1531177799537,247744,0.00021630,200.56000000,1
1531177799555,1531177799557,247745,0.00021630,66.23000000,1
1531177821741,1531177821743,247746,0.00021620,115.95000000,1
1531177821756,1531177821758,247747,0.00021620,97.39000000,0
1531177821763,1531177821764,247748,0.00021620,115.95000000,1
1531177821781,1531177821783,247749,0.00021630,64.48000000,0
1531177832064,1531177832067,247750,0.00021630,53.45000000,1
1531177847654,1531177847655,247751,0.00021630,2.43000000,1
1531177851231,1531177851233,247752,0.00021630,10.35000000,1
1531177874358,1531177874360,247753,0.00021610,22.00000000,1
1531177882752,1531177882754,247754,0.00021620,214.93000000,1
1531177882779,1531177882781,247755,0.00021620,50.60000000,1
1531177882796,1531177882798,247756,0.00021630,120.36000000,0
1531177905724,1531177905724,247757,0.00021630,10.35000000,1
1531177942919,1531177942921,247758,0.00021610,257.38000000,1
1531177942945,1531177942947,247759,0.00021620,178.75000000,0
1531177942970,1531177942970,247760,0.00021630,120.36000000,0
1531177977841,1531177977842,247761,0.00021630,416.89000000,0
1531177977852,1531177977852,247762,0.00021620,178.15000000,1
1531178003322,1531178003325,247763,0.00021630,116.34000000,0
1531178030192,1531178030194,247764,0.00021630,70.26000000,0
1531178030202,1531178030205,247765,0.00021620,31.37000000,1
1531178030983,1531178030986,247766,0.00021640,10090.59000000,0
1531178031462,1531178031465,247767,0.00021640,18.96000000,1
1531178037267,1531178037269,247768,0.00021710,127.07000000,0
1531178044470,1531178044472,247769,0.00021670,257.00000000,0
1531178044487,1531178044488,247770,0.00021700,106.20000000,0
1531178051654,1531178051658,247771,0.00021680,658.72000000,0
1531178051669,1531178051672,247772,0.00021650,147.68000000,1
1531178051691,1531178051694,247773,0.00021650,255.31000000,1
1531178062287,1531178062288,247774,0.00021650,5.12000000,1
1531178078840,1531178078843,247775,0.00021670,830.80000000,0
1531178078861,1531178078863,247776,0.00021700,172.75000000,0
1531178078881,1531178078884,247777,0.00021700,294.62000000,0
1531178082702,1531178082705,247778,0.00021710,16.55000000,0
1531178096267,1531178096268,247779,0.00021680,743.90000000,0
1531178096286,1531178096289,247780,0.00021650,203.09000000,1
1531178096302,1531178096303,247781,0.00021650,261.93000000,1
1531178105866,1531178105868,247782,0.00021650,78.34000000,1
1531178105888,1531178105891,247783,0.00021650,43.53000000,1
1531178121608,1531178121611,247784,0.00021640,3644.31000000,1
1531178121608,1531178121611,247785,0.00021620,1355.69000000,1
1531178138377,1531178138378,247786,0.00021630,199.21000000,1
1531178138399,1531178138402,247787,0.00021630,284.80000000,1
1531178147178,1531178147180,247788,0.00021620,265.81000000,1
1531178181605,1531178181609,247789,0.00021630,223.50000000,1
1531178181632,1531178181636,247790,0.00021630,77.00000000,1
1531178207075,1531178207078,247791,0.00021640,183.34000000,1
1531178207093,1531178207097,247792,0.00021640,88.20000000,1
1531178227954,1531178227956,247793,0.00021620,138.75000000,1
1531178227954,1531178227956,247794,0.00021610,65.28000000,1
1531178243406,1531178243407,247795,0.00021700,67.23000000,0
1531178243429,1531178243432,247796,0.00021700,67.15000000,0
1531178262634,1531178262638,247797,0.00021660,354.27000000,0
1531178262654,1531178262657,247798,0.00021700,295.24000000,0
1531178285101,1531178285105,247799,0.00021700,152.37000000,0
1531178316770,1531178316773,247800,0.00021640,145.31000000,1
1531178316790,1531178316793,247801,0.00021640,150.53000000,1
1531178362132,1531178362135,247802,0.00021640,45.14000000,1
1531178362287,1531178362292,247803,0.00021620,209.00000000,1
1531178362287,1531178362292,247804,0.00021610,4791.00000000,1
1531178366508,1531178366512,247805,0.00021620,28.47000000,1
1531178366508,1531178366512,247806,0.00021610,282.59000000,1
1531178383397,1531178383399,247807,0.00021620,215.50000000,1
1531178383407,1531178383411,247808,0.00021620,208.37000000,1
1531178405698,1531178405703,247809,0.00021660,195.06000000,0
1531178405705,1531178405709,247810,0.00021620,90.31000000,1
1531178422586,1531178422589,247811,0.00021620,152.84000000,1
1531178422601,1531178422606,247812,0.00021620,251.43000000,1
1531178489337,1531178489342,247813,0.00021660,127.95000000,0
1531178489350,1531178489352,247814,0.00021630,88.84000000,1
1531178517501,1531178517504,247815,0.00021630,120.40000000,1
1531178524880,1531178524885,247816,0.00021660,136.97000000,0
1531178524892,1531178524897,247817,0.00021630,136.96000000,1
1531178558136,1531178558140,247818,0.00021640,28.81000000,0
1531178558148,1531178558152,247819,0.00021630,12.99000000,1
1531178559705,1531178559709,247820,0.00021620,49.37000000,1
1531178586983,1531178586988,247821,0.00021640,78.89000000,0
1531178586999,1531178587002,247822,0.00021620,78.90000000,1
1531178620270,1531178620274,247823,0.00021640,160.27000000,0
1531178620287,1531178620292,247824,0.00021620,135.84000000,1
1531178631243,1531178631248,247825,0.00021620,81.29000000,1
1531178631263,1531178631268,247826,0.00021620,173.28000000,1
1531178657207,1531178657212,247827,0.00021620,24.45000000,1
1531178662109,1531178662114,247828,0.00021620,135.80000000,1
1531178668518,1531178668523,247829,0.00021610,129.01000000,1
1531178676817,1531178676821,247830,0.00021610,138.31000000,1
1531178687125,1531178687130,247831,0.00021620,24.45000000,0
1531178692058,1531178692063,247832,0.00021620,0.01000000,1
1531178706233,1531178706238,247833,0.00021620,135.79000000,1
1531178731508,1531178731514,247834,0.00021620,24.46000000,0
1531178756123,1531178756129,247835,0.00021670,355.94000000,0
1531178756138,1531178756143,247836,0.00021630,77.15000000,1
1531178756158,1531178756162,247837,0.00021630,231.12000000,1
1531178756171,1531178756176,247838,0.00021620,135.79000000,1
1531178762486,1531178762490,247839,0.00021610,101.30000000,1
1531178763430,1531178763435,247840,0.00021620,24.46000000,0
1531178783429,1531178783434,247841,0.00021660,504.15000000,0
1531178783439,1531178783444,247842,0.00021630,208.34000000,1
1531178783463,1531178783467,247843,0.00021620,135.79000000,1
1531178783542,1531178783548,247844,0.00021620,24.46000000,0
1531178794386,1531178794390,247845,0.00021640,10.31000000,0
1531178794401,1531178794406,247846,0.00021630,9.22000000,1
1531178801550,1531178801554,247847,0.00021690,16.24000000,0
1531178836811,1531178836815,247848,0.00021620,12.23000000,1
1531178860505,1531178860509,247849,0.00021630,26.96000000,0
1531178860505,1531178860509,247850,0.00021660,19.27000000,0
1531178860943,1531178860947,247851,0.00021660,46.23000000,0
1531178873474,1531178873479,247852,0.00021620,68.62000000,1
1531178886333,1531178886338,247853,0.00021640,332.03000000,0
1531178886343,1531178886347,247854,0.00021630,159.62000000,1
1531178917205,1531178917210,247855,0.00021630,149.25000000,1
1531178976986,1531178976991,247856,0.00021630,164.64000000,1
1531178979146,1531178979137,247857,0.00021640,24.00000000,0
1531179026011,1531179026017,247858,0.00021630,66.14000000,1
1531179026030,1531179026035,247859,0.00021630,47.37000000,0
1531179026039,1531179026045,247860,0.00021630,17.64000000,1
1531179026061,1531179026066,247861,0.00021630,48.50000000,1
1531179040178,1531179040184,247862,0.00021630,167.56000000,0
1531179050771,1531179050777,247863,0.00021630,227.37000000,1
1531179050817,1531179050793,247864,0.00021630,160.78000000,1
1531179066780,1531179066786,247865,0.00021610,0.22000000,1
1531179081391,1531179081396,247866,0.00021650,171.65000000,0
1531179081406,1531179081412,247867,0.00021650,19.44000000,0
1531179092143,1531179092147,247868,0.00021630,28.98000000,1
1531179092143,1531179092147,247869,0.00021620,637.40000000,1
1531179092143,1531179092147,247870,0.00021610,2984.06000000,1
1531179092702,1531179092708,247871,0.00021610,33.80000000,1
1531179092874,1531179092878,247872,0.00021610,150.00000000,1
1531179092996,1531179093001,247873,0.00021610,637.40000000,1
1531179093060,1531179093063,247874,0.00021610,102.50000000,1
1531179094003,1531179094006,247875,0.00021610,389.29000000,1
1531179094003,1531179094006,247876,0.00021600,216.19000000,1
1531179094003,1531179094006,247877,0.00021590,4.64000000,1
1531179094003,1531179094006,247878,0.00021560,20.41000000,1
1531179094003,1531179094006,247879,0.00021550,106.56000000,1
1531179094003,1531179094006,247880,0.00021500,1107.25000000,1
1531179094292,1531179094297,247881,0.00021510,58.58000000,1
1531179094292,1531179094297,247882,0.00021500,266.42000000,1
1531179094984,1531179094988,247883,0.00021500,538.95000000,1
1531179095143,1531179095149,247884,0.00021500,232.55000000,1
1531179099838,1531179099843,247885,0.00021500,27.42000000,1
1531179099875,1531179099880,247886,0.00021500,41.02000000,1
1531179100711,1531179100717,247887,0.00021500,37.50000000,1
1531179101497,1531179101503,247888,0.00021500,66.31000000,1
1531179102987,1531179102993,247889,0.00021500,143.85000000,1
1531179104260,1531179104264,247890,0.00021500,58.73000000,1
1531179106137,1531179106143,247891,0.00021500,108.50000000,1
1531179110166,1531179110171,247892,0.00021510,82.12000000,1
1531179110166,1531179110171,247893,0.00021500,20.56000000,1
1531179127968,1531179127974,247894,0.00021500,82.12000000,1
1531179138814,1531179138820,247895,0.00021510,78.72000000,1
1531179138814,1531179138820,247896,0.00021500,23.78000000,1
1531179145161,1531179145167,247897,0.00021510,166.65000000,1
1531179145180,1531179145184,247898,0.00021510,102.50000000,1
1531179145279,1531179145283,247899,0.00021510,117.49000000,1
1531179145279,1531179145283,247900,0.00021500,79.05000000,1
1531179147384,1531179147390,247901,0.00021500,4.70000000,1
1531179175719,1531179175724,247902,0.00021500,118.97000000,1
1531179186116,1531179186120,247903,0.00021500,157.22000000,1
1531179190956,1531179190959,247904,0.00021510,78.72000000,0
1531179190956,1531179190959,247905,0.00021600,30.94000000,0
1531179190956,1531179190959,247906,0.00021610,18.92000000,0
1531179190956,1531179190959,247907,0.00021620,186.30000000,0
1531179190956,1531179190959,247908,0.00021660,502.37000000,0
1531179192266,1531179192272,247909,0.00021660,92.95000000,1
1531179192835,1531179192840,247910,0.00021660,353.04000000,1
1531179196176,1531179196180,247911,0.00021510,75.18000000,1
1531179196176,1531179196180,247912,0.00021500,17.36000000,1
1531179196791,1531179196795,247913,0.00021650,31.55000000,0
1531179230560,1531179230563,247914,0.00021530,221.23000000,0
1531179230570,1531179230575,247915,0.00021520,92.18000000,1
1531179246992,1531179246997,247916,0.00021500,131.89000000,1
1531179256818,1531179256824,247917,0.00021500,118.13000000,1
1531179267724,1531179267731,247918,0.00021500,139.74000000,1
1531179278542,1531179278546,247919,0.00021500,73.09000000,1
1531179288234,1531179288241,247920,0.00021500,38.33000000,1
1531179306396,1531179306402,247921,0.00021510,9.07000000,1
1531179433504,1531179433510,247922,0.00021500,11.61000000,1
1531179434033,1531179434039,247923,0.00021500,32.02000000,1
1531179438454,1531179438458,247924,0.00021500,151.21000000,1
1531179438477,1531179438483,247925,0.00021510,106.48000000,0
1531179447815,1531179447821,247926,0.00021530,4.60000000,0
1531179463026,1531179463032,247927,0.00021530,4.46000000,0
1531179463026,1531179463032,247928,0.00021650,15.54000000,0
1531179475903,1531179475908,247929,0.00021580,207.44000000,0
1531179475920,1531179475926,247930,0.00021660,249.53000000,0
1531179475935,1531179475941,247931,0.00021660,136.46000000,0
1531179565948,1531179565954,247932,0.00021590,0.59000000,1
1531179567673,1531179567680,247933,0.00021540,0.59000000,1
1531179596577,1531179596583,247934,0.00021610,357.57000000,0
1531179596592,1531179596598,247935,0.00021660,207.65000000,0
1531179596607,1531179596612,247936,0.00021660,173.59000000,0
1531179630756,1531179630761,247937,0.00021610,81.98000000,0
1531179630763,1531179630769,247938,0.00021660,248.87000000,0
1531179630781,1531179630787,247939,0.00021660,54.64000000,0
1531179638536,1531179638542,247940,0.00021660,294.68000000,0
1531179649663,1531179649670,247941,0.00021610,484.59000000,0
1531179649673,1531179649678,247942,0.00021660,174.59000000,0
1531179649691,1531179649697,247943,0.00021660,192.31000000,0
1531179710454,1531179710461,247944,0.00021600,42.73000000,0
1531179710473,1531179710477,247945,0.00021660,27.75000000,0
1531179772763,1531179772770,247946,0.00021610,562.65000000,0
1531179772777,1531179772782,247947,0.00021660,194.03000000,0
1531179779216,1531179779223,247948,0.00021570,31.75000000,1
1531179856661,1531179856667,247949,0.00021570,104.18000000,1
1531179856686,1531179856692,247950,0.00021570,103.09000000,1
1531179862073,1531179862080,247951,0.00021540,37.04000000,1
1531179935980,1531179935985,247952,0.00021520,74.63000000,0
1531179935997,1531179936002,247953,0.00021540,63.25000000,0
1531180368057,1531180368063,247954,0.00021540,120.99000000,1
1531180368057,1531180368063,247955,0.00021500,879.01000000,1
1531180384247,1531180384253,247956,0.00021510,89.90000000,1
1531180420277,1531180420285,247957,0.00021540,259.37000000,0
1531180434298,1531180434306,247958,0.00021520,165.39000000,0
1531180434313,1531180434320,247959,0.00021540,69.76000000,0
1531180434329,1531180434335,247960,0.00021540,162.15000000,0
1531180538447,1531180538455,247961,0.00021520,586.87000000,0
1531180538465,1531180538471,247962,0.00021510,202.37000000,1
1531180565415,1531180565422,247963,0.00021520,221.66000000,0
1531180565424,1531180565433,247964,0.00021510,156.09000000,1
1531180575851,1531180575859,247965,0.00021500,79.75000000,1
1531180593653,1531180593660,247966,0.00021540,46.42000000,0
1531180597322,1531180597296,247967,0.00021510,41.10000000,1
1531180600301,1531180600308,247968,0.00021510,26.30000000,1
1531180600316,1531180600324,247969,0.00021510,19.61000000,0
1531180600318,1531180600325,247970,0.00021510,0.98000000,0
1531180630663,1531180630670,247971,0.00021510,291.27000000,0
1531180630674,1531180630681,247972,0.00021530,57.50000000,0
1531180630697,1531180630703,247973,0.00021530,234.90000000,0
1531180631841,1531180631847,247974,0.00021500,31.75000000,1
1531180634577,1531180634585,247975,0.00021500,219.26000000,1
1531180658842,1531180658849,247976,0.00021520,414.42000000,0
1531180658861,1531180658868,247977,0.00021510,178.62000000,1
1531180672189,1531180672195,247978,0.00021540,23.08000000,0
1531180682649,1531180682656,247979,0.00021530,24.85000000,0
1531180682667,1531180682674,247980,0.00021530,249.12000000,0
1531180686379,1531180686385,247981,0.00021500,1000.00000000,1
1531180720086,1531180720093,247982,0.00021530,42.71000000,0
1531180720108,1531180720113,247983,0.00021530,153.93000000,0
1531180726450,1531180726457,247984,0.00021510,122.74000000,0
1531180726467,1531180726473,247985,0.00021530,57.89000000,0
1531180778996,1531180779001,247986,0.00021530,285.50000000,0
