event_time,trade_time,trade_id,price,quantity,maker
1531160311432,1531160311428,2006356,0.00004895,767.00000000,0
1531160312450,1531160312447,2006357,0.00004895,140.00000000,1
1531160312614,1531160312610,2006358,0.00004906,1.00000000,0
1531160322670,1531160322665,2006359,0.00004910,22.00000000,1
1531160381370,1531160381367,2006360,0.00004910,15.00000000,1
1531160493839,1531160493836,2006361,0.00004898,27.00000000,1
1531160503000,1531160502997,2006362,0.00004898,29.00000000,1
1531160505576,1531160505573,2006363,0.00004902,37.00000000,0
1531160580564,1531160580559,2006364,0.00004912,264.00000000,0
1531160580564,1531160580559,2006365,0.00004917,2420.00000000,0
1531160580564,1531160580559,2006366,0.00004918,12826.00000000,0
1531160580589,1531160580586,2006367,0.00004918,124.00000000,1
1531160584855,1531160584852,2006368,0.00004933,84.00000000,0
1531160584883,1531160584880,2006369,0.00004933,75.00000000,1
1531160584901,1531160584898,2006370,0.00004933,140.00000000,1
1531160587149,1531160587148,2006371,0.00004936,121.00000000,0
1531160587181,1531160587179,2006372,0.00004936,182.00000000,1
1531160589237,1531160589233,2006373,0.00004934,469.00000000,1
1531160731659,1531160731657,2006374,0.00004932,122.00000000,0
1531160923006,1531160923002,2006375,0.00004932,47.00000000,0
1531160956096,1531160956091,2006376,0.00004934,950.00000000,1
1531161012080,1531161012075,2006377,0.00004936,40.00000000,0
1531161053510,1531161053506,2006378,0.00004944,168.00000000,0
1531161097594,1531161097589,2006379,0.00004950,320.00000000,0
1531161119148,1531161119143,2006380,0.00004943,25.00000000,1
1531161119148,1531161119143,2006381,0.00004942,168.00000000,1
1531161119148,1531161119143,2006382,0.00004936,670.00000000,1
1531161119148,1531161119143,2006383,0.00004935,92.00000000,1
1531161119148,1531161119143,2006384,0.00004934,763.00000000,1
1531161119148,1531161119143,2006385,0.00004932,3282.00000000,1
1531161219591,1531161219589,2006386,0.00004935,37.00000000,1
1531161263971,1531161263966,2006387,0.00004946,58.00000000,0
1531161263971,1531161263966,2006388,0.00004950,596.00000000,0
1531161263971,1531161263966,2006389,0.00004951,168.00000000,0
1531161263971,1531161263966,2006390,0.00004960,21.00000000,0
1531161263971,1531161263966,2006391,0.00004974,1620.00000000,0
1531161263971,1531161263966,2006392,0.00004975,234.00000000,0
1531161265939,1531161265935,2006393,0.00004975,709.00000000,0
1531161265939,1531161265935,2006394,0.00004984,82.00000000,0
1531161265939,1531161265935,2006395,0.00004986,21.00000000,0
1531161265939,1531161265935,2006396,0.00004989,63.00000000,0
1531161301698,1531161301692,2006397,0.00004961,163.00000000,1
1531161358385,1531161358381,2006398,0.00004967,120.00000000,1
1531161458506,1531161458501,2006399,0.00004964,306.00000000,1
1531161470279,1531161470275,2006400,0.00004965,140.00000000,1
1531161516629,1531161516627,2006401,0.00004978,21.00000000,0
1531161577845,1531161577839,2006402,0.00004962,218.00000000,1
1531161578153,1531161578150,2006403,0.00004962,76.00000000,1
1531161578153,1531161578150,2006404,0.00004959,126.00000000,1
1531161578160,1531161578156,2006405,0.00004959,42.00000000,1
1531161578160,1531161578156,2006406,0.00004955,21.00000000,1
1531161578160,1531161578156,2006407,0.00004935,77.00000000,1
1531161580096,1531161580093,2006408,0.00004964,77.00000000,1
1531161641331,1531161641328,2006409,0.00004964,59.00000000,1
1531161697053,1531161697048,2006410,0.00004964,108.00000000,1
1531161697053,1531161697048,2006411,0.00004937,505.00000000,1
1531161697053,1531161697048,2006412,0.00004935,120.00000000,1
1531161697053,1531161697048,2006413,0.00004932,174.00000000,1
1531161697129,1531161697124,2006414,0.00004932,105.00000000,1
1531161705788,1531161705782,2006415,0.00004935,77.00000000,1
1531161803542,1531161803538,2006416,0.00004940,119.00000000,0
1531161803593,1531161803590,2006417,0.00004934,119.00000000,1
1531161844097,1531161844092,2006418,0.00004940,1.00000000,0
1531161871343,1531161871339,2006419,0.00004940,160.00000000,1
1531161912535,1531161912531,2006420,0.00004940,607.00000000,0
1531162033480,1531162033475,2006421,0.00004940,461.00000000,0
1531162044735,1531162044731,2006422,0.00004934,30.00000000,1
1531162277065,1531162277061,2006423,0.00004940,298.00000000,0
1531162314956,1531162314951,2006424,0.00004940,823.00000000,0
1531162450902,1531162450897,2006425,0.00004940,1585.00000000,0
1531162488019,1531162488017,2006426,0.00004933,202.00000000,1
1531162554458,1531162554452,2006427,0.00004933,23.00000000,1
1531162622572,1531162622567,2006428,0.00004934,721.00000000,1
1531162634531,1531162634526,2006429,0.00004934,721.00000000,1
1531162666831,1531162666826,2006430,0.00004934,344.00000000,1
1531162722303,1531162722297,2006431,0.00004934,90.00000000,0
1531162722303,1531162722297,2006432,0.00004940,82.00000000,0
1531162733953,1531162733948,2006433,0.00004940,204.00000000,0
1531162883193,1531162883188,2006434,0.00004940,809.00000000,0
1531162966371,1531162966365,2006435,0.00004940,8277.00000000,0
1531163004099,1531163004094,2006436,0.00004940,409.00000000,0
1531163028962,1531163028957,2006437,0.00004940,3653.00000000,0
1531163077483,1531163077479,2006438,0.00004947,25.00000000,0
1531163151189,1531163151183,2006439,0.00004947,113.00000000,0
1531163227245,1531163227240,2006440,0.00004947,30.00000000,0
1531163371154,1531163371148,2006441,0.00004965,119.00000000,0
1531163371154,1531163371148,2006442,0.00004966,595.00000000,0
1531163371154,1531163371148,2006443,0.00004969,167.00000000,0
1531163371154,1531163371148,2006444,0.00004972,56.00000000,0
1531163371154,1531163371148,2006445,0.00004979,402.00000000,0
1531163371154,1531163371148,2006446,0.00004991,3822.00000000,0
1531163378681,1531163378674,2006447,0.00004987,167.00000000,0
1531163378681,1531163378674,2006448,0.00004992,2249.00000000,0
1531163401745,1531163401740,2006449,0.00004992,97.00000000,0
1531163403676,1531163403671,2006450,0.00004992,4827.00000000,0
1531163413415,1531163413409,2006451,0.00004992,75.00000000,1
1531163413585,1531163413580,2006452,0.00004992,60.00000000,1
1531163416000,1531163415993,2006453,0.00004992,243.00000000,0
1531163416028,1531163416022,2006454,0.00004995,607.00000000,1
1531163416437,1531163416432,2006455,0.00004995,607.00000000,1
1531163418473,1531163418467,2006456,0.00004995,299.00000000,1
1531163418593,1531163418589,2006457,0.00004995,161.00000000,1
1531163422247,1531163422242,2006458,0.00005002,99.00000000,0
1531163431888,1531163431882,2006459,0.00005009,22.00000000,0
1531163431888,1531163431882,2006460,0.00005010,557.00000000,0
1531163431888,1531163431882,2006461,0.00005011,4823.00000000,0
1531163441870,1531163441865,2006462,0.00005011,51.00000000,0
1531163444981,1531163444975,2006463,0.00005011,822.00000000,0
1531163447301,1531163447295,2006464,0.00005011,548.00000000,0
1531163448585,1531163448580,2006465,0.00005011,5488.00000000,0
1531163449175,1531163449167,2006466,0.00005011,603.00000000,0
1531163453432,1531163453426,2006467,0.00005013,163.00000000,0
1531163453432,1531163453426,2006468,0.00005028,3965.00000000,0
1531163454085,1531163454080,2006469,0.00005013,107.00000000,1
1531163454087,1531163454081,2006470,0.00005013,11.00000000,1
1531163454087,1531163454081,2006471,0.00005003,107.00000000,1
1531163454131,1531163454128,2006472,0.00005003,118.00000000,1
1531163462513,1531163462507,2006473,0.00005033,344.00000000,0
1531163462526,1531163462520,2006474,0.00005033,280.00000000,1
1531163462552,1531163462546,2006475,0.00005006,273.00000000,1
1531163471016,1531163471012,2006476,0.00005010,122.00000000,1
1531163472636,1531163472631,2006477,0.00005029,20.00000000,0
1531163474307,1531163474303,2006478,0.00005010,119.00000000,1
1531163489193,1531163489190,2006479,0.00005022,41.00000000,0
1531163489300,1531163489295,2006480,0.00005022,21.00000000,0
1531163491639,1531163491635,2006481,0.00005013,646.00000000,1
1531163492275,1531163492269,2006482,0.00005022,211.00000000,0
1531163492275,1531163492269,2006483,0.00005023,83.00000000,0
1531163492275,1531163492269,2006484,0.00005033,102.00000000,0
1531163492275,1531163492269,2006485,0.00005034,1585.00000000,0
1531163497453,1531163497450,2006486,0.00005034,3811.00000000,0
1531163510091,1531163510085,2006487,0.00005030,24.00000000,0
1531163518612,1531163518606,2006488,0.00005030,119.00000000,1
1531163519469,1531163519463,2006489,0.00005030,66.00000000,1
1531163525600,1531163525594,2006490,0.00005030,20.00000000,1
1531163537335,1531163537330,2006491,0.00005040,523.00000000,0
1531163545973,1531163545968,2006492,0.00005040,129.00000000,0
1531163548045,1531163548039,2006493,0.00005032,40.00000000,1
1531163549977,1531163549970,2006494,0.00005040,65.00000000,0
1531163554986,1531163554980,2006495,0.00005043,41.00000000,0
1531163556099,1531163556094,2006496,0.00005044,224.00000000,0
1531163557112,1531163557105,2006497,0.00005046,31.00000000,0
1531163558339,1531163558333,2006498,0.00005050,147.00000000,0
1531163558339,1531163558333,2006499,0.00005053,1.00000000,0
1531163559584,1531163559577,2006500,0.00005053,250.00000000,0
1531163559819,1531163559814,2006501,0.00005043,1.00000000,1
1531163560013,1531163560006,2006502,0.00005043,500.00000000,1
1531163572198,1531163572191,2006503,0.00005050,85.00000000,1
1531163572303,1531163572297,2006504,0.00005053,124.00000000,0
1531163573254,1531163573249,2006505,0.00005053,215.00000000,0
1531163573274,1531163573269,2006506,0.00005053,1081.00000000,1
1531163577972,1531163577967,2006507,0.00005044,1606.00000000,1
1531163577972,1531163577967,2006508,0.00005043,1807.00000000,1
1531163577972,1531163577967,2006509,0.00005040,1634.00000000,1
1531163593319,1531163593316,2006510,0.00005050,20.00000000,0
1531163593374,1531163593368,2006511,0.00005053,32.00000000,1
1531163593408,1531163593406,2006512,0.00005053,1.00000000,1
1531163594106,1531163594101,2006513,0.00005053,599.00000000,1
1531163597307,1531163597302,2006514,0.00005054,198.00000000,0
1531163598796,1531163598789,2006515,0.00005058,24.00000000,0
1531163598796,1531163598789,2006516,0.00005062,115.00000000,0
1531163598796,1531163598789,2006517,0.00005063,41.00000000,0
1531163610289,1531163610283,2006518,0.00005063,57.00000000,0
1531163610289,1531163610283,2006519,0.00005066,120.00000000,0
1531163610289,1531163610283,2006520,0.00005072,19.00000000,0
1531163614484,1531163614477,2006521,0.00005050,12.00000000,1
1531163626705,1531163626699,2006522,0.00005071,1.00000000,0
1531163627341,1531163627334,2006523,0.00005070,117.00000000,0
1531163629131,1531163629125,2006524,0.00005070,1.00000000,0
1531163631315,1531163631309,2006525,0.00005070,14.00000000,0
1531163631573,1531163631568,2006526,0.00005070,1.00000000,0
1531163633342,1531163633336,2006527,0.00005070,8.00000000,0
1531163642609,1531163642603,2006528,0.00005070,416.00000000,0
1531163645790,1531163645783,2006529,0.00005068,4.00000000,0
1531163649903,1531163649897,2006530,0.00005068,4.00000000,0
1531163651264,1531163651260,2006531,0.00005068,20.00000000,0
1531163665307,1531163665302,2006532,0.00005055,50.00000000,1
1531163670863,1531163670857,2006533,0.00005058,19.00000000,1
1531163675718,1531163675714,2006534,0.00005058,159.00000000,1
1531163675718,1531163675714,2006535,0.00005055,301.00000000,1
1531163679919,1531163679914,2006536,0.00005060,646.00000000,1
1531163700177,1531163700172,2006537,0.00005060,180.00000000,1
1531163712574,1531163712568,2006538,0.00005068,4.00000000,0
1531163713158,1531163713153,2006539,0.00005069,36.00000000,1
1531163713799,1531163713795,2006540,0.00005069,20.00000000,1
1531163713799,1531163713795,2006541,0.00005060,76.00000000,1
1531163724414,1531163724409,2006542,0.00005070,165.00000000,0
1531163725159,1531163725154,2006543,0.00005070,55.00000000,1
1531163725917,1531163725913,2006544,0.00005072,98.00000000,0
1531163725917,1531163725913,2006545,0.00005083,99.00000000,0
1531163735563,1531163735554,2006546,0.00005083,98.00000000,0
1531163735563,1531163735554,2006547,0.00005084,124.00000000,0
1531163735563,1531163735554,2006548,0.00005090,117.00000000,0
1531163735563,1531163735554,2006549,0.00005091,101.00000000,0
1531163735563,1531163735554,2006550,0.00005092,80.00000000,0
1531163735563,1531163735554,2006551,0.00005099,20.00000000,0
1531163735563,1531163735554,2006552,0.00005100,574.00000000,0
1531163735563,1531163735554,2006553,0.00005102,120.00000000,0
1531163735563,1531163735554,2006554,0.00005104,61.00000000,0
1531163735563,1531163735554,2006555,0.00005107,27.00000000,0
1531163735563,1531163735554,2006556,0.00005108,2490.00000000,0
1531163735563,1531163735554,2006557,0.00005110,101.00000000,0
1531163735563,1531163735554,2006558,0.00005115,117.00000000,0
1531163735563,1531163735554,2006559,0.00005120,4433.00000000,0
1531163735563,1531163735554,2006560,0.00005120,652.00000000,1
1531163735600,1531163735594,2006561,0.00005063,137.00000000,1
1531163735600,1531163735594,2006562,0.00005062,496.00000000,1
1531163735600,1531163735594,2006563,0.00005061,19.00000000,1
1531163743415,1531163743408,2006564,0.00005087,7.00000000,0
1531163743529,1531163743525,2006565,0.00005087,13.00000000,0
1531163743529,1531163743525,2006566,0.00005090,40.00000000,0
1531163743686,1531163743681,2006567,0.00005099,63.00000000,1
1531163744034,1531163744027,2006568,0.00005086,74.00000000,0
1531163744034,1531163744027,2006569,0.00005100,980.00000000,0
1531163744034,1531163744027,2006570,0.00005128,300.00000000,0
1531163744034,1531163744027,2006571,0.00005129,174.00000000,0
1531163744034,1531163744027,2006572,0.00005132,652.00000000,0
1531163744034,1531163744027,2006573,0.00005133,2293.00000000,0
1531163744034,1531163744027,2006574,0.00005150,2987.00000000,0
1531163744045,1531163744039,2006575,0.00005150,63.00000000,1
1531163744061,1531163744056,2006576,0.00005073,63.00000000,1
1531163744976,1531163744972,2006577,0.00005101,38.00000000,0
1531163746410,1531163746404,2006578,0.00005101,6.00000000,0
1531163747974,1531163747968,2006579,0.00005100,469.00000000,0
1531163748048,1531163748040,2006580,0.00005100,420.00000000,0
1531163748048,1531163748040,2006581,0.00005101,19.00000000,0
1531163748048,1531163748040,2006582,0.00005117,116.00000000,0
1531163748063,1531163748058,2006583,0.00005127,789.00000000,1
1531163749399,1531163749393,2006584,0.00005137,4.00000000,0
1531163752325,1531163752319,2006585,0.00005137,34.00000000,0
1531163752325,1531163752319,2006586,0.00005152,469.00000000,0
1531163752325,1531163752319,2006587,0.00005156,610.00000000,0
1531163752398,1531163752392,2006588,0.00005156,3.00000000,0
1531163752652,1531163752648,2006589,0.00005156,383.00000000,0
1531163753459,1531163753453,2006590,0.00005156,1114.00000000,0
1531163753597,1531163753592,2006591,0.00005138,20.00000000,1
1531163753708,1531163753703,2006592,0.00005110,194.00000000,1
1531163754240,1531163754234,2006593,0.00005113,20.00000000,0
1531163754240,1531163754234,2006594,0.00005115,20.00000000,0
1531163754363,1531163754358,2006595,0.00005138,10.00000000,1
1531163755190,1531163755184,2006596,0.00005106,50.00000000,1
1531163755406,1531163755402,2006597,0.00005113,2.00000000,0
1531163755412,1531163755406,2006598,0.00005106,403.00000000,1
1531163755412,1531163755406,2006599,0.00005105,12.00000000,1
1531163755480,1531163755477,2006600,0.00005113,8.00000000,0
1531163755493,1531163755490,2006601,0.00005139,113.00000000,1
1531163758164,1531163758159,2006602,0.00005105,1.00000000,0
1531163759150,1531163759147,2006603,0.00005101,89.00000000,1
1531163759264,1531163759258,2006604,0.00005084,113.00000000,1
1531163760755,1531163760749,2006605,0.00005092,112.00000000,1
1531163762004,1531163761997,2006606,0.00005102,98.00000000,0
1531163763957,1531163763948,2006607,0.00005102,230.00000000,0
1531163763957,1531163763948,2006608,0.00005103,208.00000000,0
1531163763957,1531163763948,2006609,0.00005105,112.00000000,0
1531163763957,1531163763948,2006610,0.00005106,100.00000000,0
1531163763957,1531163763948,2006611,0.00005132,63.00000000,0
1531163763957,1531163763948,2006612,0.00005133,38.00000000,0
1531163763957,1531163763948,2006613,0.00005139,113.00000000,0
1531163763957,1531163763948,2006614,0.00005141,194.00000000,0
1531163763957,1531163763948,2006615,0.00005156,2424.00000000,0
1531163763957,1531163763948,2006616,0.00005157,24.00000000,0
1531163763957,1531163763948,2006617,0.00005160,883.00000000,0
1531163763957,1531163763948,2006618,0.00005165,49.00000000,0
1531163763957,1531163763948,2006619,0.00005178,3291.00000000,0
1531163763957,1531163763948,2006620,0.00005180,1779.00000000,0
1531163763957,1531163763948,2006621,0.00005182,26.00000000,0
1531163763957,1531163763948,2006622,0.00005185,200.00000000,0
1531163763957,1531163763948,2006623,0.00005188,496.00000000,0
1531163763957,1531163763948,2006624,0.00005189,245.00000000,0
1531163763957,1531163763948,2006625,0.00005190,5048.00000000,0
1531163763991,1531163763986,2006626,0.00005189,203.00000000,0
1531163764169,1531163764162,2006627,0.00005189,96.00000000,0
1531163764191,1531163764188,2006628,0.00005189,98.00000000,0
1531163764207,1531163764202,2006629,0.00005189,102.00000000,0
1531163764207,1531163764202,2006630,0.00005190,44.00000000,0
1531163764209,1531163764204,2006631,0.00005190,295.00000000,0
1531163764239,1531163764230,2006632,0.00005190,1840.00000000,0
1531163764239,1531163764230,2006633,0.00005193,457.00000000,0
1531163764239,1531163764230,2006634,0.00005194,412.00000000,0
1531163764239,1531163764230,2006635,0.00005195,203.00000000,0
1531163764239,1531163764230,2006636,0.00005198,154.00000000,0
1531163764245,1531163764238,2006637,0.00005198,97.00000000,0
1531163764307,1531163764302,2006638,0.00005124,112.00000000,1
1531163764332,1531163764326,2006639,0.00005198,294.00000000,0
1531163764343,1531163764338,2006640,0.00005198,161.00000000,0
1531163764380,1531163764374,2006641,0.00005198,392.00000000,0
1531163764381,1531163764376,2006642,0.00005133,103.00000000,1
1531163764692,1531163764687,2006643,0.00005164,25.00000000,1
1531163764692,1531163764687,2006644,0.00005134,38.00000000,1
1531163764692,1531163764687,2006645,0.00005132,59.00000000,1
1531163764729,1531163764722,2006646,0.00005132,24.00000000,1
1531163764919,1531163764915,2006647,0.00005159,37.00000000,1
1531163765084,1531163765050,2006648,0.00005164,24.00000000,0
1531163765084,1531163765050,2006649,0.00005166,59.00000000,0
1531163765210,1531163765205,2006650,0.00005166,51.00000000,0
1531163765702,1531163765696,2006651,0.00005159,1.00000000,1
1531163765702,1531163765696,2006652,0.00005132,342.00000000,1
1531163766368,1531163766361,2006653,0.00005133,307.00000000,1
1531163766399,1531163766396,2006654,0.00005133,144.00000000,1
1531163766700,1531163766694,2006655,0.00005133,162.00000000,1
1531163766700,1531163766694,2006656,0.00005132,75.00000000,1
1531163766706,1531163766703,2006657,0.00005129,97.00000000,1
1531163766706,1531163766703,2006658,0.00005128,65.00000000,1
1531163767384,1531163767378,2006659,0.00005128,7.00000000,1
1531163768019,1531163768013,2006660,0.00005150,59.00000000,0
1531163769861,1531163769854,2006661,0.00005128,38.00000000,1
1531163769861,1531163769854,2006662,0.00005110,20.00000000,1
1531163770814,1531163770809,2006663,0.00005149,49.00000000,0
1531163771023,1531163771019,2006664,0.00005149,39.00000000,0
1531163771399,1531163771394,2006665,0.00005132,389.00000000,1
1531163773223,1531163773218,2006666,0.00005132,307.00000000,0
1531163773223,1531163773218,2006667,0.00005133,247.00000000,0
1531163773223,1531163773218,2006668,0.00005134,78.00000000,0
1531163774003,1531163773999,2006669,0.00005134,29.00000000,0
1531163775908,1531163775902,2006670,0.00005133,113.00000000,0
1531163775908,1531163775902,2006671,0.00005134,4.00000000,0
1531163775908,1531163775902,2006672,0.00005158,72.00000000,0
1531163775908,1531163775902,2006673,0.00005162,21.00000000,0
1531163779418,1531163779412,2006674,0.00005130,33.00000000,0
1531163780986,1531163780980,2006675,0.00005130,67.00000000,0
1531163780986,1531163780980,2006676,0.00005162,61.00000000,0
1531163781633,1531163781629,2006677,0.00005123,97.00000000,1
1531163781633,1531163781629,2006678,0.00005120,3.00000000,1
1531163786112,1531163786107,2006679,0.00005153,97.00000000,0
1531163786112,1531163786107,2006680,0.00005161,18.00000000,0
1531163786612,1531163786607,2006681,0.00005150,805.00000000,1
1531163786713,1531163786708,2006682,0.00005129,343.00000000,1
1531163789161,1531163789154,2006683,0.00005129,28.00000000,1
1531163790076,1531163790070,2006684,0.00005124,2.00000000,1
1531163790753,1531163790749,2006685,0.00005124,20.00000000,1
1531163793605,1531163793598,2006686,0.00005133,40.00000000,0
1531163800667,1531163800662,2006687,0.00005131,334.00000000,0
1531163800667,1531163800662,2006688,0.00005134,10.00000000,0
1531163801165,1531163801161,2006689,0.00005133,78.00000000,1
1531163801359,1531163801353,2006690,0.00005111,3.00000000,1
1531163805800,1531163805795,2006691,0.00005123,27.00000000,0
1531163809751,1531163809745,2006692,0.00005122,40.00000000,0
1531163810613,1531163810607,2006693,0.00005110,197.00000000,1
1531163810613,1531163810607,2006694,0.00005108,10.00000000,1
1531163810737,1531163810729,2006695,0.00005108,50.00000000,1
1531163810737,1531163810729,2006696,0.00005107,61.00000000,1
1531163812705,1531163812701,2006697,0.00005121,194.00000000,0
1531163812705,1531163812701,2006698,0.00005122,276.00000000,0
1531163813131,1531163813126,2006699,0.00005104,2.00000000,1
1531163817195,1531163817191,2006700,0.00005105,51.00000000,1
1531163817621,1531163817617,2006701,0.00005122,139.00000000,0
1531163820621,1531163820614,2006702,0.00005121,51.00000000,0
1531163820621,1531163820614,2006703,0.00005122,67.00000000,0
1531163822372,1531163822369,2006704,0.00005108,33.00000000,1
1531163823619,1531163823614,2006705,0.00005122,83.00000000,0
1531163824784,1531163824778,2006706,0.00005121,49.00000000,0
1531163826629,1531163826623,2006707,0.00005121,55.00000000,0
1531163826829,1531163826823,2006708,0.00005121,18.00000000,0
1531163833710,1531163833706,2006709,0.00005121,68.00000000,0
1531163836237,1531163836231,2006710,0.00005121,89.00000000,1
1531163836237,1531163836231,2006711,0.00005109,403.00000000,1
1531163836237,1531163836231,2006712,0.00005108,55.00000000,1
1531163837028,1531163837020,2006713,0.00005108,298.00000000,1
1531163837028,1531163837020,2006714,0.00005105,414.00000000,1
1531163837028,1531163837020,2006715,0.00005104,1016.00000000,1
1531163837028,1531163837020,2006716,0.00005103,979.00000000,1
1531163837028,1531163837020,2006717,0.00005102,519.00000000,1
1531163837028,1531163837020,2006718,0.00005100,1774.00000000,1
1531163838527,1531163838522,2006719,0.00005122,122.00000000,0
1531163838582,1531163838579,2006720,0.00005133,107.00000000,1
1531163838585,1531163838580,2006721,0.00005133,268.00000000,1
1531163839382,1531163839376,2006722,0.00005103,193.00000000,1
1531163839382,1531163839376,2006723,0.00005100,1722.00000000,1
1531163839921,1531163839917,2006724,0.00005101,30.00000000,1
1531163840712,1531163840700,2006725,0.00005101,77.00000000,1
1531163840712,1531163840700,2006726,0.00005100,334.00000000,1
1531163840712,1531163840700,2006727,0.00005097,232.00000000,1
1531163840712,1531163840700,2006728,0.00005092,115.00000000,1
1531163840712,1531163840700,2006729,0.00005087,20.00000000,1
1531163840712,1531163840700,2006730,0.00005084,137.00000000,1
1531163840712,1531163840700,2006731,0.00005081,372.00000000,1
1531163840712,1531163840700,2006732,0.00005079,2296.00000000,1
1531163840712,1531163840700,2006733,0.00005078,38.00000000,1
1531163840712,1531163840700,2006734,0.00005077,570.00000000,1
1531163840712,1531163840700,2006735,0.00005076,116.00000000,1
1531163840712,1531163840700,2006736,0.00005073,29.00000000,1
1531163840712,1531163840700,2006737,0.00005070,486.00000000,1
1531163840925,1531163840918,2006738,0.00005078,197.00000000,1
1531163840946,1531163840940,2006739,0.00005087,107.00000000,0
1531163840946,1531163840940,2006740,0.00005088,168.00000000,0
1531163840959,1531163840956,2006741,0.00005122,51.00000000,1
1531163841114,1531163841110,2006742,0.00005122,486.00000000,1
1531163841184,1531163841177,2006743,0.00005122,28.00000000,1
1531163841519,1531163841514,2006744,0.00005122,88.00000000,1
1531163841537,1531163841533,2006745,0.00005122,48.00000000,1
1531163842690,1531163842683,2006746,0.00005102,38.00000000,0
1531163842690,1531163842683,2006747,0.00005104,117.00000000,0
1531163842690,1531163842683,2006748,0.00005106,380.00000000,0
1531163842690,1531163842683,2006749,0.00005107,280.00000000,0
1531163844073,1531163844067,2006750,0.00005087,25.00000000,0
1531163844073,1531163844067,2006751,0.00005104,98.00000000,0
1531163844073,1531163844067,2006752,0.00005107,221.00000000,0
1531163868023,1531163868020,2006753,0.00005091,125.00000000,1
1531163868023,1531163868020,2006754,0.00005090,25.00000000,1
1531163868023,1531163868020,2006755,0.00005088,25.00000000,1
1531163871022,1531163871012,2006756,0.00005078,145.00000000,1
1531163871022,1531163871012,2006757,0.00005066,117.00000000,1
1531163871022,1531163871012,2006758,0.00005060,98.00000000,1
1531163871022,1531163871012,2006759,0.00005058,130.00000000,1
1531163871022,1531163871012,2006760,0.00005056,205.00000000,1
1531163871022,1531163871012,2006761,0.00005055,236.00000000,1
1531163871022,1531163871012,2006762,0.00005052,20.00000000,1
1531163871022,1531163871012,2006763,0.00005051,527.00000000,1
1531163871022,1531163871012,2006764,0.00005046,117.00000000,1
1531163871022,1531163871012,2006765,0.00005045,117.00000000,1
1531163871022,1531163871012,2006766,0.00005043,29.00000000,1
1531163871022,1531163871012,2006767,0.00005039,118.00000000,1
1531163871022,1531163871012,2006768,0.00005036,120.00000000,1
1531163871039,1531163871034,2006769,0.00005060,36.00000000,0
1531163872308,1531163872301,2006770,0.00005076,205.00000000,0
1531163873023,1531163873017,2006771,0.00005071,38.00000000,0
1531163873176,1531163873172,2006772,0.00005063,89.00000000,1
1531163875154,1531163875149,2006773,0.00005063,201.00000000,1
1531163877379,1531163877372,2006774,0.00005081,1723.00000000,0
1531163878300,1531163878295,2006775,0.00005076,88.00000000,0
1531163892144,1531163892138,2006776,0.00005082,125.00000000,0
1531163892156,1531163892149,2006777,0.00005089,118.00000000,0
1531163892156,1531163892149,2006778,0.00005090,82.00000000,0
1531163892156,1531163892149,2006779,0.00005092,29.00000000,0
1531163892156,1531163892149,2006780,0.00005095,117.00000000,0
1531163892156,1531163892149,2006781,0.00005096,117.00000000,0
1531163892156,1531163892149,2006782,0.00005109,233.00000000,0
1531163892156,1531163892149,2006783,0.00005112,80.00000000,0
1531163892172,1531163892169,2006784,0.00005115,60.00000000,0
1531163892172,1531163892169,2006785,0.00005119,40.00000000,0
1531163892172,1531163892169,2006786,0.00005123,24.00000000,0
1531163892188,1531163892182,2006787,0.00005123,91.00000000,0
1531163892894,1531163892888,2006788,0.00005125,142.00000000,0
1531163914853,1531163914847,2006789,0.00005119,20.00000000,0
1531163921661,1531163921657,2006790,0.00005119,183.00000000,0
1531163921668,1531163921663,2006791,0.00005119,115.00000000,0
1531163921698,1531163921693,2006792,0.00005120,183.00000000,0
1531163922051,1531163922045,2006793,0.00005119,68.00000000,1
1531163922051,1531163922045,2006794,0.00005098,122.00000000,1
1531163922051,1531163922045,2006795,0.00005093,105.00000000,1
1531163922051,1531163922045,2006796,0.00005092,1670.00000000,1
1531163931802,1531163931796,2006797,0.00005111,105.00000000,0
1531163931802,1531163931796,2006798,0.00005112,223.00000000,0
1531163931802,1531163931796,2006799,0.00005113,122.00000000,0
1531163931802,1531163931796,2006800,0.00005120,1545.00000000,0
1531163935178,1531163935172,2006801,0.00005122,183.00000000,0
1531163935679,1531163935674,2006802,0.00005123,191.00000000,0
1531163935893,1531163935887,2006803,0.00005120,194.00000000,1
1531163938601,1531163938596,2006804,0.00005120,1446.00000000,1
1531163943835,1531163943827,2006805,0.00005125,756.00000000,0
1531163943835,1531163943827,2006806,0.00005128,232.00000000,0
1531163943835,1531163943827,2006807,0.00005129,83.00000000,0
1531163943835,1531163943827,2006808,0.00005137,380.00000000,0
1531163943835,1531163943827,2006809,0.00005138,103.00000000,0
1531163943835,1531163943827,2006810,0.00005140,319.00000000,0
1531163943835,1531163943827,2006811,0.00005148,470.00000000,0
1531163943835,1531163943827,2006812,0.00005150,100.00000000,0
1531163943846,1531163943842,2006813,0.00005150,541.00000000,1
1531163954358,1531163954352,2006814,0.00005121,403.00000000,1
1531163954358,1531163954352,2006815,0.00005120,11.00000000,1
1531163955618,1531163955613,2006816,0.00005130,20.00000000,0
1531163956542,1531163956538,2006817,0.00005130,18.00000000,0
1531163956578,1531163956575,2006818,0.00005130,1494.00000000,1
1531163960479,1531163960474,2006819,0.00005130,919.00000000,1
1531163961375,1531163961368,2006820,0.00005130,594.00000000,1
1531163964582,1531163964577,2006821,0.00005120,919.00000000,1
1531163977055,1531163977049,2006822,0.00005141,40.00000000,0
1531163985252,1531163985245,2006823,0.00005126,137.00000000,1
1531163985252,1531163985245,2006824,0.00005125,190.00000000,1
1531163986517,1531163986510,2006825,0.00005124,190.00000000,0
1531163986517,1531163986510,2006826,0.00005125,170.00000000,0
1531163986517,1531163986510,2006827,0.00005130,888.00000000,0
1531163986529,1531163986526,2006828,0.00005141,3752.00000000,1
1531163996656,1531163996652,2006829,0.00005144,20.00000000,0
1531164009055,1531164009050,2006830,0.00005121,100.00000000,1
1531164014243,1531164014237,2006831,0.00005120,200.00000000,1
1531164030867,1531164030861,2006832,0.00005127,778.00000000,1
1531164035422,1531164035416,2006833,0.00005123,20.00000000,0
1531164036120,1531164036115,2006834,0.00005122,100.00000000,1
1531164036274,1531164036270,2006835,0.00005122,117.00000000,1
1531164039125,1531164039118,2006836,0.00005122,277.00000000,1
1531164039125,1531164039118,2006837,0.00005120,117.00000000,1
1531164039125,1531164039118,2006838,0.00005116,414.00000000,1
1531164039125,1531164039118,2006839,0.00005106,20.00000000,1
1531164039125,1531164039118,2006840,0.00005103,20.00000000,1
1531164039125,1531164039118,2006841,0.00005094,88.00000000,1
1531164039125,1531164039118,2006842,0.00005092,20.00000000,1
1531164039125,1531164039118,2006843,0.00005091,640.00000000,1
1531164039144,1531164039138,2006844,0.00005091,105.00000000,0
1531164039261,1531164039256,2006845,0.00005090,115.00000000,1
1531164039261,1531164039256,2006846,0.00005089,6.00000000,1
1531164045524,1531164045522,2006847,0.00005091,45.00000000,1
1531164151243,1531164151237,2006848,0.00005100,100.00000000,0
1531164174481,1531164174475,2006849,0.00005108,390.00000000,1
1531164197643,1531164197639,2006850,0.00005105,120.00000000,0
1531164200649,1531164200645,2006851,0.00005105,102.00000000,0
1531164203647,1531164203643,2006852,0.00005103,72.00000000,0
1531164206663,1531164206656,2006853,0.00005103,48.00000000,0
1531164223689,1531164223681,2006854,0.00005091,231.00000000,1
1531164223689,1531164223681,2006855,0.00005072,371.00000000,1
1531164223689,1531164223681,2006856,0.00005069,116.00000000,1
1531164223689,1531164223681,2006857,0.00005067,87.00000000,1
1531164228226,1531164228220,2006858,0.00005074,115.00000000,1
1531164228226,1531164228220,2006859,0.00005073,7.00000000,1
1531164273660,1531164273655,2006860,0.00005087,175.00000000,0
1531164273789,1531164273783,2006861,0.00005087,30.00000000,1
1531164278717,1531164278711,2006862,0.00005087,119.00000000,1
1531164285424,1531164285418,2006863,0.00005087,1101.00000000,1
1531164306687,1531164306681,2006864,0.00005087,217.00000000,0
1531164306954,1531164306949,2006865,0.00005087,197.00000000,0
1531164309776,1531164309771,2006866,0.00005087,120.00000000,1
1531164312258,1531164312252,2006867,0.00005087,1893.00000000,1
1531164318889,1531164318884,2006868,0.00005087,1106.00000000,1
1531164358520,1531164358515,2006869,0.00005087,98.00000000,0
1531164358883,1531164358878,2006870,0.00005087,20.00000000,0
1531164359414,1531164359410,2006871,0.00005087,20.00000000,0
1531164361524,1531164361521,2006872,0.00005088,83.00000000,0
1531164364516,1531164364510,2006873,0.00005088,6.00000000,0
1531164364516,1531164364510,2006874,0.00005089,52.00000000,0
1531164367529,1531164367525,2006875,0.00005088,39.00000000,0
1531164370527,1531164370524,2006876,0.00005086,29.00000000,0
1531164380757,1531164380751,2006877,0.00005075,691.00000000,1
1531164380757,1531164380751,2006878,0.00005073,34.00000000,1
1531164380757,1531164380751,2006879,0.00005061,110.00000000,1
1531164386411,1531164386405,2006880,0.00005086,1211.00000000,0
1531164386570,1531164386566,2006881,0.00005069,128.00000000,1
1531164394522,1531164394517,2006882,0.00005073,2238.00000000,0
1531164394534,1531164394529,2006883,0.00005073,1332.00000000,0
1531164394551,1531164394545,2006884,0.00005073,248.00000000,0
1531164394552,1531164394545,2006885,0.00005073,674.00000000,0
1531164394612,1531164394609,2006886,0.00005060,213.00000000,1
1531164394612,1531164394609,2006887,0.00005059,117.00000000,1
1531164394612,1531164394609,2006888,0.00005058,20.00000000,1
1531164394612,1531164394609,2006889,0.00005055,1.00000000,1
1531164394900,1531164394898,2006890,0.00005073,915.00000000,0
1531164396700,1531164396695,2006891,0.00005056,124.00000000,1
1531164397685,1531164397678,2006892,0.00005055,19.00000000,1
1531164397685,1531164397678,2006893,0.00005054,20.00000000,1
1531164397685,1531164397678,2006894,0.00005047,633.00000000,1
1531164397685,1531164397678,2006895,0.00005044,2.00000000,1
1531164409826,1531164409816,2006896,0.00005047,113.00000000,1
1531164409826,1531164409816,2006897,0.00005044,90.00000000,1
1531164409826,1531164409816,2006898,0.00005041,118.00000000,1
1531164409826,1531164409816,2006899,0.00005038,99.00000000,1
1531164409826,1531164409816,2006900,0.00005036,394.00000000,1
1531164409826,1531164409816,2006901,0.00005033,118.00000000,1
1531164409826,1531164409816,2006902,0.00005031,236.00000000,1
1531164409826,1531164409816,2006903,0.00005030,380.00000000,1
1531164409826,1531164409816,2006904,0.00005027,29.00000000,1
1531164409917,1531164409911,2006905,0.00005026,29.00000000,1
1531164413475,1531164413469,2006906,0.00005024,117.00000000,0
1531164414941,1531164414937,2006907,0.00005023,113.00000000,0
1531164414941,1531164414937,2006908,0.00005024,5.00000000,0
1531164415823,1531164415821,2006909,0.00005021,2.00000000,1
1531164423248,1531164423241,2006910,0.00005021,109.00000000,1
1531164423248,1531164423241,2006911,0.00005011,2035.00000000,1
1531164423302,1531164423291,2006912,0.00005011,144.00000000,0
1531164423315,1531164423313,2006913,0.00005011,79.00000000,0
1531164423326,1531164423322,2006914,0.00005011,79.00000000,0
1531164424833,1531164424827,2006915,0.00005008,49.00000000,1
1531164424833,1531164424827,2006916,0.00005007,20.00000000,1
1531164424975,1531164424969,2006917,0.00005000,68.00000000,1
1531164425726,1531164425723,2006918,0.00005006,118.00000000,0
1531164428643,1531164428638,2006919,0.00005001,78.00000000,1
1531164429562,1531164429556,2006920,0.00005001,270.00000000,1
1531164429562,1531164429556,2006921,0.00005000,822.00000000,1
1531164430715,1531164430714,2006922,0.00004998,29.00000000,1
1531164440935,1531164440931,2006923,0.00004997,21.00000000,1
1531164451162,1531164451157,2006924,0.00004996,106.00000000,0
1531164452307,1531164452302,2006925,0.00004996,25.00000000,0
1531164468563,1531164468557,2006926,0.00004995,46.00000000,1
1531164470361,1531164470354,2006927,0.00004994,21.00000000,1
1531164483506,1531164483500,2006928,0.00004990,40.00000000,1
1531164485650,1531164485644,2006929,0.00004990,1.00000000,0
1531164485766,1531164485759,2006930,0.00004989,31.00000000,1
1531164500739,1531164500734,2006931,0.00004984,42.00000000,1
1531164502706,1531164502699,2006932,0.00004975,116.00000000,0
1531164504733,1531164504730,2006933,0.00004975,1.00000000,0
1531164522859,1531164522853,2006934,0.00004971,131.00000000,1
1531164522859,1531164522853,2006935,0.00004970,221.00000000,1
1531164522881,1531164522875,2006936,0.00004970,122.00000000,0
1531164522926,1531164522922,2006937,0.00004970,122.00000000,0
1531164522983,1531164522977,2006938,0.00004970,122.00000000,0
1531164529959,1531164529955,2006939,0.00004962,120.00000000,1
1531164530587,1531164530582,2006940,0.00004953,21.00000000,0
1531164538710,1531164538705,2006941,0.00004959,242.00000000,0
1531164538710,1531164538705,2006942,0.00004960,161.00000000,0
1531164539394,1531164539388,2006943,0.00004970,202.00000000,1
1531164545015,1531164545008,2006944,0.00004953,43.00000000,1
1531164545015,1531164545008,2006945,0.00004952,1092.00000000,1
1531164545015,1531164545008,2006946,0.00004950,144.00000000,1
1531164546283,1531164546278,2006947,0.00004949,42.00000000,0
1531164546723,1531164546720,2006948,0.00004949,1.00000000,0
1531164546723,1531164546720,2006949,0.00004950,202.00000000,0
1531164546986,1531164546979,2006950,0.00004947,21.00000000,1
1531164546986,1531164546979,2006951,0.00004940,8.00000000,1
1531164547963,1531164547958,2006952,0.00004950,734.00000000,0
1531164550941,1531164550935,2006953,0.00004975,203.00000000,0
1531164550941,1531164550935,2006954,0.00004979,42.00000000,0
1531164550941,1531164550935,2006955,0.00004990,1526.00000000,0
1531164550952,1531164550946,2006956,0.00004990,389.00000000,1
1531164555152,1531164555147,2006957,0.00004977,21.00000000,1
1531164575227,1531164575222,2006958,0.00004983,413.00000000,1
1531164594558,1531164594552,2006959,0.00005001,146.00000000,0
1531164594558,1531164594552,2006960,0.00005010,236.00000000,0
1531164615583,1531164615577,2006961,0.00005008,177.00000000,0
1531164617419,1531164617412,2006962,0.00005009,211.00000000,0
1531164618434,1531164618429,2006963,0.00005009,137.00000000,0
1531164619256,1531164619249,2006964,0.00005011,121.00000000,0
1531164621252,1531164621251,2006965,0.00005012,60.00000000,0
1531164622019,1531164622016,2006966,0.00005008,1783.00000000,1
1531164633720,1531164633714,2006967,0.00005002,120.00000000,0
1531164634483,1531164634478,2006968,0.00005007,122.00000000,0
1531164634498,1531164634493,2006969,0.00005007,252.00000000,0
1531164634506,1531164634503,2006970,0.00005007,136.00000000,0
1531164644205,1531164644200,2006971,0.00005008,1519.00000000,0
1531164690496,1531164690491,2006972,0.00005011,239.00000000,0
1531164703305,1531164703303,2006973,0.00005019,21.00000000,0
1531164703695,1531164703690,2006974,0.00005019,97.00000000,0
1531164704401,1531164704399,2006975,0.00005020,29.00000000,0
1531164711811,1531164711805,2006976,0.00005025,40.00000000,0
1531164712362,1531164712355,2006977,0.00005025,686.00000000,1
1531164712422,1531164712416,2006978,0.00005027,140.00000000,0
1531164714422,1531164714417,2006979,0.00005027,21.00000000,0
1531164729572,1531164729566,2006980,0.00005036,172.00000000,0
1531164755381,1531164755373,2006981,0.00005036,797.00000000,0
1531164755381,1531164755373,2006982,0.00005040,236.00000000,0
1531164755381,1531164755373,2006983,0.00005041,118.00000000,0
1531164755381,1531164755373,2006984,0.00005043,118.00000000,0
1531164755381,1531164755373,2006985,0.00005045,25.00000000,0
1531164755381,1531164755373,2006986,0.00005046,385.00000000,0
1531164755381,1531164755373,2006987,0.00005048,99.00000000,0
1531164755381,1531164755373,2006988,0.00005050,82.00000000,0
1531164797834,1531164797827,2006989,0.00005050,39.00000000,0
1531164797874,1531164797868,2006990,0.00005050,11.00000000,1
1531164804820,1531164804815,2006991,0.00005051,20.00000000,1
1531164816901,1531164816895,2006992,0.00005050,75.00000000,0
1531164872581,1531164872578,2006993,0.00005053,20.00000000,0
1531164926047,1531164926041,2006994,0.00005027,35.00000000,1
1531164930952,1531164930946,2006995,0.00005029,490.00000000,1
1531164930952,1531164930946,2006996,0.00005027,335.00000000,1
1531164930968,1531164930963,2006997,0.00005020,777.00000000,0
1531164931011,1531164931010,2006998,0.00005020,294.00000000,0
1531164931375,1531164931370,2006999,0.00005020,778.00000000,0
1531164931542,1531164931535,2007000,0.00005020,133.00000000,0
1531164933217,1531164933211,2007001,0.00005019,19.00000000,0
1531164944289,1531164944283,2007002,0.00005019,470.00000000,0
1531164960314,1531164960305,2007003,0.00005020,199.00000000,1
1531164960314,1531164960305,2007004,0.00005019,104.00000000,1
1531164960314,1531164960305,2007005,0.00005018,687.00000000,1
1531164960314,1531164960305,2007006,0.00005017,1359.00000000,1
1531164960314,1531164960305,2007007,0.00005016,20.00000000,1
1531164960314,1531164960305,2007008,0.00005014,20.00000000,1
1531164960314,1531164960305,2007009,0.00005008,245.00000000,1
1531164960314,1531164960305,2007010,0.00005007,253.00000000,1
1531164960314,1531164960305,2007011,0.00005002,140.00000000,1
1531164960314,1531164960305,2007012,0.00005000,73.00000000,1
1531164960338,1531164960332,2007013,0.00005000,2300.00000000,0
1531164960408,1531164960403,2007014,0.00005000,1.00000000,0
1531164982376,1531164982369,2007015,0.00005032,104.00000000,0
1531164982376,1531164982369,2007016,0.00005039,73.00000000,0
1531164982376,1531164982369,2007017,0.00005040,130.00000000,0
1531165012743,1531165012739,2007018,0.00005039,198.00000000,0
1531165116533,1531165116526,2007019,0.00005038,133.00000000,0
1531165116554,1531165116548,2007020,0.00005039,1170.00000000,1
1531165116600,1531165116593,2007021,0.00005039,2151.00000000,1
1531165116694,1531165116689,2007022,0.00005039,349.00000000,1
1531165116821,1531165116815,2007023,0.00005040,10.00000000,0
1531165116821,1531165116815,2007024,0.00005046,267.00000000,0
1531165117728,1531165117727,2007025,0.00005039,329.00000000,1
1531165138701,1531165138695,2007026,0.00005043,49.00000000,1
1531165140532,1531165140526,2007027,0.00005047,30.00000000,0
1531165146765,1531165146760,2007028,0.00005051,40.00000000,0
1531165153722,1531165153716,2007029,0.00005052,92.00000000,1
1531165159707,1531165159701,2007030,0.00005053,29.00000000,0
1531165164378,1531165164370,2007031,0.00005056,118.00000000,0
1531165164378,1531165164370,2007032,0.00005057,117.00000000,0
1531165164378,1531165164370,2007033,0.00005060,40.00000000,0
1531165164378,1531165164370,2007034,0.00005063,130.00000000,0
1531165164378,1531165164370,2007035,0.00005069,117.00000000,0
1531165164378,1531165164370,2007036,0.00005070,88.00000000,0
1531165164378,1531165164370,2007037,0.00005076,40.00000000,0
1531165164378,1531165164370,2007038,0.00005077,109.00000000,0
1531165164378,1531165164370,2007039,0.00005080,81.00000000,0
1531165164378,1531165164370,2007040,0.00005082,351.00000000,0
1531165164378,1531165164370,2007041,0.00005088,6.00000000,0
1531165164378,1531165164370,2007042,0.00005091,770.00000000,0
1531165166737,1531165166730,2007043,0.00005077,64.00000000,1
1531165166737,1531165166730,2007044,0.00005077,45.00000000,1
1531165166762,1531165166757,2007045,0.00005055,109.00000000,1
1531165187155,1531165187151,2007046,0.00005066,20.00000000,0
1531165187250,1531165187243,2007047,0.00005066,15.00000000,0
1531165187250,1531165187243,2007048,0.00005067,5.00000000,0
1531165194421,1531165194417,2007049,0.00005066,29.00000000,0
1531165206654,1531165206648,2007050,0.00005083,20.00000000,0
1531165226275,1531165226271,2007051,0.00005064,124.00000000,1
1531165226275,1531165226271,2007052,0.00005061,265.00000000,1
1531165228292,1531165228290,2007053,0.00005065,19.00000000,1
1531165265151,1531165265146,2007054,0.00005072,131.00000000,1
1531165265515,1531165265514,2007055,0.00005072,52.00000000,1
1531165266016,1531165266010,2007056,0.00005077,50.00000000,0
1531165266016,1531165266010,2007057,0.00005084,40.00000000,0
1531165266037,1531165266031,2007058,0.00005087,27.00000000,1
1531165275315,1531165275311,2007059,0.00005093,124.00000000,0
1531165275315,1531165275311,2007060,0.00005094,81.00000000,0
1531165275315,1531165275311,2007061,0.00005097,164.00000000,0
1531165275315,1531165275311,2007062,0.00005099,687.00000000,0
1531165275315,1531165275311,2007063,0.00005100,406.00000000,0
1531165278474,1531165278469,2007064,0.00005100,54.00000000,0
1531165287987,1531165287984,2007065,0.00005100,20.00000000,0
1531165289545,1531165289539,2007066,0.00005100,76.00000000,0
1531165289568,1531165289562,2007067,0.00005100,2850.00000000,0
1531165299394,1531165299387,2007068,0.00005102,109.00000000,0
1531165301131,1531165301126,2007069,0.00005104,95.00000000,0
1531165303212,1531165303207,2007070,0.00005102,115.00000000,1
1531165304062,1531165304056,2007071,0.00005104,73.00000000,0
1531165319474,1531165319468,2007072,0.00005105,20.00000000,1
1531165321331,1531165321326,2007073,0.00005104,70.00000000,1
1531165322331,1531165322326,2007074,0.00005102,157.00000000,1
1531165324972,1531165324966,2007075,0.00005104,1667.00000000,1
1531165330314,1531165330312,2007076,0.00005107,101.00000000,0
1531165330314,1531165330312,2007077,0.00005118,20.00000000,0
1531165330314,1531165330312,2007078,0.00005119,39.00000000,0
1531165330314,1531165330312,2007079,0.00005123,70.00000000,0
1531165330314,1531165330312,2007080,0.00005127,24.00000000,0
1531165330314,1531165330312,2007081,0.00005129,39.00000000,0
1531165330314,1531165330312,2007082,0.00005130,152.00000000,0
1531165341620,1531165341613,2007083,0.00005123,20.00000000,0
1531165341620,1531165341613,2007084,0.00005130,80.00000000,0
1531165341649,1531165341645,2007085,0.00005130,140.00000000,1
1531165342006,1531165342000,2007086,0.00005130,141.00000000,1
1531165344225,1531165344218,2007087,0.00005137,19.00000000,0
1531165349770,1531165349767,2007088,0.00005137,81.00000000,0
1531165351435,1531165351430,2007089,0.00005137,392.00000000,1
1531165352856,1531165352850,2007090,0.00005139,132.00000000,0
1531165352857,1531165352850,2007091,0.00005140,122.00000000,0
1531165352857,1531165352850,2007092,0.00005145,662.00000000,0
1531165355289,1531165355282,2007093,0.00005131,2.00000000,1
1531165360345,1531165360338,2007094,0.00005131,412.00000000,1
1531165366492,1531165366487,2007095,0.00005144,40.00000000,0
1531165367353,1531165367347,2007096,0.00005144,20.00000000,0
1531165367961,1531165367954,2007097,0.00005144,95.00000000,0
1531165371205,1531165371199,2007098,0.00005144,22.00000000,0
1531165375569,1531165375565,2007099,0.00005131,88.00000000,1
1531165395331,1531165395324,2007100,0.00005139,32.00000000,0
1531165395331,1531165395324,2007101,0.00005144,8.00000000,0
1531165401442,1531165401436,2007102,0.00005144,341.00000000,0
1531165402603,1531165402599,2007103,0.00005144,30.00000000,1
1531165402831,1531165402824,2007104,0.00005144,195.00000000,1
1531165403258,1531165403252,2007105,0.00005145,739.00000000,0
1531165403535,1531165403528,2007106,0.00005145,27.00000000,1
1531165407300,1531165407294,2007107,0.00005145,19.00000000,1
1531165408690,1531165408683,2007108,0.00005147,52.00000000,0
1531165408690,1531165408683,2007109,0.00005148,78.00000000,0
1531165408690,1531165408683,2007110,0.00005150,187.00000000,0
1531165410390,1531165410384,2007111,0.00005150,79.00000000,0
1531165411575,1531165411569,2007112,0.00005150,27.00000000,0
1531165414545,1531165414541,2007113,0.00005150,20.00000000,0
1531165421385,1531165421379,2007114,0.00005150,146.00000000,0
1531165425934,1531165425929,2007115,0.00005146,20.00000000,1
1531165425934,1531165425929,2007116,0.00005145,677.00000000,1
1531165426370,1531165426363,2007117,0.00005145,192.00000000,1
1531165429763,1531165429757,2007118,0.00005145,20.00000000,1
1531165433144,1531165433138,2007119,0.00005150,247.00000000,0
1531165440276,1531165440271,2007120,0.00005150,64.00000000,0
1531165445319,1531165445316,2007121,0.00005150,199.00000000,1
1531165459458,1531165459452,2007122,0.00005150,189.00000000,1
1531165463427,1531165463420,2007123,0.00005149,1325.00000000,0
1531165463427,1531165463420,2007124,0.00005150,2985.00000000,0
1531165467376,1531165467370,2007125,0.00005152,23.00000000,0
1531165467376,1531165467370,2007126,0.00005156,154.00000000,0
1531165471335,1531165471327,2007127,0.00005160,100.00000000,0
1531165471335,1531165471327,2007128,0.00005161,40.00000000,0
1531165471335,1531165471327,2007129,0.00005162,15.00000000,0
1531165471335,1531165471327,2007130,0.00005163,20.00000000,0
1531165471335,1531165471327,2007131,0.00005166,5.00000000,0
1531165471335,1531165471327,2007132,0.00005169,20.00000000,0
1531165471335,1531165471327,2007133,0.00005170,75.00000000,0
1531165472785,1531165472779,2007134,0.00005154,33.00000000,1
1531165472792,1531165472788,2007135,0.00005154,22.00000000,1
1531165478231,1531165478225,2007136,0.00005156,98.00000000,1
1531165479779,1531165479774,2007137,0.00005170,45.00000000,0
1531165481228,1531165481224,2007138,0.00005156,83.00000000,1
1531165482580,1531165482574,2007139,0.00005170,11.00000000,0
1531165483863,1531165483857,2007140,0.00005156,171.00000000,1
1531165484380,1531165484375,2007141,0.00005170,219.00000000,0
1531165486508,1531165486503,2007142,0.00005170,40.00000000,0
1531165486564,1531165486560,2007143,0.00005170,20.00000000,0
1531165486882,1531165486876,2007144,0.00005170,3.00000000,0
1531165487239,1531165487238,2007145,0.00005170,20.00000000,0
1531165499820,1531165499815,2007146,0.00005170,451.00000000,0
1531165499841,1531165499838,2007147,0.00005170,5777.00000000,1
1531165499877,1531165499870,2007148,0.00005170,23.00000000,1
1531165499879,1531165499874,2007149,0.00005170,691.00000000,1
1531165500359,1531165500354,2007150,0.00005177,177.00000000,0
1531165504665,1531165504658,2007151,0.00005177,58.00000000,0
1531165510627,1531165510623,2007152,0.00005175,484.00000000,1
1531165516716,1531165516711,2007153,0.00005170,26098.00000000,1
1531165521668,1531165521662,2007154,0.00005170,217.00000000,1
1531165528630,1531165528623,2007155,0.00005170,500.00000000,1
1531165530273,1531165530267,2007156,0.00005170,1292.00000000,1
1531165532804,1531165532797,2007157,0.00005170,1372.00000000,1
1531165533823,1531165533817,2007158,0.00005170,58.00000000,1
1531165540474,1531165540470,2007159,0.00005150,116.00000000,0
1531165540489,1531165540483,2007160,0.00005150,1.00000000,0
1531165553162,1531165553156,2007161,0.00005155,311.00000000,0
1531165554206,1531165554199,2007162,0.00005150,184.00000000,0
1531165554212,1531165554208,2007163,0.00005150,143.00000000,0
1531165554966,1531165554962,2007164,0.00005145,44.00000000,1
1531165556320,1531165556315,2007165,0.00005132,46.00000000,1
1531165559828,1531165559822,2007166,0.00005139,250.00000000,0
1531165561767,1531165561762,2007167,0.00005139,198.00000000,1
1531165564968,1531165564962,2007168,0.00005139,74.00000000,1
1531165570398,1531165570391,2007169,0.00005139,217.00000000,1
1531165570877,1531165570871,2007170,0.00005139,892.00000000,1
1531165572185,1531165572177,2007171,0.00005139,1172.00000000,0
1531165572185,1531165572177,2007172,0.00005145,545.00000000,0
1531165572185,1531165572177,2007173,0.00005150,247.00000000,0
1531165581008,1531165581002,2007174,0.00005145,84.00000000,0
1531165581008,1531165581002,2007175,0.00005150,1081.00000000,0
1531165585070,1531165585063,2007176,0.00005150,142.00000000,0
1531165585070,1531165585063,2007177,0.00005155,53.00000000,0
1531165585070,1531165585063,2007178,0.00005170,96.00000000,0
1531165586255,1531165586249,2007179,0.00005170,96.00000000,0
1531165587803,1531165587797,2007180,0.00005150,230.00000000,0
1531165587803,1531165587797,2007181,0.00005170,105.00000000,0
1531165601837,1531165601831,2007182,0.00005170,24.00000000,0
1531165608375,1531165608370,2007183,0.00005170,70.00000000,0
1531165614519,1531165614513,2007184,0.00005170,144.00000000,0
1531165614544,1531165614537,2007185,0.00005170,39.00000000,1
1531165614575,1531165614569,2007186,0.00005170,144.00000000,1
1531165615310,1531165615304,2007187,0.00005170,39.00000000,1
1531165617759,1531165617754,2007188,0.00005170,102.00000000,1
1531165625527,1531165625521,2007189,0.00005170,66.00000000,1
1531165628256,1531165628250,2007190,0.00005170,20.00000000,0
1531165629168,1531165629162,2007191,0.00005137,37.00000000,1
1531165629168,1531165629162,2007192,0.00005135,120.00000000,1
1531165629168,1531165629162,2007193,0.00005132,14.00000000,1
1531165629168,1531165629162,2007194,0.00005126,95.00000000,1
1531165629168,1531165629162,2007195,0.00005124,8.00000000,1
1531165637898,1531165637893,2007196,0.00005143,24.00000000,0
1531165638541,1531165638537,2007197,0.00005143,8.00000000,0
1531165647381,1531165647375,2007198,0.00005142,120.00000000,0
1531165647406,1531165647402,2007199,0.00005143,6.00000000,0
1531165685484,1531165685478,2007200,0.00005149,122.00000000,1
1531165685519,1531165685515,2007201,0.00005149,853.00000000,0
1531165685520,1531165685515,2007202,0.00005149,1.00000000,0
1531165698248,1531165698243,2007203,0.00005164,20.00000000,0
1531165770275,1531165770268,2007204,0.00005145,228.00000000,1
1531165799139,1531165799136,2007205,0.00005164,92.00000000,0
1531165799162,1531165799158,2007206,0.00005164,10.00000000,0
1531165799162,1531165799158,2007207,0.00005165,57.00000000,0
1531165799162,1531165799158,2007208,0.00005168,127.00000000,0
1531165802138,1531165802131,2007209,0.00005168,81.00000000,0
1531165830911,1531165830907,2007210,0.00005164,200.00000000,0
1531165841348,1531165841341,2007211,0.00005164,100.00000000,0
1531165841367,1531165841360,2007212,0.00005164,995.00000000,1
1531165841393,1531165841389,2007213,0.00005150,249.00000000,1
1531165844540,1531165844533,2007214,0.00005147,61.00000000,1
1531165852505,1531165852498,2007215,0.00005168,16.00000000,0
1531165852505,1531165852498,2007216,0.00005170,40.00000000,0
1531165852505,1531165852498,2007217,0.00005177,66.00000000,0
1531165856176,1531165856170,2007218,0.00005164,580.00000000,1
1531165859977,1531165859971,2007219,0.00005150,390.00000000,0
1531165866533,1531165866527,2007220,0.00005148,66.00000000,1
1531165866533,1531165866527,2007221,0.00005147,412.00000000,1
1531165872916,1531165872909,2007222,0.00005150,20.00000000,0
1531165874658,1531165874652,2007223,0.00005150,172.00000000,0
1531165898067,1531165898060,2007224,0.00005150,22.00000000,0
1531165942559,1531165942553,2007225,0.00005151,110.00000000,1
1531165942559,1531165942553,2007226,0.00005150,109.00000000,1
1531165963064,1531165963058,2007227,0.00005161,33.00000000,0
1531165985567,1531165985560,2007228,0.00005159,443.00000000,0
1531165985568,1531165985560,2007229,0.00005160,172.00000000,0
1531165985568,1531165985560,2007230,0.00005162,370.00000000,0
1531165985568,1531165985560,2007231,0.00005164,100.00000000,0
1531165985568,1531165985560,2007232,0.00005167,109.00000000,0
1531165985568,1531165985560,2007233,0.00005169,471.00000000,0
1531165993473,1531165993467,2007234,0.00005169,22.00000000,0
1531165993473,1531165993467,2007235,0.00005170,1888.00000000,0
1531165998076,1531165998073,2007236,0.00005170,127.00000000,0
1531165998076,1531165998073,2007237,0.00005178,111.00000000,0
1531165998076,1531165998073,2007238,0.00005179,239.00000000,0
1531165999856,1531165999850,2007239,0.00005179,87.00000000,0
1531165999856,1531165999850,2007240,0.00005180,72.00000000,0
1531166000371,1531166000370,2007241,0.00005180,128.00000000,0
1531166014500,1531166014491,2007242,0.00005155,476.00000000,1
1531166014500,1531166014491,2007243,0.00005150,451.00000000,1
1531166014500,1531166014491,2007244,0.00005148,198.00000000,1
1531166014500,1531166014491,2007245,0.00005145,931.00000000,1
1531166014500,1531166014491,2007246,0.00005132,20.00000000,1
1531166014500,1531166014491,2007247,0.00005127,288.00000000,1
1531166014500,1531166014491,2007248,0.00005126,127.00000000,1
1531166014500,1531166014491,2007249,0.00005123,1861.00000000,1
1531166014520,1531166014515,2007250,0.00005123,206.00000000,0
1531166014525,1531166014519,2007251,0.00005123,1328.00000000,0
1531166014526,1531166014524,2007252,0.00005123,2986.00000000,0
1531166014527,1531166014524,2007253,0.00005123,2986.00000000,0
1531166014542,1531166014540,2007254,0.00005123,137.00000000,0
1531166014564,1531166014560,2007255,0.00005123,190.00000000,0
1531166014591,1531166014584,2007256,0.00005116,206.00000000,1
1531166014754,1531166014746,2007257,0.00005118,685.00000000,1
1531166014754,1531166014746,2007258,0.00005116,28.00000000,1
1531166014754,1531166014746,2007259,0.00005112,409.00000000,1
1531166014813,1531166014806,2007260,0.00005112,139.00000000,1
1531166015017,1531166015011,2007261,0.00005112,274.00000000,1
1531166015518,1531166015511,2007262,0.00005116,124.00000000,0
1531166015702,1531166015693,2007263,0.00005120,20.00000000,0
1531166016018,1531166016016,2007264,0.00005120,39.00000000,0
1531166017947,1531166017943,2007265,0.00005119,56.00000000,0
1531166019537,1531166019530,2007266,0.00005119,420.00000000,0
1531166019537,1531166019530,2007267,0.00005120,24.00000000,0
1531166022199,1531166022193,2007268,0.00005120,420.00000000,0
1531166025330,1531166025329,2007269,0.00005120,126.00000000,1
1531166025375,1531166025371,2007270,0.00005120,144.00000000,1
1531166026255,1531166026248,2007271,0.00005132,53.00000000,0
1531166026255,1531166026248,2007272,0.00005135,252.00000000,0
1531166026256,1531166026248,2007273,0.00005138,610.00000000,0
1531166026256,1531166026248,2007274,0.00005141,39.00000000,0
1531166026256,1531166026248,2007275,0.00005143,21.00000000,0
1531166026373,1531166026368,2007276,0.00005120,126.00000000,1
1531166029035,1531166029029,2007277,0.00005143,56.00000000,0
1531166029035,1531166029029,2007278,0.00005147,178.00000000,0
1531166031832,1531166031829,2007279,0.00005147,56.00000000,0
1531166032281,1531166032273,2007280,0.00005123,233.00000000,1
1531166032281,1531166032273,2007281,0.00005122,475.00000000,1
1531166032281,1531166032273,2007282,0.00005121,163.00000000,1
1531166032281,1531166032273,2007283,0.00005120,258.00000000,1
1531166032281,1531166032273,2007284,0.00005119,46.00000000,1
1531166032281,1531166032273,2007285,0.00005111,87.00000000,1
1531166032281,1531166032273,2007286,0.00005103,490.00000000,1
1531166032281,1531166032273,2007287,0.00005102,29.00000000,1
1531166032281,1531166032273,2007288,0.00005100,647.00000000,1
1531166032282,1531166032273,2007289,0.00005098,20.00000000,1
1531166032282,1531166032273,2007290,0.00005097,116.00000000,1
1531166032282,1531166032273,2007291,0.00005095,158.00000000,1
1531166032282,1531166032273,2007292,0.00005094,73.00000000,1
1531166032282,1531166032273,2007293,0.00005090,116.00000000,1
1531166032403,1531166032396,2007294,0.00005090,256.00000000,0
1531166034601,1531166034595,2007295,0.00005087,135.00000000,1
1531166034625,1531166034620,2007296,0.00005088,369.00000000,0
1531166035423,1531166035415,2007297,0.00005088,105.00000000,0
1531166035423,1531166035415,2007298,0.00005089,10.00000000,0
1531166036417,1531166036411,2007299,0.00005089,46.00000000,0
1531166037245,1531166037239,2007300,0.00005089,177.00000000,0
1531166037909,1531166037903,2007301,0.00005089,22.00000000,1
1531166041643,1531166041636,2007302,0.00005090,1260.00000000,0
1531166045211,1531166045205,2007303,0.00005090,65.00000000,0
1531166046007,1531166045999,2007304,0.00005089,34.00000000,1
1531166046007,1531166045999,2007305,0.00005083,20.00000000,1
1531166046007,1531166045999,2007306,0.00005082,40.00000000,1
1531166046007,1531166045999,2007307,0.00005077,184.00000000,1
1531166046007,1531166045999,2007308,0.00005072,584.00000000,1
1531166046007,1531166045999,2007309,0.00005071,456.00000000,1
1531166046007,1531166045999,2007310,0.00005070,31.00000000,1
1531166046023,1531166046019,2007311,0.00005069,954.00000000,0
1531166046042,1531166046034,2007312,0.00005069,343.00000000,0
1531166046057,1531166046051,2007313,0.00005069,144.00000000,0
1531166046469,1531166046464,2007314,0.00005069,470.00000000,0
1531166046514,1531166046509,2007315,0.00005069,470.00000000,0
1531166046555,1531166046548,2007316,0.00005069,283.00000000,0
1531166047143,1531166047142,2007317,0.00005069,56.00000000,0
1531166047308,1531166047303,2007318,0.00005069,56.00000000,0
1531166047489,1531166047486,2007319,0.00005069,470.00000000,0
1531166047913,1531166047912,2007320,0.00005069,5000.00000000,0
1531166048799,1531166048794,2007321,0.00005069,1.00000000,0
1531166048960,1531166048957,2007322,0.00005068,113.00000000,1
1531166048960,1531166048957,2007323,0.00005067,15.00000000,1
1531166053908,1531166053900,2007324,0.00005067,20.00000000,1
1531166053908,1531166053900,2007325,0.00005064,116.00000000,1
1531166053908,1531166053900,2007326,0.00005063,98.00000000,1
1531166053908,1531166053900,2007327,0.00005061,223.00000000,1
1531166053908,1531166053900,2007328,0.00005058,362.00000000,1
1531166053922,1531166053915,2007329,0.00005050,433.00000000,0
1531166053927,1531166053923,2007330,0.00005050,148.00000000,0
1531166053936,1531166053931,2007331,0.00005050,62.00000000,0
1531166062380,1531166062374,2007332,0.00005068,164.00000000,0
1531166062380,1531166062374,2007333,0.00005080,35.00000000,0
1531166062380,1531166062374,2007334,0.00005089,787.00000000,0
1531166064666,1531166064660,2007335,0.00005069,54.00000000,1
1531166066935,1531166066929,2007336,0.00005089,240.00000000,0
1531166073888,1531166073881,2007337,0.00005089,59.00000000,0
1531166075370,1531166075364,2007338,0.00005089,20.00000000,0
1531166092588,1531166092579,2007339,0.00005073,139.00000000,1
1531166092588,1531166092579,2007340,0.00005072,1966.00000000,1
1531166092588,1531166092579,2007341,0.00005069,340.00000000,1
1531166092588,1531166092579,2007342,0.00005054,1047.00000000,1
1531166092588,1531166092579,2007343,0.00005053,41.00000000,1
1531166092588,1531166092579,2007344,0.00005050,7027.00000000,1
1531166092588,1531166092579,2007345,0.00005047,20.00000000,1
1531166092588,1531166092579,2007346,0.00005044,20.00000000,1
1531166092588,1531166092579,2007347,0.00005038,98.00000000,1
1531166092588,1531166092579,2007348,0.00005037,548.00000000,1
1531166092611,1531166092604,2007349,0.00005037,706.00000000,0
1531166092673,1531166092669,2007350,0.00005037,708.00000000,0
1531166092725,1531166092719,2007351,0.00005034,40.00000000,1
1531166092725,1531166092719,2007352,0.00005033,196.00000000,1
1531166092725,1531166092719,2007353,0.00005032,470.00000000,1
1531166092762,1531166092756,2007354,0.00005032,42.00000000,1
1531166093186,1531166093181,2007355,0.00005037,198.00000000,0
1531166093209,1531166093203,2007356,0.00005037,7634.00000000,0
1531166094789,1531166094782,2007357,0.00005036,42.00000000,1
1531166094789,1531166094782,2007358,0.00005032,73.00000000,1
1531166094890,1531166094886,2007359,0.00005037,4.00000000,0
1531166107630,1531166107621,2007360,0.00005051,88.00000000,0
1531166107630,1531166107621,2007361,0.00005060,42.00000000,0
1531166107630,1531166107621,2007362,0.00005062,410.00000000,0
1531166107630,1531166107621,2007363,0.00005063,216.00000000,0
1531166107630,1531166107621,2007364,0.00005074,138.00000000,0
1531166107630,1531166107621,2007365,0.00005079,41.00000000,0
1531166107630,1531166107621,2007366,0.00005087,684.00000000,0
1531166107630,1531166107621,2007367,0.00005088,611.00000000,0
1531166112185,1531166112177,2007368,0.00005089,78.00000000,0
1531166112185,1531166112177,2007369,0.00005093,31.00000000,0
1531166112185,1531166112177,2007370,0.00005094,116.00000000,0
1531166112185,1531166112177,2007371,0.00005098,197.00000000,0
1531166112185,1531166112177,2007372,0.00005101,98.00000000,0
1531166112185,1531166112177,2007373,0.00005110,19.00000000,0
1531166112858,1531166112854,2007374,0.00005082,40.00000000,1
1531166113210,1531166113205,2007375,0.00005082,40.00000000,1
1531166116262,1531166116256,2007376,0.00005085,21.00000000,1
1531166116790,1531166116784,2007377,0.00005109,80.00000000,0
1531166116790,1531166116784,2007378,0.00005110,54.00000000,0
1531166118516,1531166118509,2007379,0.00005110,25.00000000,0
1531166118516,1531166118509,2007380,0.00005112,19.00000000,0
1531166128105,1531166128099,2007381,0.00005112,6.00000000,0
1531166128105,1531166128099,2007382,0.00005117,60.00000000,0
1531166128118,1531166128110,2007383,0.00005117,1171.00000000,1
1531166128125,1531166128118,2007384,0.00005117,74.00000000,1
1531166128760,1531166128754,2007385,0.00005117,74.00000000,1
1531166128849,1531166128843,2007386,0.00005120,128.00000000,0
1531166128886,1531166128882,2007387,0.00005120,396.00000000,1
1531166132241,1531166132238,2007388,0.00005121,456.00000000,0
1531166135339,1531166135335,2007389,0.00005120,203.00000000,1
1531166135339,1531166135335,2007390,0.00005117,253.00000000,1
1531166135879,1531166135873,2007391,0.00005123,40.00000000,0
1531166136781,1531166136776,2007392,0.00005123,20.00000000,0
1531166144327,1531166144322,2007393,0.00005122,22.00000000,0
1531166160262,1531166160256,2007394,0.00005117,1258.00000000,1
1531166165467,1531166165461,2007395,0.00005117,73.00000000,1
1531166175963,1531166175958,2007396,0.00005122,17.00000000,0
1531166175963,1531166175958,2007397,0.00005123,3.00000000,0
1531166207784,1531166207778,2007398,0.00005117,116.00000000,1
1531166208563,1531166208558,2007399,0.00005117,727.00000000,1
1531166210380,1531166210374,2007400,0.00005117,343.00000000,1
1531166213829,1531166213824,2007401,0.00005117,116.00000000,1
1531166214308,1531166214302,2007402,0.00005117,116.00000000,1
1531166246435,1531166246429,2007403,0.00005122,97.00000000,0
1531166256179,1531166256172,2007404,0.00005122,20.00000000,0
1531166260753,1531166260747,2007405,0.00005119,653.00000000,1
1531166268894,1531166268888,2007406,0.00005122,29.00000000,0
1531166297824,1531166297817,2007407,0.00005122,310.00000000,0
1531166297824,1531166297817,2007408,0.00005123,407.00000000,0
1531166297824,1531166297817,2007409,0.00005131,115.00000000,0
1531166297824,1531166297817,2007410,0.00005132,138.00000000,0
1531166297824,1531166297817,2007411,0.00005134,115.00000000,0
1531166297824,1531166297817,2007412,0.00005136,20.00000000,0
1531166297824,1531166297817,2007413,0.00005137,32.00000000,0
1531166297824,1531166297817,2007414,0.00005138,288.00000000,0
1531166297824,1531166297817,2007415,0.00005141,75.00000000,0
1531166300301,1531166300296,2007416,0.00005141,5.00000000,0
1531166300301,1531166300296,2007417,0.00005144,40.00000000,0
1531166300301,1531166300296,2007418,0.00005146,29.00000000,0
1531166300301,1531166300296,2007419,0.00005147,54.00000000,0
1531166314094,1531166314086,2007420,0.00005125,129.00000000,1
1531166314094,1531166314086,2007421,0.00005121,680.00000000,1
1531166314094,1531166314086,2007422,0.00005118,110.00000000,1
1531166314094,1531166314086,2007423,0.00005117,509.00000000,1
1531166315812,1531166315805,2007424,0.00005146,129.00000000,0
1531166315812,1531166315805,2007425,0.00005147,102.00000000,0
1531166315812,1531166315805,2007426,0.00005148,2986.00000000,0
1531166315831,1531166315825,2007427,0.00005148,86.00000000,1
1531166315852,1531166315845,2007428,0.00005148,176.00000000,1
1531166315858,1531166315852,2007429,0.00005148,144.00000000,1
1531166316630,1531166316624,2007430,0.00005148,86.00000000,1
1531166337593,1531166337588,2007431,0.00005150,20.00000000,0
1531166338280,1531166338273,2007432,0.00005150,20.00000000,0
1531166352330,1531166352324,2007433,0.00005150,40.00000000,0
1531166353393,1531166353389,2007434,0.00005150,2.00000000,0
1531166361033,1531166361027,2007435,0.00005151,18.00000000,1
1531166361033,1531166361027,2007436,0.00005148,7520.00000000,1
1531166378593,1531166378590,2007437,0.00005163,20.00000000,0
1531166397069,1531166397065,2007438,0.00005162,222.00000000,0
1531166397069,1531166397065,2007439,0.00005163,37.00000000,0
1531166419559,1531166419554,2007440,0.00005162,20.00000000,0
1531166421326,1531166421319,2007441,0.00005152,91.00000000,1
1531166421326,1531166421319,2007442,0.00005150,68.00000000,1
1531166445247,1531166445240,2007443,0.00005161,22.00000000,0
1531166445247,1531166445240,2007444,0.00005162,60.00000000,0
1531166445247,1531166445240,2007445,0.00005163,267.00000000,0
1531166445247,1531166445240,2007446,0.00005168,130.00000000,0
1531166445247,1531166445240,2007447,0.00005169,106.00000000,0
1531166452440,1531166452434,2007448,0.00005169,53.00000000,0
1531166472049,1531166472044,2007449,0.00005167,163.00000000,0
1531166481187,1531166481180,2007450,0.00005165,20.00000000,0
1531166547750,1531166547745,2007451,0.00005165,380.00000000,0
1531166548362,1531166548361,2007452,0.00005167,400.00000000,0
1531166549758,1531166549753,2007453,0.00005167,1.00000000,0
1531166549780,1531166549776,2007454,0.00005169,580.00000000,0
1531166574858,1531166574852,2007455,0.00005169,129.00000000,0
1531166583668,1531166583661,2007456,0.00005169,1.00000000,0
1531166583668,1531166583661,2007457,0.00005170,754.00000000,0
1531166583716,1531166583710,2007458,0.00005170,2077.00000000,0
1531166584986,1531166584980,2007459,0.00005170,651.00000000,0
1531166621610,1531166621604,2007460,0.00005170,20.00000000,0
1531166647548,1531166647542,2007461,0.00005156,83.00000000,1
1531166647548,1531166647542,2007462,0.00005150,57.00000000,1
1531166647616,1531166647615,2007463,0.00005150,83.00000000,0
1531166756555,1531166756549,2007464,0.00005147,124.00000000,1
1531166756601,1531166756594,2007465,0.00005147,44.00000000,0
1531166777753,1531166777747,2007466,0.00005144,383.00000000,1
1531166779180,1531166779179,2007467,0.00005132,20.00000000,1
1531166779180,1531166779179,2007468,0.00005129,20.00000000,1
1531166779209,1531166779203,2007469,0.00005129,58.00000000,0
1531166852714,1531166852711,2007470,0.00005154,123.00000000,0
1531166859095,1531166859088,2007471,0.00005154,1.00000000,0
1531166859095,1531166859088,2007472,0.00005155,114.00000000,0
1531166887016,1531166887011,2007473,0.00005155,180.00000000,0
1531166888471,1531166888466,2007474,0.00005141,230.00000000,1
1531166903699,1531166903693,2007475,0.00005142,128.00000000,1
1531166917582,1531166917577,2007476,0.00005144,252.00000000,1
1531166929453,1531166929448,2007477,0.00005158,83.00000000,0
1531166937895,1531166937889,2007478,0.00005143,73.00000000,1
1531166937895,1531166937889,2007479,0.00005141,450.00000000,1
1531166959404,1531166959401,2007480,0.00005142,44.00000000,1
1531166996692,1531166996688,2007481,0.00005141,61.00000000,1
1531166996692,1531166996688,2007482,0.00005139,3789.00000000,1
1531167009753,1531167009751,2007483,0.00005139,422.00000000,1
1531167012075,1531167012069,2007484,0.00005139,1000.00000000,1
1531167068033,1531167068027,2007485,0.00005139,533.00000000,1
1531167128268,1531167128261,2007486,0.00005140,321.00000000,1
1531167128268,1531167128261,2007487,0.00005139,87.00000000,1
1531167128268,1531167128261,2007488,0.00005138,162.00000000,1
1531167128268,1531167128261,2007489,0.00005127,20.00000000,1
1531167128268,1531167128261,2007490,0.00005117,287.00000000,1
1531167128268,1531167128261,2007491,0.00005112,142.00000000,1
1531167128268,1531167128261,2007492,0.00005111,39.00000000,1
1531167128268,1531167128261,2007493,0.00005110,624.00000000,1
1531167129454,1531167129448,2007494,0.00005110,10.00000000,1
1531167155294,1531167155287,2007495,0.00005111,163.00000000,1
1531167155294,1531167155287,2007496,0.00005110,3410.00000000,1
1531167171905,1531167171898,2007497,0.00005120,44.00000000,0
1531167196913,1531167196897,2007498,0.00005105,129.00000000,1
1531167196913,1531167196897,2007499,0.00005104,54.00000000,1
1531167196913,1531167196897,2007500,0.00005103,163.00000000,1
1531167196913,1531167196897,2007501,0.00005100,1841.00000000,1
1531167196913,1531167196897,2007502,0.00005093,70.00000000,1
1531167196913,1531167196897,2007503,0.00005087,41.00000000,1
1531167196913,1531167196897,2007504,0.00005085,98.00000000,1
1531167196913,1531167196897,2007505,0.00005083,137.00000000,1
1531167196913,1531167196897,2007506,0.00005081,137.00000000,1
1531167196913,1531167196897,2007507,0.00005080,114.00000000,1
1531167196913,1531167196897,2007508,0.00005078,20.00000000,1
1531167196913,1531167196897,2007509,0.00005075,292.00000000,1
1531167196913,1531167196897,2007510,0.00005074,117.00000000,1
1531167196913,1531167196897,2007511,0.00005073,8374.00000000,1
1531167196913,1531167196897,2007512,0.00005072,116.00000000,1
1531167196913,1531167196897,2007513,0.00005071,161.00000000,1
1531167196913,1531167196897,2007514,0.00005070,512.00000000,1
1531167196913,1531167196897,2007515,0.00005069,6377.00000000,1
1531167197340,1531167197339,2007516,0.00005097,29.00000000,0
1531167197368,1531167197365,2007517,0.00005110,54.00000000,0
1531167197470,1531167197464,2007518,0.00005110,40.00000000,0
1531167198625,1531167198620,2007519,0.00005082,46.00000000,0
1531167205667,1531167205659,2007520,0.00005070,164.00000000,1
1531167205667,1531167205659,2007521,0.00005067,180.00000000,1
1531167205667,1531167205659,2007522,0.00005066,32.00000000,1
1531167205667,1531167205659,2007523,0.00005064,20.00000000,1
1531167205667,1531167205659,2007524,0.00005061,195.00000000,1
1531167205667,1531167205659,2007525,0.00005058,98.00000000,1
1531167205667,1531167205659,2007526,0.00005050,2650.00000000,1
1531167207224,1531167207219,2007527,0.00005079,32.00000000,0
1531167224850,1531167224844,2007528,0.00005088,598.00000000,0
1531167230092,1531167230086,2007529,0.00005085,85.00000000,1
1531167240913,1531167240908,2007530,0.00005071,78.00000000,1
1531167242725,1531167242718,2007531,0.00005071,39.00000000,1
1531167242725,1531167242718,2007532,0.00005050,3961.00000000,1
1531167262129,1531167262122,2007533,0.00005071,20.00000000,0
1531167293049,1531167293044,2007534,0.00005077,116.00000000,0
1531167294752,1531167294746,2007535,0.00005078,116.00000000,0
1531167294752,1531167294746,2007536,0.00005085,474.00000000,0
1531167300579,1531167300572,2007537,0.00005085,190.00000000,0
1531167300579,1531167300572,2007538,0.00005093,98.00000000,0
1531167300579,1531167300572,2007539,0.00005096,116.00000000,0
1531167300579,1531167300572,2007540,0.00005098,377.00000000,0
1531167300580,1531167300572,2007541,0.00005101,37.00000000,0
1531167312299,1531167312293,2007542,0.00005101,158.00000000,0
1531167312299,1531167312293,2007543,0.00005104,17.00000000,0
1531167315231,1531167315225,2007544,0.00005104,99.00000000,0
1531167315231,1531167315225,2007545,0.00005105,234.00000000,0
1531167315231,1531167315225,2007546,0.00005106,25.00000000,0
1531167315231,1531167315225,2007547,0.00005110,471.00000000,0
1531167321693,1531167321687,2007548,0.00005110,110.00000000,0
1531167338492,1531167338488,2007549,0.00005110,131.00000000,0
1531167358942,1531167358936,2007550,0.00005102,117.00000000,0
1531167358942,1531167358936,2007551,0.00005105,74.00000000,0
1531167375689,1531167375683,2007552,0.00005107,29.00000000,0
1531167404512,1531167404504,2007553,0.00005110,176.00000000,0
1531167404512,1531167404504,2007554,0.00005116,39.00000000,0
1531167404512,1531167404504,2007555,0.00005121,117.00000000,0
1531167404512,1531167404504,2007556,0.00005122,20.00000000,0
1531167404512,1531167404504,2007557,0.00005124,234.00000000,0
1531167404512,1531167404504,2007558,0.00005125,259.00000000,0
1531167404512,1531167404504,2007559,0.00005127,40.00000000,0
1531167405008,1531167405004,2007560,0.00005134,234.00000000,0
1531167405008,1531167405004,2007561,0.00005140,80.00000000,0
1531167405008,1531167405004,2007562,0.00005142,60.00000000,0
1531167405008,1531167405004,2007563,0.00005147,60.00000000,0
1531167405008,1531167405004,2007564,0.00005155,249.00000000,0
1531167405008,1531167405004,2007565,0.00005169,106.00000000,0
1531167407422,1531167407416,2007566,0.00005168,35.00000000,0
1531167411964,1531167411952,2007567,0.00005168,7115.00000000,0
1531167411964,1531167411952,2007568,0.00005169,552.00000000,0
1531167411964,1531167411952,2007569,0.00005170,3763.00000000,0
1531167411964,1531167411952,2007570,0.00005173,22.00000000,0
1531167411964,1531167411952,2007571,0.00005179,3633.00000000,0
1531167411964,1531167411952,2007572,0.00005180,1385.00000000,0
1531167411964,1531167411952,2007573,0.00005182,1471.00000000,0
1531167411964,1531167411952,2007574,0.00005187,79.00000000,0
1531167411964,1531167411952,2007575,0.00005188,975.00000000,0
1531167411964,1531167411952,2007576,0.00005189,327.00000000,0
1531167411964,1531167411952,2007577,0.00005190,2224.00000000,0
1531167411964,1531167411952,2007578,0.00005192,1918.00000000,0
1531167411964,1531167411952,2007579,0.00005195,6769.00000000,0
1531167411964,1531167411952,2007580,0.00005199,2668.00000000,0
1531167411964,1531167411952,2007581,0.00005200,6160.00000000,0
1531167423795,1531167423790,2007582,0.00005189,111.00000000,0
1531167425749,1531167425741,2007583,0.00005189,20.00000000,0
1531167425929,1531167425923,2007584,0.00005189,39.00000000,0
1531167426203,1531167426196,2007585,0.00005189,39.00000000,0
1531167426373,1531167426367,2007586,0.00005189,20.00000000,0
1531167435924,1531167435919,2007587,0.00005189,175.00000000,0
1531167435963,1531167435960,2007588,0.00005189,146.00000000,1
1531167436330,1531167436328,2007589,0.00005190,414.00000000,0
1531167437710,1531167437703,2007590,0.00005190,86.00000000,0
1531167437710,1531167437703,2007591,0.00005200,52.00000000,0
1531167445668,1531167445668,2007592,0.00005191,20.00000000,1
1531167450847,1531167450846,2007593,0.00005190,58.00000000,1
1531167450884,1531167450884,2007594,0.00005191,58.00000000,1
1531167450893,1531167450888,2007595,0.00005191,135.00000000,1
1531167450927,1531167450921,2007596,0.00005166,116.00000000,1
1531167454038,1531167454025,2007597,0.00005166,525.00000000,1
1531167454038,1531167454025,2007598,0.00005151,60.00000000,1
1531167454038,1531167454025,2007599,0.00005147,772.00000000,1
1531167454038,1531167454025,2007600,0.00005146,143.00000000,1
1531167454038,1531167454025,2007601,0.00005143,20.00000000,1
1531167454038,1531167454025,2007602,0.00005142,456.00000000,1
1531167454038,1531167454025,2007603,0.00005138,229.00000000,1
1531167454038,1531167454025,2007604,0.00005137,97.00000000,1
1531167454038,1531167454025,2007605,0.00005134,134.00000000,1
1531167454038,1531167454025,2007606,0.00005132,77.00000000,1
1531167454038,1531167454025,2007607,0.00005131,487.00000000,1
1531167471123,1531167471119,2007608,0.00005141,47.00000000,1
1531167476515,1531167476509,2007609,0.00005141,132.00000000,1
1531167477039,1531167477033,2007610,0.00005141,982.00000000,1
1531167477546,1531167477541,2007611,0.00005141,104.00000000,1
1531167484151,1531167484145,2007612,0.00005140,20.00000000,1
1531167494143,1531167494137,2007613,0.00005139,172.00000000,0
1531167502403,1531167502395,2007614,0.00005131,42.00000000,1
1531167502403,1531167502395,2007615,0.00005127,133.00000000,1
1531167531171,1531167531165,2007616,0.00005136,243.00000000,0
1531167532750,1531167532745,2007617,0.00005136,80.00000000,0
1531167560496,1531167560489,2007618,0.00005105,62.00000000,1
1531167560496,1531167560489,2007619,0.00005104,55.00000000,1
1531167566783,1531167566784,2007620,0.00005104,38.00000000,1
1531167572905,1531167572899,2007621,0.00005110,544.00000000,0
1531167588624,1531167588625,2007622,0.00005137,20.00000000,0
1531167606389,1531167606379,2007623,0.00005137,73.00000000,0
1531167606389,1531167606379,2007624,0.00005140,95.00000000,0
1531167606389,1531167606379,2007625,0.00005143,114.00000000,0
1531167606389,1531167606379,2007626,0.00005156,215.00000000,0
1531167606389,1531167606379,2007627,0.00005157,25.00000000,0
1531167606389,1531167606379,2007628,0.00005163,97.00000000,0
1531167606389,1531167606379,2007629,0.00005166,20.00000000,0
1531167606389,1531167606379,2007630,0.00005168,828.00000000,0
1531167606389,1531167606379,2007631,0.00005170,71.00000000,0
1531167606389,1531167606379,2007632,0.00005172,153.00000000,0
1531167606389,1531167606379,2007633,0.00005173,242.00000000,0
1531167613289,1531167613281,2007634,0.00005168,158.00000000,0
1531167613289,1531167613281,2007635,0.00005184,191.00000000,0
1531167613289,1531167613281,2007636,0.00005189,195.00000000,0
1531167613289,1531167613281,2007637,0.00005196,40.00000000,0
1531167613289,1531167613281,2007638,0.00005197,189.00000000,0
1531167616975,1531167616967,2007639,0.00005194,29.00000000,0
1531167616975,1531167616967,2007640,0.00005197,374.00000000,0
1531167616975,1531167616967,2007641,0.00005199,818.00000000,0
1531167616975,1531167616967,2007642,0.00005200,27673.00000000,0
1531167616975,1531167616967,2007643,0.00005207,78.00000000,0
1531167616975,1531167616967,2007644,0.00005208,409.00000000,0
1531167616975,1531167616967,2007645,0.00005211,1849.00000000,0
1531167616975,1531167616967,2007646,0.00005212,15033.00000000,0
1531167616975,1531167616967,2007647,0.00005215,54.00000000,0
1531167616975,1531167616967,2007648,0.00005218,117.00000000,0
1531167616975,1531167616967,2007649,0.00005221,487.00000000,0
1531167616975,1531167616967,2007650,0.00005222,3148.00000000,0
1531167618128,1531167618122,2007651,0.00005221,150.00000000,0
1531167618128,1531167618122,2007652,0.00005222,41.00000000,0
1531167618838,1531167618832,2007653,0.00005200,23.00000000,1
1531167619561,1531167619554,2007654,0.00005222,63.00000000,0
1531167620205,1531167620199,2007655,0.00005174,123.00000000,1
1531167620589,1531167620586,2007656,0.00005173,3.00000000,1
1531167628164,1531167628158,2007657,0.00005176,180.00000000,1
1531167629102,1531167629096,2007658,0.00005176,20.00000000,1
1531167629163,1531167629158,2007659,0.00005176,379.00000000,1
1531167629200,1531167629194,2007660,0.00005175,193.00000000,1
1531167629216,1531167629210,2007661,0.00005219,20.00000000,0
1531167630191,1531167630185,2007662,0.00005219,39.00000000,0
1531167632920,1531167632914,2007663,0.00005216,208.00000000,0
1531167632920,1531167632914,2007664,0.00005217,25.00000000,0
1531167648065,1531167648058,2007665,0.00005201,62.00000000,0
1531167648073,1531167648068,2007666,0.00005201,595.00000000,1
1531167649596,1531167649591,2007667,0.00005200,20.00000000,0
1531167649627,1531167649626,2007668,0.00005200,20.00000000,0
1531167649673,1531167649670,2007669,0.00005200,20.00000000,0
1531167651316,1531167651310,2007670,0.00005180,40.00000000,1
1531167654321,1531167654315,2007671,0.00005197,122.00000000,0
1531167654321,1531167654315,2007672,0.00005198,156.00000000,0
1531167671298,1531167671296,2007673,0.00005187,61.00000000,0
1531167671298,1531167671296,2007674,0.00005189,150.00000000,0
1531167671298,1531167671296,2007675,0.00005201,94.00000000,0
1531167671298,1531167671296,2007676,0.00005218,40.00000000,0
1531167671298,1531167671296,2007677,0.00005219,754.00000000,0
1531167671298,1531167671296,2007678,0.00005222,999.00000000,0
1531167677193,1531167677192,2007679,0.00005176,90.00000000,1
1531167678219,1531167678213,2007680,0.00005176,43.00000000,1
1531167678219,1531167678213,2007681,0.00005175,82.00000000,1
1531167689695,1531167689689,2007682,0.00005194,39.00000000,0
1531167689918,1531167689912,2007683,0.00005194,20.00000000,0
1531167690410,1531167690407,2007684,0.00005194,20.00000000,0
1531167691161,1531167691155,2007685,0.00005176,20.00000000,1
1531167693209,1531167693205,2007686,0.00005176,29.00000000,1
1531167694263,1531167694258,2007687,0.00005190,61.00000000,0
1531167697665,1531167697659,2007688,0.00005186,172.00000000,0
1531167700475,1531167700472,2007689,0.00005186,1091.00000000,1
1531167705431,1531167705424,2007690,0.00005179,57.00000000,1
1531167715012,1531167715005,2007691,0.00005182,222.00000000,0
1531167715012,1531167715005,2007692,0.00005183,1091.00000000,0
1531167715072,1531167715066,2007693,0.00005183,144.00000000,1
1531167715088,1531167715082,2007694,0.00005183,160.00000000,1
1531167715187,1531167715182,2007695,0.00005183,160.00000000,1
1531167720669,1531167720664,2007696,0.00005197,20.00000000,0
1531167720669,1531167720664,2007697,0.00005198,98.00000000,0
1531167720669,1531167720664,2007698,0.00005199,58.00000000,0
1531167720694,1531167720693,2007699,0.00005200,6617.00000000,1
1531167720720,1531167720714,2007700,0.00005200,4351.00000000,1
1531167720751,1531167720745,2007701,0.00005200,34077.00000000,1
1531167720845,1531167720843,2007702,0.00005183,151.00000000,1
1531167722669,1531167722664,2007703,0.00005184,21.00000000,1
1531167731007,1531167731001,2007704,0.00005208,20.00000000,0
1531167736926,1531167736923,2007705,0.00005207,1029.00000000,0
1531167738958,1531167738953,2007706,0.00005207,343.00000000,0
1531167774218,1531167774214,2007707,0.00005201,200.00000000,0
1531167786182,1531167786176,2007708,0.00005201,119.00000000,0
1531167853374,1531167853369,2007709,0.00005177,61.00000000,1
1531167853920,1531167853914,2007710,0.00005185,227.00000000,0
1531167870997,1531167870996,2007711,0.00005185,31.00000000,0
1531167877467,1531167877461,2007712,0.00005185,40.00000000,0
1531167888771,1531167888766,2007713,0.00005175,20.00000000,1
1531167908803,1531167908802,2007714,0.00005175,13.00000000,1
1531167908803,1531167908802,2007715,0.00005169,7.00000000,1
1531167960446,1531167960438,2007716,0.00005172,199.00000000,1
1531167960446,1531167960438,2007717,0.00005169,80.00000000,1
1531167960446,1531167960438,2007718,0.00005167,20.00000000,1
1531167960446,1531167960438,2007719,0.00005156,40.00000000,1
1531167960446,1531167960438,2007720,0.00005154,441.00000000,1
1531167960446,1531167960438,2007721,0.00005151,750.00000000,1
1531167960446,1531167960438,2007722,0.00005150,115.00000000,1
1531167961720,1531167961713,2007723,0.00005149,87.00000000,1
1531167961720,1531167961713,2007724,0.00005148,110.00000000,1
1531168012601,1531168012596,2007725,0.00005150,129.00000000,0
1531168034656,1531168034653,2007726,0.00005149,23.00000000,0
1531168064964,1531168064962,2007727,0.00005150,486.00000000,0
1531168066443,1531168066438,2007728,0.00005150,244.00000000,0
1531168068804,1531168068799,2007729,0.00005150,320.00000000,0
1531168083580,1531168083574,2007730,0.00005150,61.00000000,0
1531168086660,1531168086654,2007731,0.00005145,1900.00000000,1
1531168117097,1531168117093,2007732,0.00005145,651.00000000,1
1531168117097,1531168117093,2007733,0.00005144,400.00000000,1
1531168117097,1531168117093,2007734,0.00005140,20.00000000,1
1531168117097,1531168117093,2007735,0.00005121,20.00000000,1
1531168117097,1531168117093,2007736,0.00005118,20.00000000,1
1531168117097,1531168117093,2007737,0.00005117,118.00000000,1
1531168117097,1531168117093,2007738,0.00005114,771.00000000,1
1531168119561,1531168119554,2007739,0.00005130,2.00000000,0
1531168123235,1531168123229,2007740,0.00005118,41.00000000,1
1531168125096,1531168125091,2007741,0.00005118,71.00000000,0
1531168127819,1531168127814,2007742,0.00005118,137.00000000,1
1531168129717,1531168129657,2007743,0.00005137,39.00000000,0
1531168148887,1531168148882,2007744,0.00005118,36.00000000,1
1531168151888,1531168151882,2007745,0.00005118,49.00000000,1
1531168151888,1531168151882,2007746,0.00005114,206.00000000,1
1531168151888,1531168151882,2007747,0.00005107,40.00000000,1
1531168151888,1531168151882,2007748,0.00005105,1376.00000000,1
1531168174959,1531168174955,2007749,0.00005108,20.00000000,1
1531168198617,1531168198616,2007750,0.00005137,16.00000000,0
1531168216678,1531168216673,2007751,0.00005136,20.00000000,0
1531168323972,1531168323966,2007752,0.00005143,599.00000000,0
1531168324531,1531168324525,2007753,0.00005143,1.00000000,0
1531168324531,1531168324525,2007754,0.00005146,155.00000000,0
1531168324531,1531168324525,2007755,0.00005160,38.00000000,0
1531168325601,1531168325596,2007756,0.00005136,42.00000000,0
1531168325677,1531168325672,2007757,0.00005136,77.00000000,0
1531168333364,1531168333358,2007758,0.00005133,116.00000000,1
1531168333364,1531168333358,2007759,0.00005130,400.00000000,1
1531168333364,1531168333358,2007760,0.00005121,484.00000000,1
1531168349531,1531168349526,2007761,0.00005134,685.00000000,1
1531168349531,1531168349526,2007762,0.00005120,1.00000000,1
1531168358854,1531168358849,2007763,0.00005141,737.00000000,0
1531168542660,1531168542654,2007764,0.00005141,22.00000000,0
1531168551321,1531168551316,2007765,0.00005141,2547.00000000,1
1531168559217,1531168559213,2007766,0.00005135,6440.00000000,1
1531168603043,1531168603039,2007767,0.00005133,54.00000000,1
1531168619099,1531168619093,2007768,0.00005133,631.00000000,1
1531168625409,1531168625405,2007769,0.00005133,685.00000000,1
1531168639287,1531168639281,2007770,0.00005133,158.00000000,1
1531168646492,1531168646486,2007771,0.00005133,527.00000000,1
1531168655335,1531168655329,2007772,0.00005135,685.00000000,1
1531168674169,1531168674164,2007773,0.00005135,685.00000000,1
1531168675459,1531168675454,2007774,0.00005135,123.00000000,1
1531168675459,1531168675454,2007775,0.00005133,877.00000000,1
1531168680387,1531168680381,2007776,0.00005135,685.00000000,1
1531168691728,1531168691726,2007777,0.00005135,685.00000000,1
1531168697307,1531168697302,2007778,0.00005135,685.00000000,1
1531168704632,1531168704630,2007779,0.00005150,116.00000000,0
1531168704632,1531168704630,2007780,0.00005151,33.00000000,0
1531168725671,1531168725665,2007781,0.00005151,122.00000000,0
1531168725671,1531168725665,2007782,0.00005153,1435.00000000,0
1531168736390,1531168736385,2007783,0.00005151,1168.00000000,0
1531168767906,1531168767900,2007784,0.00005136,122.00000000,1
1531168767906,1531168767900,2007785,0.00005133,23.00000000,1
1531168767906,1531168767900,2007786,0.00005132,155.00000000,1
1531168767906,1531168767900,2007787,0.00005105,490.00000000,1
1531168767906,1531168767900,2007788,0.00005102,29.00000000,1
1531168767906,1531168767900,2007789,0.00005101,39.00000000,1
1531168767906,1531168767900,2007790,0.00005100,116.00000000,1
1531168767906,1531168767900,2007791,0.00005099,988.00000000,1
1531168767906,1531168767900,2007792,0.00005097,299.00000000,1
1531168767906,1531168767900,2007793,0.00005096,136.00000000,1
1531168767906,1531168767900,2007794,0.00005094,4.00000000,1
1531168768514,1531168768509,2007795,0.00005130,116.00000000,0
1531168768688,1531168768686,2007796,0.00005112,39.00000000,1
1531168768714,1531168768707,2007797,0.00005124,29.00000000,0
1531168768716,1531168768711,2007798,0.00005124,87.00000000,0
1531168768716,1531168768711,2007799,0.00005130,29.00000000,0
1531168768744,1531168768739,2007800,0.00005130,29.00000000,0
1531168768745,1531168768739,2007801,0.00005130,10.00000000,0
1531168768745,1531168768739,2007802,0.00005150,19.00000000,0
1531168768811,1531168768805,2007803,0.00005124,88.00000000,0
1531168768811,1531168768805,2007804,0.00005127,27.00000000,0
1531168768839,1531168768835,2007805,0.00005127,89.00000000,0
1531168769298,1531168769291,2007806,0.00005128,235.00000000,0
1531168771682,1531168771676,2007807,0.00005143,155.00000000,0
1531168771878,1531168771874,2007808,0.00005132,88.00000000,1
1531168773998,1531168773992,2007809,0.00005143,25.00000000,1
1531168778156,1531168778149,2007810,0.00005143,130.00000000,1
1531168778182,1531168778176,2007811,0.00005143,162.00000000,0
1531168788458,1531168788452,2007812,0.00005143,1.00000000,0
1531168788458,1531168788452,2007813,0.00005149,277.00000000,0
1531168802646,1531168802641,2007814,0.00005149,3230.00000000,1
1531168948501,1531168948495,2007815,0.00005137,155.00000000,1
1531168948501,1531168948495,2007816,0.00005105,39.00000000,1
1531168948501,1531168948495,2007817,0.00005104,29.00000000,1
1531168948501,1531168948495,2007818,0.00005102,116.00000000,1
1531168948501,1531168948495,2007819,0.00005096,72.00000000,1
1531168948501,1531168948495,2007820,0.00005094,112.00000000,1
1531168948501,1531168948495,2007821,0.00005093,962.00000000,1
1531168948951,1531168948945,2007822,0.00005126,116.00000000,0
1531168949337,1531168949332,2007823,0.00005129,88.00000000,0
1531168949405,1531168949400,2007824,0.00005126,28.00000000,0
1531168949435,1531168949432,2007825,0.00005124,28.00000000,0
1531168949452,1531168949447,2007826,0.00005124,88.00000000,0
1531168949681,1531168949674,2007827,0.00005132,155.00000000,0
1531168949859,1531168949852,2007828,0.00005126,39.00000000,0
1531168950713,1531168950707,2007829,0.00005125,116.00000000,0
1531168951442,1531168951435,2007830,0.00005130,116.00000000,1
1531168956124,1531168956122,2007831,0.00005138,72.00000000,0
1531168963258,1531168963253,2007832,0.00005130,569.00000000,1
1531168968945,1531168968939,2007833,0.00005126,685.00000000,1
1531168975600,1531168975595,2007834,0.00005126,685.00000000,1
1531169001284,1531169001281,2007835,0.00005147,26.00000000,0
1531169008417,1531169008413,2007836,0.00005147,129.00000000,0
1531169008417,1531169008413,2007837,0.00005150,21.00000000,0
1531169024220,1531169024214,2007838,0.00005131,685.00000000,1
1531169034991,1531169034985,2007839,0.00005132,113.00000000,1
1531169059376,1531169059371,2007840,0.00005132,685.00000000,1
1531169061863,1531169061858,2007841,0.00005132,685.00000000,1
1531169073211,1531169073205,2007842,0.00005135,685.00000000,1
1531169081093,1531169081087,2007843,0.00005133,7541.00000000,1
1531169081093,1531169081087,2007844,0.00005132,1632.00000000,1
1531169104721,1531169104716,2007845,0.00005150,20.00000000,0
1531169125109,1531169125104,2007846,0.00005149,40.00000000,0
1531169127063,1531169127057,2007847,0.00005132,127.00000000,1
1531169132631,1531169132625,2007848,0.00005132,73.00000000,1
1531169183899,1531169183894,2007849,0.00005132,73.00000000,1
1531169217898,1531169217895,2007850,0.00005133,116.00000000,1
1531169217911,1531169217904,2007851,0.00005132,2450.00000000,0
1531169246377,1531169246371,2007852,0.00005132,685.00000000,1
1531169246377,1531169246371,2007853,0.00005130,266.00000000,1
1531169246378,1531169246371,2007854,0.00005117,214.00000000,1
1531169246378,1531169246371,2007855,0.00005104,163.00000000,1
1531169246378,1531169246371,2007856,0.00005103,1672.00000000,1
1531169247238,1531169247234,2007857,0.00005138,154.00000000,0
1531169247793,1531169247756,2007858,0.00005123,116.00000000,0
1531169249780,1531169249775,2007859,0.00005137,162.00000000,0
1531169280230,1531169280226,2007860,0.00005128,685.00000000,1
1531169280230,1531169280226,2007861,0.00005123,1.00000000,1
1531169288465,1531169288459,2007862,0.00005137,1.00000000,0
1531169326101,1531169326099,2007863,0.00005146,20.00000000,0
1531169332033,1531169332027,2007864,0.00005146,251.00000000,0
1531169341014,1531169341008,2007865,0.00005146,58.00000000,1
1531169387352,1531169387346,2007866,0.00005147,59.00000000,0
1531169411719,1531169411712,2007867,0.00005146,7.00000000,1
1531169411719,1531169411712,2007868,0.00005134,155.00000000,1
1531169411719,1531169411712,2007869,0.00005130,1602.00000000,1
1531169411719,1531169411712,2007870,0.00005129,934.00000000,1
1531169411719,1531169411712,2007871,0.00005126,934.00000000,1
1531169411719,1531169411712,2007872,0.00005123,115.00000000,1
1531169427896,1531169427893,2007873,0.00005138,20.00000000,0
1531169604235,1531169604229,2007874,0.00005145,194.00000000,0
1531169615397,1531169615392,2007875,0.00005130,20.00000000,1
1531169636564,1531169636558,2007876,0.00005130,33.00000000,1
1531169660129,1531169660123,2007877,0.00005130,50.00000000,1
1531169728387,1531169728381,2007878,0.00005145,1093.00000000,0
1531169730647,1531169730643,2007879,0.00005145,20.00000000,0
1531169753571,1531169753564,2007880,0.00005135,375.00000000,1
1531169753571,1531169753564,2007881,0.00005121,156.00000000,1
1531169753571,1531169753564,2007882,0.00005112,20.00000000,1
1531169753571,1531169753564,2007883,0.00005101,291.00000000,1
1531169789344,1531169789339,2007884,0.00005132,685.00000000,1
1531169789344,1531169789339,2007885,0.00005127,2862.00000000,1
1531169824860,1531169824847,2007886,0.00005144,10000.00000000,0
1531169824860,1531169824847,2007887,0.00005145,7341.00000000,0
1531169824860,1531169824847,2007888,0.00005146,8456.00000000,0
1531169824860,1531169824847,2007889,0.00005147,196.00000000,0
1531169824860,1531169824847,2007890,0.00005149,1686.00000000,0
1531169824860,1531169824847,2007891,0.00005150,1156.00000000,0
1531169824860,1531169824847,2007892,0.00005154,113.00000000,0
1531169824860,1531169824847,2007893,0.00005156,20.00000000,0
1531169824860,1531169824847,2007894,0.00005157,73.00000000,0
1531169824860,1531169824847,2007895,0.00005158,674.00000000,0
1531169824860,1531169824847,2007896,0.00005159,172.00000000,0
1531169824860,1531169824847,2007897,0.00005160,7158.00000000,0
1531169824860,1531169824847,2007898,0.00005161,115.00000000,0
1531169824860,1531169824847,2007899,0.00005169,100.00000000,0
1531169824860,1531169824847,2007900,0.00005170,14065.00000000,0
1531169824860,1531169824847,2007901,0.00005171,120.00000000,0
1531169824860,1531169824847,2007902,0.00005176,90.00000000,0
1531169824860,1531169824847,2007903,0.00005177,20.00000000,0
1531169824860,1531169824847,2007904,0.00005180,441.00000000,0
1531169824860,1531169824847,2007905,0.00005185,300.00000000,0
1531169824860,1531169824847,2007906,0.00005195,60.00000000,0
1531169824860,1531169824847,2007907,0.00005196,40.00000000,0
1531169824860,1531169824847,2007908,0.00005200,1081.00000000,0
1531169824877,1531169824872,2007909,0.00005200,807.00000000,1
1531169824911,1531169824879,2007910,0.00005200,2156.00000000,1
1531169824911,1531169824889,2007911,0.00005200,48.00000000,1
1531169825683,1531169825680,2007912,0.00005200,22.00000000,1
1531169831716,1531169831710,2007913,0.00005203,20.00000000,0
1531169832031,1531169832026,2007914,0.00005203,56.00000000,0
1531169833929,1531169833924,2007915,0.00005208,52.00000000,0
1531169840379,1531169840375,2007916,0.00005204,20.00000000,1
1531169841368,1531169841361,2007917,0.00005204,64.00000000,0
1531169844649,1531169844644,2007918,0.00005206,12.00000000,1
1531169847321,1531169847317,2007919,0.00005210,71.00000000,0
1531169847943,1531169847934,2007920,0.00005210,236.00000000,0
1531169847943,1531169847934,2007921,0.00005211,22.00000000,0
1531169847943,1531169847934,2007922,0.00005215,97.00000000,0
1531169854138,1531169854132,2007923,0.00005210,1500.00000000,0
1531169854201,1531169854195,2007924,0.00005210,338.00000000,1
1531169855195,1531169855189,2007925,0.00005210,21.00000000,1
1531169855195,1531169855189,2007926,0.00005206,169.00000000,1
1531169857795,1531169857793,2007927,0.00005205,20.00000000,0
1531169858289,1531169858284,2007928,0.00005201,149.00000000,1
1531169861725,1531169861719,2007929,0.00005201,4052.00000000,1
1531169861779,1531169861776,2007930,0.00005201,94.00000000,0
1531169861935,1531169861929,2007931,0.00005200,108.00000000,1
1531169867867,1531169867861,2007932,0.00005200,220.00000000,1
1531169867867,1531169867861,2007933,0.00005172,440.00000000,1
1531169868286,1531169868281,2007934,0.00005165,20.00000000,1
1531169868286,1531169868281,2007935,0.00005164,20.00000000,1
1531169868286,1531169868281,2007936,0.00005159,6.00000000,1
1531169874730,1531169874728,2007937,0.00005159,197.00000000,1
1531169876910,1531169876904,2007938,0.00005159,27.00000000,1
1531169876910,1531169876904,2007939,0.00005158,87.00000000,1
1531169876910,1531169876904,2007940,0.00005157,83.00000000,1
1531169896346,1531169896324,2007941,0.00005157,67.00000000,1
1531169896346,1531169896324,2007942,0.00005153,20.00000000,1
1531169896346,1531169896324,2007943,0.00005132,421.00000000,1
1531169896346,1531169896324,2007944,0.00005130,30.00000000,1
1531169896346,1531169896324,2007945,0.00005128,75.00000000,1
1531169896346,1531169896324,2007946,0.00005126,154.00000000,1
1531169896346,1531169896324,2007947,0.00005123,231.00000000,1
1531169896346,1531169896324,2007948,0.00005121,945.00000000,1
1531169896346,1531169896324,2007949,0.00005120,160.00000000,1
1531169896346,1531169896324,2007950,0.00005119,429.00000000,1
1531169896346,1531169896324,2007951,0.00005118,26.00000000,1
1531169896346,1531169896324,2007952,0.00005117,310.00000000,1
1531169896346,1531169896324,2007953,0.00005116,20.00000000,1
1531169896346,1531169896324,2007954,0.00005115,348.00000000,1
1531169896346,1531169896324,2007955,0.00005114,483.00000000,1
1531169896346,1531169896324,2007956,0.00005113,163.00000000,1
1531169896346,1531169896324,2007957,0.00005112,1216.00000000,1
1531169896346,1531169896324,2007958,0.00005111,621.00000000,1
1531169896346,1531169896324,2007959,0.00005110,944.00000000,1
1531169896346,1531169896324,2007960,0.00005109,80.00000000,1
1531169896346,1531169896324,2007961,0.00005108,786.00000000,1
1531169896346,1531169896324,2007962,0.00005106,1159.00000000,1
1531169896346,1531169896324,2007963,0.00005105,483.00000000,1
1531169896346,1531169896324,2007964,0.00005104,7000.00000000,1
1531169896346,1531169896324,2007965,0.00005103,714.00000000,1
1531169896346,1531169896324,2007966,0.00005102,589.00000000,1
1531169896346,1531169896324,2007967,0.00005101,947.00000000,1
1531169896346,1531169896324,2007968,0.00005100,695.00000000,1
1531169896887,1531169896881,2007969,0.00005127,58.00000000,1
1531169896911,1531169896905,2007970,0.00005132,1065.00000000,0
1531169896979,1531169896973,2007971,0.00005136,24.00000000,0
1531169897093,1531169897087,2007972,0.00005133,91.00000000,0
1531169897167,1531169897162,2007973,0.00005136,233.00000000,0
1531169897182,1531169897178,2007974,0.00005136,614.00000000,0
1531169897192,1531169897188,2007975,0.00005136,91.00000000,1
1531169897247,1531169897243,2007976,0.00005136,38.00000000,1
1531169897290,1531169897283,2007977,0.00005136,29.00000000,1
