event_time,trade_time,trade_id,price,quantity,maker
1531160307811,1531160307807,2484477,0.00192600,4.17000000,1
1531160307850,1531160307847,2484478,0.00192800,0.79000000,0
1531160312922,1531160312918,2484479,0.00192600,1.68000000,1
1531160313090,1531160313088,2484480,0.00193000,1.96000000,0
1531160364237,1531160364235,2484481,0.00192900,11.57000000,0
1531160366251,1531160366247,2484482,0.00192600,100.73000000,1
1531160366251,1531160366247,2484483,0.00192500,2.04000000,1
1531160370352,1531160370349,2484484,0.00192500,0.62000000,0
1531160370410,1531160370409,2484485,0.00192500,0.62000000,0
1531160376113,1531160376110,2484486,0.00192500,0.77000000,0
1531160376428,1531160376423,2484487,0.00192400,3.42000000,1
1531160376465,1531160376462,2484488,0.00192400,5.74000000,0
1531160377161,1531160377159,2484489,0.00192400,5.75000000,0
1531160380235,1531160380231,2484490,0.00192300,63.65000000,1
1531160381093,1531160381089,2484491,0.00192300,11.05000000,0
1531160381368,1531160381364,2484492,0.00192300,0.62000000,0
1531160381481,1531160381477,2484493,0.00192300,7.24000000,0
1531160381543,1531160381540,2484494,0.00192300,0.79000000,0
1531160381695,1531160381690,2484495,0.00192300,8.35000000,0
1531160382168,1531160382165,2484496,0.00192300,5.27000000,0
1531160383407,1531160383402,2484497,0.00192400,21.06000000,0
1531160386178,1531160386173,2484498,0.00192400,5.75000000,0
1531160386898,1531160386897,2484499,0.00192400,5.75000000,0
1531160389689,1531160389686,2484500,0.00192300,3.82000000,1
1531160392011,1531160392008,2484501,0.00192300,0.39000000,0
1531160392067,1531160392064,2484502,0.00192300,0.62000000,0
1531160397331,1531160397326,2484503,0.00192200,4.17000000,1
1531160397331,1531160397326,2484504,0.00192100,130.00000000,1
1531160397331,1531160397326,2484505,0.00192000,100.00000000,1
1531160397827,1531160397824,2484506,0.00191800,1.10000000,1
1531160398582,1531160398578,2484507,0.00191800,3.77000000,0
1531160398690,1531160398688,2484508,0.00191800,3.92000000,0
1531160399250,1531160399246,2484509,0.00191800,7.52000000,0
1531160399866,1531160399862,2484510,0.00191900,1.40000000,0
1531160400825,1531160400821,2484511,0.00191900,5.78000000,0
1531160400827,1531160400824,2484512,0.00191900,15.00000000,0
1531160404291,1531160404288,2484513,0.00191900,0.95000000,0
1531160404326,1531160404323,2484514,0.00191900,15.00000000,0
1531160404576,1531160404573,2484515,0.00191900,0.30000000,0
1531160404626,1531160404622,2484516,0.00191900,0.48000000,0
1531160404654,1531160404651,2484517,0.00191900,0.62000000,0
1531160404655,1531160404652,2484518,0.00191900,0.62000000,0
1531160404692,1531160404689,2484519,0.00191900,0.62000000,0
1531160404747,1531160404743,2484520,0.00191900,0.62000000,0
1531160404836,1531160404833,2484521,0.00191900,0.48000000,0
1531160405637,1531160405634,2484522,0.00191900,0.62000000,0
1531160405796,1531160405793,2484523,0.00191900,0.76000000,0
1531160406728,1531160406725,2484524,0.00191900,16.78000000,0
1531160407095,1531160407092,2484525,0.00191900,87.00000000,0
1531160407788,1531160407783,2484526,0.00191900,4.12000000,0
1531160409518,1531160409514,2484527,0.00191900,0.67000000,0
1531160411412,1531160411409,2484528,0.00191900,4.34000000,0
1531160413511,1531160413509,2484529,0.00191800,0.25000000,1
1531160413511,1531160413509,2484530,0.00191700,0.79000000,1
1531160413511,1531160413509,2484531,0.00191600,0.99000000,1
1531160413572,1531160413568,2484532,0.00191900,2.88000000,0
1531160414594,1531160414590,2484533,0.00191900,4.74000000,0
1531160416616,1531160416613,2484534,0.00191800,1.00000000,0
1531160418449,1531160418443,2484535,0.00191600,3.19000000,1
1531160418449,1531160418443,2484536,0.00191300,2.03000000,1
1531160418449,1531160418443,2484537,0.00191200,2.35000000,1
1531160418449,1531160418443,2484538,0.00191100,1.00000000,1
1531160418449,1531160418443,2484539,0.00191000,6.51000000,1
1531160418449,1531160418443,2484540,0.00190900,5.03000000,1
1531160418449,1531160418443,2484541,0.00190700,1.89000000,1
1531160419745,1531160419744,2484542,0.00191800,0.05000000,0
1531160419916,1531160419914,2484543,0.00191900,5.77000000,0
1531160420625,1531160420623,2484544,0.00191900,5.77000000,0
1531160420958,1531160420958,2484545,0.00191400,0.81000000,0
1531160421058,1531160421055,2484546,0.00191900,13.59000000,0
1531160421311,1531160421306,2484547,0.00191900,5.77000000,0
1531160421891,1531160421888,2484548,0.00191100,0.53000000,1
1531160425036,1531160425032,2484549,0.00191100,4.78000000,1
1531160425418,1531160425416,2484550,0.00191100,4.94000000,1
1531160426389,1531160426385,2484551,0.00191100,1.63000000,1
1531160431433,1531160431430,2484552,0.00191900,2.39000000,0
1531160434610,1531160434606,2484553,0.00191600,0.53000000,0
1531160434610,1531160434606,2484554,0.00191900,85.47000000,0
1531160434704,1531160434702,2484555,0.00191900,1.56000000,0
1531160434811,1531160434808,2484556,0.00191900,0.48000000,0
1531160434846,1531160434843,2484557,0.00191900,0.48000000,0
1531160434932,1531160434928,2484558,0.00191900,0.48000000,0
1531160435011,1531160435008,2484559,0.00191900,0.45000000,0
1531160435053,1531160435049,2484560,0.00191900,0.48000000,0
1531160435099,1531160435095,2484561,0.00191900,0.62000000,0
1531160435151,1531160435148,2484562,0.00191900,0.47000000,0
1531160435236,1531160435231,2484563,0.00191900,0.79000000,0
1531160435338,1531160435335,2484564,0.00191900,0.54000000,0
1531160436237,1531160436233,2484565,0.00191100,4.33000000,1
1531160437400,1531160437400,2484566,0.00191100,4.79000000,1
1531160438385,1531160438382,2484567,0.00191100,4.94000000,1
1531160438984,1531160438981,2484568,0.00191100,4.95000000,1
1531160439803,1531160439800,2484569,0.00191100,4.95000000,1
1531160440611,1531160440609,2484570,0.00191100,4.95000000,1
1531160441291,1531160441287,2484571,0.00191100,4.96000000,1
1531160441843,1531160441840,2484572,0.00191100,4.96000000,1
1531160450149,1531160450145,2484573,0.00191900,6.55000000,0
1531160451022,1531160451018,2484574,0.00191200,60.00000000,1
1531160451171,1531160451167,2484575,0.00191200,15.69000000,0
1531160452040,1531160452036,2484576,0.00191200,8.69000000,0
1531160452820,1531160452816,2484577,0.00191200,20.54000000,0
1531160454509,1531160454506,2484578,0.00191100,4.69000000,1
1531160454905,1531160454901,2484579,0.00191100,4.80000000,1
1531160455638,1531160455635,2484580,0.00191100,4.95000000,1
1531160456352,1531160456347,2484581,0.00191100,4.96000000,1
1531160456527,1531160456525,2484582,0.00191200,5.79000000,0
1531160457540,1531160457539,2484583,0.00191200,5.79000000,0
1531160457836,1531160457833,2484584,0.00191200,2.61000000,0
1531160458620,1531160458616,2484585,0.00191200,86.00000000,0
1531160458833,1531160458830,2484586,0.00191200,70.04000000,0
1531160458985,1531160458982,2484587,0.00191900,5.79000000,0
1531160460338,1531160460334,2484588,0.00191100,0.53000000,1
1531160461826,1531160461823,2484589,0.00191300,0.80000000,1
1531160462457,1531160462452,2484590,0.00191500,2.14000000,1
1531160462457,1531160462452,2484591,0.00191300,3.48000000,1
1531160462457,1531160462452,2484592,0.00191100,24.86000000,1
1531160468609,1531160468606,2484593,0.00191900,1.00000000,0
1531160494632,1531160494629,2484594,0.00191900,58.90000000,0
1531160494632,1531160494629,2484595,0.00192000,27.10000000,0
1531160504609,1531160504605,2484596,0.00192000,1.00000000,0
1531160510613,1531160510608,2484597,0.00191900,25.70000000,1
1531160512515,1531160512512,2484598,0.00192000,68.43000000,0
1531160522609,1531160522606,2484599,0.00192100,0.56000000,0
1531160522609,1531160522606,2484600,0.00192300,43.34000000,0
1531160522609,1531160522606,2484601,0.00192400,0.52000000,0
1531160522609,1531160522606,2484602,0.00192500,40.58000000,0
1531160527148,1531160527148,2484603,0.00192500,0.09000000,0
1531160528975,1531160528973,2484604,0.00192000,2.06000000,1
1531160532632,1531160532628,2484605,0.00192500,1.00000000,0
1531160573639,1531160573636,2484606,0.00192500,10.00000000,0
1531160603149,1531160603144,2484607,0.00192400,0.79000000,0
1531160666375,1531160666371,2484608,0.00192000,3.33000000,1
1531160678937,1531160678933,2484609,0.00192000,0.03000000,1
1531160700261,1531160700258,2484610,0.00192000,0.62000000,1
1531160700341,1531160700338,2484611,0.00192000,3.33000000,1
1531160713504,1531160713499,2484612,0.00192400,0.18000000,0
1531160713504,1531160713499,2484613,0.00192500,0.34000000,0
1531160713995,1531160713994,2484614,0.00192000,1.53000000,1
1531160729406,1531160729401,2484615,0.00192500,5.19000000,0
1531160730832,1531160730830,2484616,0.00192500,224.01000000,0
1531160731874,1531160731870,2484617,0.00192000,5.39000000,1
1531160747720,1531160747716,2484618,0.00192500,0.93000000,0
1531160783066,1531160783063,2484619,0.00192400,24.15000000,1
1531160788907,1531160788903,2484620,0.00192400,4.44000000,1
1531160789987,1531160789984,2484621,0.00192400,0.01000000,1
1531160795623,1531160795618,2484622,0.00192400,9.79000000,0
1531160795623,1531160795618,2484623,0.00192800,15.52000000,0
1531160795623,1531160795618,2484624,0.00192900,60.69000000,0
1531160800607,1531160800602,2484625,0.00192900,0.09000000,0
1531160800626,1531160800623,2484626,0.00192900,0.12000000,0
1531160804100,1531160804096,2484627,0.00192100,2.71000000,1
1531160820581,1531160820576,2484628,0.00192800,5.18000000,0
1531160822910,1531160822906,2484629,0.00192900,29.96000000,0
1531160825169,1531160825165,2484630,0.00192800,0.93000000,1
1531160827772,1531160827769,2484631,0.00192800,0.01000000,1
1531160828717,1531160828714,2484632,0.00192200,3.60000000,1
1531160832205,1531160832201,2484633,0.00192700,0.62000000,0
1531160881006,1531160881003,2484634,0.00192700,0.66000000,0
1531160896903,1531160896900,2484635,0.00192100,2.96000000,1
1531160915641,1531160915637,2484636,0.00192700,2.32000000,0
1531160915641,1531160915637,2484637,0.00192800,15.88000000,0
1531160915641,1531160915637,2484638,0.00192900,67.80000000,0
1531160916251,1531160916248,2484639,0.00192200,52.01000000,1
1531160917232,1531160917227,2484640,0.00192300,3.62000000,1
1531160917664,1531160917661,2484641,0.00192300,0.64000000,0
1531160917878,1531160917875,2484642,0.00192300,15.14000000,0
1531160918148,1531160918146,2484643,0.00192200,15.78000000,1
1531160920924,1531160920922,2484644,0.00192200,31.61000000,1
1531160943799,1531160943797,2484645,0.00192500,44.89000000,1
1531160956899,1531160956895,2484646,0.00192800,0.84000000,0
1531160974632,1531160974629,2484647,0.00192800,21.00000000,0
1531160974632,1531160974629,2484648,0.00192900,65.00000000,0
1531160976084,1531160976081,2484649,0.00192700,16.78000000,1
1531160976224,1531160976220,2484650,0.00192700,2.72000000,1
1531160984635,1531160984631,2484651,0.00192900,1.00000000,0
1531160985683,1531160985677,2484652,0.00192800,10.99000000,1
1531161001039,1531161001036,2484653,0.00192900,48.77000000,0
1531161001039,1531161001036,2484654,0.00193000,18.31000000,0
1531161002639,1531161002635,2484655,0.00193000,86.00000000,0
1531161010160,1531161010156,2484656,0.00193000,2.14000000,0
1531161010871,1531161010868,2484657,0.00193100,0.52000000,0
1531161013868,1531161013864,2484658,0.00193100,3.29000000,0
1531161025876,1531161025871,2484659,0.00193000,4.34000000,1
1531161028790,1531161028785,2484660,0.00193200,0.94000000,0
1531161031161,1531161031156,2484661,0.00193000,5.78000000,1
1531161053523,1531161053518,2484662,0.00193100,2.25000000,1
1531161058376,1531161058373,2484663,0.00193200,0.11000000,0
1531161059120,1531161059115,2484664,0.00193300,0.57000000,0
1531161063827,1531161063824,2484665,0.00193600,0.12000000,0
1531161064019,1531161064014,2484666,0.00193600,0.09000000,0
1531161064657,1531161064653,2484667,0.00193600,0.31000000,0
1531161065016,1531161065011,2484668,0.00193700,1.50000000,1
1531161065758,1531161065753,2484669,0.00193800,2.53000000,0
1531161081188,1531161081184,2484670,0.00193300,1.95000000,1
1531161104111,1531161104108,2484671,0.00193600,0.04000000,0
1531161109615,1531161109610,2484672,0.00193300,2.80000000,1
1531161110616,1531161110613,2484673,0.00193600,0.79000000,0
1531161112385,1531161112382,2484674,0.00193300,5.79000000,1
1531161116383,1531161116378,2484675,0.00193600,1.13000000,0
1531161116383,1531161116378,2484676,0.00193900,4.03000000,0
1531161117282,1531161117278,2484677,0.00193900,5.16000000,0
1531161118468,1531161118464,2484678,0.00193300,1.52000000,1
1531161119948,1531161119948,2484679,0.00193800,0.09000000,0
1531161120133,1531161120130,2484680,0.00193800,0.12000000,0
1531161121163,1531161121159,2484681,0.00193300,2.18000000,1
1531161122625,1531161122622,2484682,0.00193300,3.09000000,1
1531161144383,1531161144381,2484683,0.00193300,61.69000000,1
1531161145016,1531161145012,2484684,0.00193200,1.95000000,1
1531161152112,1531161152107,2484685,0.00193000,3.00000000,1
1531161152196,1531161152193,2484686,0.00193000,32.59000000,1
1531161156879,1531161156876,2484687,0.00193200,11.79000000,1
1531161180882,1531161180879,2484688,0.00192700,20.19000000,1
1531161189869,1531161189869,2484689,0.00192700,0.61000000,1
1531161191032,1531161191028,2484690,0.00192600,3.37000000,1
1531161197872,1531161197867,2484691,0.00193200,0.77000000,0
1531161285719,1531161285714,2484692,0.00192500,0.07000000,1
1531161294202,1531161294199,2484693,0.00193200,0.64000000,0
1531161297302,1531161297298,2484694,0.00193200,1.50000000,0
1531161298708,1531161298707,2484695,0.00193200,0.29000000,0
1531161318134,1531161318130,2484696,0.00193200,0.67000000,0
1531161324942,1531161324939,2484697,0.00192400,30.00000000,1
1531161324942,1531161324939,2484698,0.00192200,0.77000000,1
1531161324942,1531161324939,2484699,0.00192000,70.98000000,1
1531161331398,1531161331394,2484700,0.00191800,1.81000000,1
1531161331398,1531161331394,2484701,0.00191700,3.68000000,1
1531161331398,1531161331394,2484702,0.00191500,11.51000000,1
1531161334625,1531161334619,2484703,0.00192000,19.99000000,0
1531161340200,1531161340195,2484704,0.00192600,40.58000000,1
1531161361825,1531161361822,2484705,0.00192700,0.53000000,1
1531161372659,1531161372656,2484706,0.00193200,7.51000000,0
1531161372659,1531161372656,2484707,0.00193300,2.00000000,0
1531161373028,1531161373023,2484708,0.00193600,16.49000000,1
1531161379628,1531161379624,2484709,0.00193700,0.09000000,0
1531161381412,1531161381407,2484710,0.00193700,1.61000000,0
1531161381914,1531161381911,2484711,0.00192800,3.28000000,1
1531161383035,1531161383030,2484712,0.00192700,2.28000000,1
1531161391157,1531161391153,2484713,0.00192800,1.77000000,0
1531161408282,1531161408277,2484714,0.00192800,0.10000000,0
1531161412910,1531161412908,2484715,0.00192800,0.94000000,0
1531161466915,1531161466912,2484716,0.00192200,2.55000000,1
1531161508848,1531161508843,2484717,0.00192800,1.13000000,0
1531161606599,1531161606595,2484718,0.00192800,0.94000000,0
1531161614769,1531161614764,2484719,0.00192800,1.06000000,0
1531161620331,1531161620326,2484720,0.00192400,1.16000000,1
1531161620331,1531161620326,2484721,0.00192200,7.04000000,1
1531161633550,1531161633547,2484722,0.00192800,3.89000000,0
1531161738438,1531161738436,2484723,0.00192400,2.00000000,1
1531161756589,1531161756586,2484724,0.00192800,0.94000000,0
1531161778301,1531161778296,2484725,0.00192800,3.27000000,0
1531161784249,1531161784244,2484726,0.00192200,39.67000000,1
1531161784249,1531161784244,2484727,0.00192000,18.18000000,1
1531161784249,1531161784244,2484728,0.00191900,13.49000000,1
1531161811578,1531161811573,2484729,0.00192800,0.29000000,0
1531161813452,1531161813450,2484730,0.00192800,1.46000000,0
1531161820722,1531161820716,2484731,0.00192800,6.73000000,0
1531161821908,1531161821904,2484732,0.00193000,4.38000000,1
1531161823651,1531161823649,2484733,0.00193200,0.52000000,0
1531161823651,1531161823649,2484734,0.00193600,84.48000000,0
1531161865632,1531161865628,2484735,0.00193600,87.00000000,0
1531161889643,1531161889638,2484736,0.00193600,3.28000000,0
1531161889643,1531161889638,2484737,0.00193700,61.79000000,0
1531161889643,1531161889638,2484738,0.00193800,20.93000000,0
1531161890688,1531161890684,2484739,0.00193800,1.00000000,0
1531161899638,1531161899637,2484740,0.00193800,1.00000000,0
1531161910920,1531161910915,2484741,0.00193800,3.84000000,0
1531161966028,1531161966024,2484742,0.00193800,37.89000000,0
1531161973150,1531161973146,2484743,0.00193800,169.55000000,0
1531162011112,1531162011108,2484744,0.00193800,2.00000000,0
1531162026325,1531162026319,2484745,0.00193800,4.46000000,0
1531162087903,1531162087899,2484746,0.00193100,0.01000000,1
1531162088957,1531162088951,2484747,0.00193500,15.76000000,1
1531162089319,1531162089314,2484748,0.00193500,0.01000000,1
1531162097522,1531162097518,2484749,0.00193500,5.77000000,1
1531162138113,1531162138109,2484750,0.00193500,0.02000000,1
1531162163592,1531162163589,2484751,0.00193500,0.57000000,1
1531162185836,1531162185831,2484752,0.00193800,13.83000000,0
1531162185836,1531162185831,2484753,0.00193900,155.63000000,0
1531162206462,1531162206458,2484754,0.00193900,5.97000000,0
1531162281972,1531162281966,2484755,0.00193900,3.55000000,1
1531162287299,1531162287295,2484756,0.00193900,0.01000000,1
1531162287299,1531162287295,2484757,0.00193500,15.21000000,1
1531162287299,1531162287295,2484758,0.00193400,1.30000000,1
1531162287299,1531162287295,2484759,0.00193100,6.64000000,1
1531162297236,1531162297231,2484760,0.00193200,2.61000000,1
1531162352680,1531162352675,2484761,0.00193900,0.99000000,0
1531162394230,1531162394225,2484762,0.00193900,0.65000000,0
1531162397752,1531162397749,2484763,0.00193900,0.97000000,0
1531162428139,1531162428134,2484764,0.00194000,100.00000000,0
1531162492049,1531162492044,2484765,0.00194000,0.62000000,0
1531162530614,1531162530608,2484766,0.00194000,37.06000000,0
1531162530835,1531162530830,2484767,0.00194000,13.14000000,0
1531162530969,1531162530966,2484768,0.00194000,2.82000000,1
1531162535658,1531162535654,2484769,0.00194100,0.09000000,0
1531162579939,1531162579933,2484770,0.00194100,3.32000000,0
1531162580928,1531162580924,2484771,0.00194100,0.70000000,1
1531162581163,1531162581160,2484772,0.00194100,30.95000000,1
1531162582250,1531162582244,2484773,0.00194100,3.35000000,1
1531162582677,1531162582672,2484774,0.00194000,0.01000000,1
1531162582993,1531162582986,2484775,0.00193900,0.12000000,0
1531162583043,1531162583039,2484776,0.00193900,0.09000000,0
1531162596335,1531162596329,2484777,0.00193400,1.93000000,1
1531162601564,1531162601559,2484778,0.00193800,0.02000000,0
1531162681695,1531162681690,2484779,0.00193800,0.91000000,0
1531162702314,1531162702310,2484780,0.00193500,34.80000000,1
1531162741922,1531162741917,2484781,0.00193400,0.75000000,1
1531162744596,1531162744592,2484782,0.00193400,2.00000000,1
1531162800123,1531162800118,2484783,0.00193400,14.49000000,1
1531162801190,1531162801185,2484784,0.00193400,0.01000000,1
1531162803104,1531162803099,2484785,0.00193300,20.48000000,1
1531162810037,1531162810031,2484786,0.00193300,5.77000000,0
1531162812671,1531162812666,2484787,0.00193800,31.56000000,0
1531162812672,1531162812666,2484788,0.00194000,15.00000000,0
1531162812829,1531162812824,2484789,0.00194100,25.40000000,1
1531162817767,1531162817762,2484790,0.00194300,1.42000000,0
1531162819188,1531162819184,2484791,0.00194300,0.09000000,0
1531162819244,1531162819240,2484792,0.00194300,0.12000000,0
1531162820600,1531162820595,2484793,0.00194100,13.04000000,1
1531162822662,1531162822659,2484794,0.00194000,1.52000000,1
1531162823662,1531162823658,2484795,0.00194000,1.00000000,0
1531162893130,1531162893123,2484796,0.00193900,18.04000000,0
1531162929672,1531162929667,2484797,0.00193900,1.88000000,0
1531162930403,1531162930399,2484798,0.00193900,1.07000000,1
1531162932630,1531162932624,2484799,0.00193900,1.43000000,1
1531162934478,1531162934473,2484800,0.00193900,1.39000000,1
1531162935563,1531162935558,2484801,0.00193900,0.93000000,1
1531162988208,1531162988204,2484802,0.00193900,1.11000000,1
1531162988208,1531162988204,2484803,0.00193600,2.99000000,1
1531162988208,1531162988204,2484804,0.00193400,1.67000000,1
1531163012024,1531163012019,2484805,0.00193400,3.01000000,1
1531163081752,1531163081750,2484806,0.00193400,0.83000000,0
1531163081752,1531163081750,2484807,0.00194000,4.34000000,0
1531163120098,1531163120094,2484808,0.00194000,0.38000000,0
1531163125131,1531163125128,2484809,0.00194000,0.38000000,0
1531163170092,1531163170087,2484810,0.00194000,5.15000000,0
1531163190625,1531163190620,2484811,0.00194000,0.77000000,0
1531163262260,1531163262255,2484812,0.00194000,5.15000000,0
1531163274609,1531163274603,2484813,0.00193400,7.79000000,1
1531163274609,1531163274603,2484814,0.00193200,19.42000000,1
1531163274609,1531163274603,2484815,0.00193100,5.00000000,1
1531163274609,1531163274603,2484816,0.00193000,0.01000000,1
1531163274609,1531163274603,2484817,0.00192800,0.62000000,1
1531163274609,1531163274603,2484818,0.00192600,7.57000000,1
1531163274609,1531163274603,2484819,0.00192500,2.09000000,1
1531163274609,1531163274603,2484820,0.00192300,2.12000000,1
1531163274609,1531163274603,2484821,0.00192200,4.87000000,1
1531163278820,1531163278815,2484822,0.00192700,49.49000000,1
1531163332146,1531163332143,2484823,0.00193200,0.65000000,0
1531163414235,1531163414229,2484824,0.00192900,3.04000000,0
1531163414235,1531163414229,2484825,0.00193200,0.50000000,0
1531163447953,1531163447948,2484826,0.00192300,0.53000000,1
1531163450692,1531163450686,2484827,0.00193100,0.53000000,0
1531163450692,1531163450686,2484828,0.00193200,0.97000000,0
1531163450692,1531163450686,2484829,0.00193600,3.67000000,0
1531163457080,1531163457073,2484830,0.00193600,1.20000000,0
1531163457080,1531163457073,2484831,0.00193900,3.96000000,0
1531163472772,1531163472765,2484832,0.00193900,0.66000000,0
1531163478270,1531163478265,2484833,0.00192800,0.52000000,1
1531163544769,1531163544763,2484834,0.00192400,7.57000000,1
1531163586257,1531163586253,2484835,0.00192400,1.93000000,1
1531163598150,1531163598144,2484836,0.00193100,0.52000000,0
1531163598150,1531163598144,2484837,0.00193200,0.52000000,0
1531163598150,1531163598144,2484838,0.00193600,0.52000000,0
1531163598150,1531163598144,2484839,0.00193900,3.17000000,0
1531163600313,1531163600307,2484840,0.00193900,10.18000000,1
1531163601674,1531163601668,2484841,0.00193900,5.52000000,1
1531163602605,1531163602599,2484842,0.00193900,1.36000000,1
1531163603840,1531163603833,2484843,0.00193900,2.38000000,1
1531163604951,1531163604946,2484844,0.00193900,1.16000000,1
1531163607314,1531163607308,2484845,0.00193900,0.76000000,1
1531163650631,1531163650626,2484846,0.00193900,0.25000000,1
1531163697875,1531163697871,2484847,0.00193900,0.66000000,1
1531163720360,1531163720355,2484848,0.00193900,0.55000000,0
1531163725519,1531163725512,2484849,0.00193900,5.15000000,0
1531163733256,1531163733251,2484850,0.00193900,7.00000000,0
1531163850669,1531163850663,2484851,0.00193900,11.00000000,0
1531163850979,1531163850971,2484852,0.00193900,1.36000000,0
1531163851485,1531163851482,2484853,0.00193900,40.18000000,1
1531163852376,1531163852369,2484854,0.00193900,14.94000000,1
1531163882864,1531163882858,2484855,0.00194000,0.52000000,0
1531163882864,1531163882858,2484856,0.00194100,3.26000000,0
1531163883408,1531163883404,2484857,0.00193900,1.71000000,1
1531163906190,1531163906184,2484858,0.00193900,0.56000000,1
1531163911389,1531163911384,2484859,0.00193900,2.38000000,1
1531163916272,1531163916266,2484860,0.00193900,20.19000000,1
1531163974521,1531163974517,2484861,0.00193900,0.56000000,1
1531163987578,1531163987574,2484862,0.00193900,26.51000000,1
1531163992423,1531163992418,2484863,0.00193900,11.29000000,1
1531163992794,1531163992787,2484864,0.00193900,11.79000000,1
1531164007816,1531164007812,2484865,0.00194000,7.69000000,0
1531164045589,1531164045582,2484866,0.00193900,0.56000000,1
1531164086547,1531164086540,2484867,0.00193900,2.97000000,1
1531164120247,1531164120244,2484868,0.00193100,0.56000000,1
1531164184153,1531164184151,2484869,0.00192700,0.25000000,1
1531164232300,1531164232294,2484870,0.00193800,0.56000000,0
1531164232300,1531164232294,2484871,0.00193900,5.21000000,0
1531164323186,1531164323180,2484872,0.00193600,0.33000000,1
1531164344435,1531164344429,2484873,0.00193600,0.58000000,1
1531164351496,1531164351491,2484874,0.00193600,0.61000000,1
1531164460201,1531164460197,2484875,0.00193600,0.56000000,1
1531164461908,1531164461904,2484876,0.00193600,0.57000000,1
1531164492619,1531164492613,2484877,0.00193600,74.17000000,1
1531164526684,1531164526679,2484878,0.00193900,9.00000000,0
1531164536691,1531164536686,2484879,0.00193900,1.00000000,0
1531164557353,1531164557347,2484880,0.00193700,0.56000000,1
1531164587715,1531164587710,2484881,0.00193900,24.70000000,0
1531164587715,1531164587710,2484882,0.00194000,1.90000000,0
1531164587715,1531164587710,2484883,0.00194100,58.40000000,0
1531164606230,1531164606224,2484884,0.00193700,0.24000000,1
1531164607285,1531164607279,2484885,0.00193600,10.85000000,1
1531164613687,1531164613681,2484886,0.00193700,10.85000000,0
1531164613687,1531164613681,2484887,0.00194000,53.61000000,0
1531164613687,1531164613681,2484888,0.00194100,22.54000000,0
1531164623699,1531164623693,2484889,0.00194100,1.00000000,0
1531164641711,1531164641703,2484890,0.00194100,34.00000000,0
1531164690143,1531164690138,2484891,0.00194100,0.04000000,0
1531164774256,1531164774250,2484892,0.00193600,0.01000000,1
1531164774256,1531164774250,2484893,0.00193200,48.92000000,1
1531164774256,1531164774250,2484894,0.00193100,8.19000000,1
1531164774256,1531164774250,2484895,0.00193000,42.42000000,1
1531164781151,1531164781146,2484896,0.00194000,0.38000000,0
1531164790463,1531164790458,2484897,0.00194000,0.38000000,0
1531164801142,1531164801137,2484898,0.00193100,0.56000000,1
1531164888009,1531164888005,2484899,0.00193800,2.89000000,0
1531164911070,1531164911066,2484900,0.00193800,1.28000000,0
1531164924462,1531164924457,2484901,0.00193300,8.19000000,1
1531164965495,1531164965489,2484902,0.00193300,0.86000000,1
1531165113420,1531165113414,2484903,0.00193300,7.19000000,1
1531165165979,1531165165973,2484904,0.00193300,4.07000000,1
1531165180761,1531165180755,2484905,0.00193300,4.49000000,1
1531165199188,1531165199185,2484906,0.00193300,2.65000000,1
1531165255170,1531165255164,2484907,0.00193300,1.53000000,1
1531165258142,1531165258137,2484908,0.00193300,0.08000000,1
1531165331426,1531165331420,2484909,0.00193800,0.65000000,0
1531165462145,1531165462139,2484910,0.00193400,1.00000000,1
1531165466930,1531165466923,2484911,0.00193800,2.89000000,0
1531165540960,1531165540954,2484912,0.00193800,10.21000000,0
1531165541236,1531165541230,2484913,0.00193800,29.27000000,1
1531165549086,1531165549079,2484914,0.00193800,11.51000000,1
1531165614558,1531165614557,2484915,0.00193800,1.71000000,1
1531165652686,1531165652681,2484916,0.00194000,34.80000000,0
1531165706074,1531165706070,2484917,0.00193800,0.01000000,1
1531165710997,1531165710990,2484918,0.00193800,1.74000000,0
1531165710997,1531165710990,2484919,0.00193800,0.54000000,1
1531165726686,1531165726683,2484920,0.00193800,0.56000000,1
1531165742796,1531165742790,2484921,0.00193900,1.57000000,1
1531165771959,1531165771952,2484922,0.00194000,5.65000000,0
1531165771959,1531165771952,2484923,0.00194100,29.35000000,0
1531165816283,1531165816276,2484924,0.00194000,1.38000000,1
1531165817585,1531165817581,2484925,0.00194000,1.56000000,1
1531165818816,1531165818811,2484926,0.00194000,1.23000000,1
1531165820126,1531165820120,2484927,0.00194000,0.77000000,1
1531165830342,1531165830336,2484928,0.00194000,1.99000000,1
1531165831204,1531165831200,2484929,0.00194000,1.25000000,1
1531165832449,1531165832445,2484930,0.00194000,0.79000000,1
1531165837958,1531165837951,2484931,0.00194100,5.15000000,0
1531165845513,1531165845507,2484932,0.00194000,1.36000000,1
1531165855803,1531165855798,2484933,0.00194000,68.65000000,1
1531165855803,1531165855798,2484934,0.00193900,12.68000000,1
1531165860421,1531165860415,2484935,0.00193900,0.56000000,1
1531165881207,1531165881200,2484936,0.00193900,6.77000000,1
1531165881676,1531165881674,2484937,0.00193900,3.36000000,1
1531165919981,1531165919975,2484938,0.00194000,5.78000000,0
1531165943646,1531165943640,2484939,0.00194000,5.18000000,0
1531165951017,1531165951015,2484940,0.00194000,0.64000000,0
1531165956009,1531165956003,2484941,0.00193900,0.56000000,1
1531165958546,1531165958545,2484942,0.00193900,0.68000000,1
1531165958546,1531165958545,2484943,0.00193800,8.20000000,1
1531165958546,1531165958545,2484944,0.00193700,13.29000000,1
1531165967353,1531165967350,2484945,0.00194000,0.31000000,0
1531166106065,1531166106058,2484946,0.00194000,4.05000000,0
1531166116003,1531166115997,2484947,0.00194000,0.55000000,0
1531166121550,1531166121546,2484948,0.00194000,5.15000000,0
1531166214922,1531166214915,2484949,0.00193900,0.55000000,0
1531166214922,1531166214915,2484950,0.00194000,10.57000000,0
1531166241908,1531166241902,2484951,0.00194000,0.03000000,0
1531166246080,1531166246077,2484952,0.00194000,0.10000000,0
1531166247361,1531166247355,2484953,0.00194000,2.90000000,1
1531166248604,1531166248599,2484954,0.00194000,2.82000000,1
1531166249743,1531166249742,2484955,0.00194000,1.98000000,1
1531166252391,1531166252385,2484956,0.00194000,4.20000000,1
1531166302206,1531166302199,2484957,0.00194000,0.56000000,0
1531166302306,1531166302301,2484958,0.00194000,0.83000000,1
1531166340393,1531166340388,2484959,0.00194000,1.10000000,1
1531166361662,1531166361655,2484960,0.00194000,4.75000000,0
1531166376820,1531166376814,2484961,0.00194000,4.65000000,0
1531166437893,1531166437887,2484962,0.00193800,93.62000000,0
1531166439094,1531166439093,2484963,0.00193800,1.03000000,0
1531166486218,1531166486212,2484964,0.00193800,5.15000000,0
1531166554403,1531166554397,2484965,0.00193500,7.00000000,1
1531166557734,1531166557727,2484966,0.00193800,0.10000000,0
1531166569054,1531166569048,2484967,0.00193800,0.04000000,0
1531166713186,1531166713182,2484968,0.00193700,3.54000000,1
1531166725855,1531166725849,2484969,0.00193800,17.01000000,0
1531166730622,1531166730615,2484970,0.00193700,0.56000000,1
1531166741762,1531166741756,2484971,0.00193800,4.94000000,0
1531166816798,1531166816793,2484972,0.00193700,3.49000000,1
1531166874907,1531166874901,2484973,0.00193700,96.51000000,0
1531166876614,1531166876608,2484974,0.00193700,94.65000000,1
1531166878289,1531166878282,2484975,0.00193700,10.21000000,1
1531166880356,1531166880350,2484976,0.00193700,7.66000000,1
1531166896205,1531166896198,2484977,0.00193700,7.59000000,1
1531166902669,1531166902663,2484978,0.00193800,1.10000000,0
1531166936323,1531166936317,2484979,0.00193600,0.73000000,1
1531166985087,1531166985086,2484980,0.00193800,0.51000000,0
1531167028021,1531167028015,2484981,0.00193800,43.03000000,0
1531167028021,1531167028015,2484982,0.00194300,15.00000000,0
1531167028021,1531167028015,2484983,0.00194400,4.54000000,0
1531167029945,1531167029938,2484984,0.00194400,0.10000000,0
1531167029957,1531167029955,2484985,0.00194400,0.12000000,0
1531167030015,1531167030009,2484986,0.00194400,0.12000000,0
1531167030321,1531167030315,2484987,0.00194400,0.12000000,0
1531167035027,1531167035023,2484988,0.00194400,0.12000000,0
1531167039473,1531167039468,2484989,0.00194400,0.51000000,0
1531167061168,1531167061162,2484990,0.00194400,1.48000000,0
1531167083957,1531167083951,2484991,0.00193700,0.05000000,1
1531167154264,1531167154259,2484992,0.00193700,0.95000000,1
1531167157231,1531167157227,2484993,0.00194400,0.51000000,0
1531167251934,1531167251928,2484994,0.00194300,2.67000000,0
1531167264508,1531167264502,2484995,0.00194200,27.82000000,0
1531167424860,1531167424854,2484996,0.00194200,0.65000000,0
1531167426434,1531167426428,2484997,0.00194200,20.47000000,0
1531167426434,1531167426428,2484998,0.00194300,22.99000000,0
1531167449495,1531167449491,2484999,0.00193600,5.78000000,1
1531167467237,1531167467231,2485000,0.00193600,0.56000000,1
1531167535089,1531167535083,2485001,0.00194200,0.51000000,0
1531167627333,1531167627329,2485002,0.00193600,2.46000000,1
1531167736180,1531167736174,2485003,0.00193800,0.10000000,0
1531167824842,1531167824836,2485004,0.00193800,172.94000000,0
1531167828138,1531167828135,2485005,0.00193800,5.77000000,1
1531167853522,1531167853521,2485006,0.00194200,0.51000000,0
1531167947793,1531167947786,2485007,0.00194200,56.41000000,0
1531167947793,1531167947786,2485008,0.00194400,22.86000000,0
1531167947793,1531167947786,2485009,0.00194500,2.61000000,0
1531167947793,1531167947786,2485010,0.00194600,0.57000000,0
1531167948570,1531167948566,2485011,0.00194600,0.09000000,0
1531167950667,1531167950663,2485012,0.00194800,0.12000000,0
1531167953832,1531167953829,2485013,0.00194800,0.12000000,0
1531167953905,1531167953905,2485014,0.00194800,0.12000000,0
1531167953938,1531167953933,2485015,0.00194800,0.12000000,0
1531167953972,1531167953968,2485016,0.00194800,0.10000000,0
1531167954097,1531167954091,2485017,0.00194800,0.09000000,0
1531167954169,1531167954164,2485018,0.00194800,0.12000000,0
1531167960066,1531167960067,2485019,0.00194800,0.12000000,0
1531167995437,1531167995431,2485020,0.00194200,0.76000000,1
1531167995437,1531167995431,2485021,0.00193900,1.12000000,1
1531167995571,1531167995566,2485022,0.00193900,5.79000000,1
1531168007434,1531168007428,2485023,0.00193900,21.21000000,1
1531168017079,1531168017073,2485024,0.00193800,2.86000000,1
1531168017079,1531168017073,2485025,0.00193600,3.03000000,1
1531168138828,1531168138821,2485026,0.00194500,0.51000000,0
1531168298992,1531168298985,2485027,0.00194200,0.88000000,0
1531168299518,1531168299512,2485028,0.00194200,7.08000000,0
1531168357084,1531168357079,2485029,0.00193700,0.82000000,1
1531168449601,1531168449596,2485030,0.00194200,0.40000000,0
1531168564631,1531168564625,2485031,0.00194300,0.51000000,0
1531168846475,1531168846469,2485032,0.00193600,0.84000000,1
1531168858400,1531168853125,2485033,0.00193600,1.08000000,1
1531168951247,1531168951241,2485034,0.00194100,0.75000000,0
1531168997018,1531168997012,2485035,0.00194000,0.80000000,0
1531169057239,1531169057234,2485036,0.00194000,18.92000000,0
1531169058581,1531169058575,2485037,0.00194100,5.15000000,0
1531169077501,1531169077495,2485038,0.00194000,1.00000000,1
1531169169929,1531169169921,2485039,0.00194000,0.70000000,1
1531169224415,1531169224409,2485040,0.00194100,22.43000000,0
1531169237384,1531169237378,2485041,0.00194000,0.56000000,1
1531169244471,1531169244466,2485042,0.00194000,0.70000000,1
1531169245558,1531169245551,2485043,0.00194100,31.40000000,0
1531169245558,1531169245551,2485044,0.00194200,10.00000000,0
1531169245558,1531169245551,2485045,0.00194500,39.02000000,0
1531169245558,1531169245551,2485046,0.00194800,184.58000000,0
1531169306828,1531169306822,2485047,0.00194000,0.70000000,1
1531169307405,1531169307399,2485048,0.00194000,0.70000000,1
1531169381497,1531169381493,2485049,0.00194000,2.49000000,1
1531169580216,1531169580211,2485050,0.00193700,0.70000000,1
1531169643528,1531169643524,2485051,0.00193700,0.01000000,1
1531169693960,1531169693955,2485052,0.00194500,5.15000000,0
1531169965795,1531169965790,2485053,0.00193900,7.55000000,1
1531169980228,1531169980220,2485054,0.00193900,3.43000000,1
1531170025403,1531170025397,2485055,0.00194500,5.27000000,0
1531170157588,1531170157582,2485056,0.00193900,1.82000000,1
1531170296003,1531170295999,2485057,0.00193900,2.42000000,1
1531170296003,1531170295999,2485058,0.00193700,2.29000000,1
1531170296003,1531170295999,2485059,0.00193600,1.04000000,1
1531170330987,1531170330982,2485060,0.00193700,2.18000000,1
1531170605230,1531170605225,2485061,0.00193600,0.52000000,1
1531170657270,1531170657263,2485062,0.00193600,1.85000000,1
1531170683878,1531170683872,2485063,0.00193600,11.19000000,1
1531170683878,1531170683872,2485064,0.00193500,34.52000000,1
1531170764753,1531170764750,2485065,0.00193400,0.56000000,1
1531170801070,1531170801065,2485066,0.00193400,0.73000000,1
1531170852367,1531170852362,2485067,0.00193300,4.52000000,1
1531170904429,1531170904424,2485068,0.00193300,12.66000000,1
1531170953406,1531170953400,2485069,0.00193300,1.39000000,1
1531170956758,1531170956752,2485070,0.00193400,0.02000000,0
1531171149486,1531171149481,2485071,0.00193400,2.87000000,0
1531171187629,1531171187625,2485072,0.00194000,0.56000000,1
1531171205647,1531171205642,2485073,0.00194100,0.82000000,0
1531171307419,1531171307414,2485074,0.00194100,1.36000000,0
1531171325948,1531171325943,2485075,0.00194400,3.35000000,0
1531171326084,1531171326079,2485076,0.00194400,0.70000000,1
1531171326363,1531171326358,2485077,0.00194400,0.70000000,1
1531171348199,1531171348194,2485078,0.00194400,0.25000000,1
1531171359483,1531171359479,2485079,0.00194400,5.00000000,0
1531171504647,1531171504642,2485080,0.00194400,0.59000000,0
1531171508927,1531171508923,2485081,0.00194400,0.54000000,1
1531171530939,1531171530934,2485082,0.00194400,0.67000000,0
1531171530939,1531171530934,2485083,0.00194500,0.37000000,0
1531171603695,1531171603691,2485084,0.00194100,0.09000000,1
1531171604496,1531171604491,2485085,0.00194100,13.17000000,1
1531171609918,1531171609914,2485086,0.00194500,15.58000000,0
1531171639478,1531171639473,2485087,0.00194100,2.36000000,1
1531171747435,1531171747430,2485088,0.00194100,2.54000000,1
1531171814619,1531171814616,2485089,0.00194100,0.57000000,0
1531171931485,1531171931481,2485090,0.00193500,22.33000000,1
1531171931660,1531171931656,2485091,0.00193500,0.56000000,0
1531171932262,1531171932259,2485092,0.00193500,0.57000000,0
1531171937709,1531171937703,2485093,0.00193500,5.75000000,0
1531171966777,1531171966771,2485094,0.00193500,0.51000000,0
1531171989975,1531171989970,2485095,0.00193400,3.58000000,1
1531172004038,1531172004034,2485096,0.00193400,13.15000000,1
1531172004038,1531172004034,2485097,0.00193300,42.13000000,1
1531172019589,1531172019585,2485098,0.00193400,2.92000000,1
1531172019589,1531172019585,2485099,0.00193300,11.70000000,1
1531172030568,1531172030564,2485100,0.00192900,25.74000000,1
1531172057100,1531172057096,2485101,0.00193300,5.77000000,0
1531172076200,1531172076197,2485102,0.00193100,0.53000000,1
1531172100279,1531172100275,2485103,0.00193100,0.13000000,1
1531172158118,1531172158115,2485104,0.00193200,0.56000000,0
1531172175925,1531172175920,2485105,0.00193100,0.79000000,1
1531172266918,1531172266913,2485106,0.00193100,5.59000000,1
1531172306494,1531172306489,2485107,0.00193100,2.02000000,1
1531172361921,1531172361916,2485108,0.00193100,2.06000000,1
1531172521374,1531172521370,2485109,0.00193200,1.33000000,0
1531172537329,1531172537324,2485110,0.00193200,1.03000000,0
1531172537329,1531172537324,2485111,0.00193300,10.95000000,0
1531172577873,1531172577870,2485112,0.00193100,3.59000000,1
1531172577873,1531172577870,2485113,0.00192900,0.02000000,1
1531172623686,1531172623681,2485114,0.00193000,2.06000000,1
1531172636382,1531172636378,2485115,0.00193000,0.85000000,1
1531172637273,1531172637268,2485116,0.00193000,0.89000000,1
1531172796473,1531172796470,2485117,0.00193100,1.32000000,1
1531172819475,1531172819471,2485118,0.00193300,1.13000000,0
1531172910118,1531172910113,2485119,0.00193300,0.56000000,0
1531172917531,1531172917527,2485120,0.00193300,3.67000000,0
1531172917531,1531172917527,2485121,0.00193500,1.50000000,0
1531173042081,1531173042078,2485122,0.00193300,0.56000000,0
1531173042932,1531173042929,2485123,0.00193100,9.47000000,1
1531173042932,1531173042929,2485124,0.00193000,5.53000000,1
1531173107143,1531173107140,2485125,0.00193300,0.56000000,0
1531173161338,1531173161334,2485126,0.00193300,0.94000000,0
1531173236388,1531173236385,2485127,0.00193500,0.56000000,0
1531173304108,1531173304106,2485128,0.00193500,0.56000000,0
1531173370137,1531173370136,2485129,0.00193500,0.56000000,0
1531173482397,1531173482394,2485130,0.00193500,3.55000000,0
1531173496690,1531173496687,2485131,0.00193600,0.47000000,0
1531173617017,1531173617017,2485132,0.00193600,0.05000000,0
1531173837167,1531173837163,2485133,0.00193600,0.56000000,1
1531173889089,1531173889086,2485134,0.00193600,0.65000000,1
1531174002225,1531174002222,2485135,0.00193600,5.79000000,0
1531174112168,1531174112165,2485136,0.00193500,9.68000000,1
1531174134188,1531174134186,2485137,0.00193500,4.76000000,1
1531174134188,1531174134186,2485138,0.00193300,11.06000000,1
1531174134189,1531174134186,2485139,0.00192900,50.10000000,1
1531174187540,1531174187538,2485140,0.00193600,1.81000000,0
1531174210875,1531174210872,2485141,0.00194000,0.52000000,0
1531174210875,1531174210872,2485142,0.00194100,5.27000000,0
1531174234964,1531174234960,2485143,0.00194400,0.52000000,0
1531174234964,1531174234960,2485144,0.00194500,5.29000000,0
1531174235504,1531174235502,2485145,0.00194500,2.06000000,0
1531174235935,1531174235932,2485146,0.00194500,5.80000000,0
1531174236626,1531174236624,2485147,0.00194500,5.81000000,0
1531174237300,1531174237297,2485148,0.00194500,2.90000000,0
1531174238789,1531174238785,2485149,0.00194500,2.90000000,0
1531174246260,1531174246257,2485150,0.00194400,1.53000000,0
1531174247401,1531174247399,2485151,0.00194300,3.18000000,0
1531174248867,1531174248864,2485152,0.00194300,5.82000000,0
1531174250033,1531174250030,2485153,0.00194300,1.32000000,0
1531174250033,1531174250030,2485154,0.00194400,4.50000000,0
1531174250314,1531174250311,2485155,0.00194400,1.00000000,0
1531174276520,1531174276518,2485156,0.00194500,76.93000000,0
1531174278502,1531174278499,2485157,0.00194700,97.50000000,0
1531174281421,1531174281419,2485158,0.00194800,103.63000000,0
1531174282021,1531174282020,2485159,0.00194700,7.68000000,1
1531174282505,1531174282503,2485160,0.00194900,2.57000000,0
1531174282916,1531174282913,2485161,0.00194800,2.88000000,1
1531174283069,1531174283067,2485162,0.00194800,6.39000000,1
1531174283457,1531174283455,2485163,0.00195000,0.52000000,0
1531174283458,1531174283455,2485164,0.00195100,0.57000000,0
1531174283458,1531174283455,2485165,0.00195200,0.52000000,0
1531174284273,1531174284271,2485166,0.00195200,2.91000000,1
1531174284273,1531174284271,2485167,0.00194700,1.42000000,1
1531174285288,1531174285286,2485168,0.00194700,1.17000000,1
1531174285298,1531174285295,2485169,0.00194600,0.12000000,0
1531174285338,1531174285334,2485170,0.00194600,0.12000000,0
1531174285415,1531174285413,2485171,0.00194600,0.10000000,0
1531174285462,1531174285459,2485172,0.00194600,0.12000000,0
1531174285530,1531174285526,2485173,0.00194600,0.03000000,0
1531174285530,1531174285526,2485174,0.00195300,0.06000000,0
1531174285558,1531174285556,2485175,0.00195300,0.12000000,0
1531174285732,1531174285730,2485176,0.00195200,0.12000000,0
1531174287124,1531174287121,2485177,0.00195100,0.09000000,0
1531174290396,1531174290394,2485178,0.00195200,0.12000000,0
1531174290638,1531174290635,2485179,0.00195200,0.10000000,0
1531174290840,1531174290839,2485180,0.00195100,0.12000000,0
1531174290977,1531174290974,2485181,0.00195100,0.12000000,0
1531174304740,1531174304738,2485182,0.00195100,1.81000000,0
1531174309418,1531174309416,2485183,0.00195000,1.62000000,0
1531174318490,1531174318486,2485184,0.00195200,0.57000000,0
1531174322452,1531174322449,2485185,0.00195200,0.12000000,0
1531174339059,1531174339056,2485186,0.00194300,1.29000000,1
1531174339419,1531174339417,2485187,0.00194300,3.76000000,0
1531174464210,1531174464207,2485188,0.00194400,3.59000000,1
1531174464584,1531174464582,2485189,0.00194300,2.20000000,0
1531174471844,1531174471841,2485190,0.00195000,3.59000000,0
1531174471844,1531174471841,2485191,0.00195100,9.27000000,0
1531174471844,1531174471841,2485192,0.00195200,2.26000000,0
1531174471844,1531174471841,2485193,0.00195300,1.27000000,0
1531174489310,1531174489308,2485194,0.00195300,27.02000000,0
1531174498815,1531174498813,2485195,0.00195300,0.52000000,0
1531174552343,1531174552340,2485196,0.00195000,61.87000000,0
1531174552343,1531174552340,2485197,0.00195300,7.22000000,0
1531174552387,1531174552384,2485198,0.00195300,2.58000000,1
1531174552596,1531174552593,2485199,0.00195400,1.29000000,0
1531174554447,1531174554444,2485200,0.00195500,4.68000000,0
1531174555592,1531174555589,2485201,0.00195300,2.83000000,1
1531174555656,1531174555654,2485202,0.00195300,1.29000000,1
1531174556390,1531174556388,2485203,0.00195300,2.58000000,1
1531174557194,1531174557192,2485204,0.00195600,0.12000000,0
1531174557242,1531174557240,2485205,0.00195600,0.12000000,0
1531174557269,1531174557267,2485206,0.00195600,0.12000000,0
1531174557328,1531174557324,2485207,0.00195600,0.09000000,0
1531174557369,1531174557365,2485208,0.00195600,0.07000000,0
1531174557369,1531174557365,2485209,0.00196000,0.05000000,0
1531174557409,1531174557407,2485210,0.00196000,0.09000000,0
1531174557447,1531174557444,2485211,0.00196000,0.10000000,0
1531174558629,1531174558628,2485212,0.00195400,2.74000000,1
1531174560397,1531174560395,2485213,0.00195300,2.58000000,1
1531174563188,1531174563185,2485214,0.00195900,0.12000000,0
1531174563236,1531174563233,2485215,0.00195900,0.12000000,0
1531174566447,1531174566443,2485216,0.00195300,2.58000000,1
1531174570076,1531174570074,2485217,0.00195300,1.14000000,1
1531174638067,1531174638066,2485218,0.00195300,5.82000000,1
1531174639056,1531174639053,2485219,0.00195900,24.83000000,0
1531174639744,1531174639742,2485220,0.00196000,0.09000000,0
1531174639770,1531174639768,2485221,0.00196000,0.12000000,0
1531174639818,1531174639815,2485222,0.00196000,0.12000000,0
1531174639982,1531174639979,2485223,0.00196000,0.12000000,0
1531174642623,1531174642621,2485224,0.00195900,0.17000000,1
1531174642623,1531174642621,2485225,0.00195300,0.13000000,1
1531174647920,1531174647917,2485226,0.00195300,1.11000000,1
1531174706262,1531174706259,2485227,0.00195300,5.81000000,1
1531174754599,1531174754596,2485228,0.00195300,5.82000000,1
1531174757659,1531174757657,2485229,0.00195300,5.79000000,1
1531174763465,1531174763461,2485230,0.00195300,88.43000000,1
1531174770468,1531174770465,2485231,0.00195100,0.88000000,1
1531174817458,1531174817457,2485232,0.00195100,0.61000000,1
1531174835450,1531174835448,2485233,0.00195300,5.02000000,1
1531174872396,1531174872394,2485234,0.00194800,1.25000000,1
1531174889663,1531174889661,2485235,0.00194300,1.16000000,1
1531175020322,1531175020320,2485236,0.00195600,1.25000000,0
1531175020323,1531175020320,2485237,0.00195700,0.88000000,0
1531175020323,1531175020320,2485238,0.00195900,4.58000000,0
1531175077516,1531175077514,2485239,0.00194600,0.03000000,1
1531175079712,1531175079709,2485240,0.00194500,0.03000000,1
1531175154472,1531175154470,2485241,0.00194800,3.34000000,1
1531175163366,1531175163365,2485242,0.00194700,1.07000000,1
1531175170564,1531175170562,2485243,0.00194700,10.77000000,1
1531175188573,1531175188571,2485244,0.00194500,7.34000000,1
1531175195474,1531175195472,2485245,0.00194300,4.63000000,1
1531175200624,1531175200621,2485246,0.00194400,1.29000000,1
1531175201109,1531175201107,2485247,0.00195400,0.55000000,0
1531175235128,1531175235126,2485248,0.00195400,0.55000000,0
1531175304151,1531175304149,2485249,0.00195400,0.55000000,0
1531175325525,1531175325521,2485250,0.00195400,5.67000000,0
1531175325525,1531175325521,2485251,0.00195500,2.57000000,0
1531175325525,1531175325521,2485252,0.00196000,12.19000000,0
1531175346082,1531175346080,2485253,0.00196000,23.70000000,0
1531175346098,1531175346097,2485254,0.00196000,15.93000000,0
1531175346170,1531175346169,2485255,0.00196000,6.33000000,1
1531175346431,1531175346428,2485256,0.00196000,2.58000000,1
1531175346483,1531175346480,2485257,0.00196000,26.05000000,1
1531175346923,1531175346922,2485258,0.00196100,1.15000000,0
1531175380094,1531175380092,2485259,0.00195900,0.55000000,0
1531175397519,1531175397517,2485260,0.00195100,3.48000000,1
1531175408509,1531175408506,2485261,0.00195800,0.55000000,0
1531175420597,1531175420594,2485262,0.00195800,5.50000000,0
1531175421522,1531175421520,2485263,0.00195800,79.04000000,1
1531175423706,1531175423703,2485264,0.00195100,0.61000000,1
1531175423706,1531175423703,2485265,0.00194400,1.20000000,1
1531175444034,1531175444033,2485266,0.00195900,6.24000000,0
1531175444471,1531175444470,2485267,0.00195900,2.58000000,1
1531175444521,1531175444518,2485268,0.00195900,47.56000000,1
1531175461473,1531175461472,2485269,0.00194500,1.15000000,1
1531175476508,1531175476507,2485270,0.00195800,1.15000000,0
1531175477316,1531175477314,2485271,0.00195800,54.85000000,1
1531175530533,1531175530531,2485272,0.00194900,3.50000000,1
1531175548389,1531175548386,2485273,0.00195100,0.55000000,0
1531175569669,1531175569667,2485274,0.00194400,3.30000000,1
1531175608797,1531175608793,2485275,0.00194500,0.78000000,1
1531175623143,1531175623142,2485276,0.00194500,3.45000000,1
1531175641224,1531175641222,2485277,0.00194500,3.10000000,1
1531175641283,1531175641281,2485278,0.00194500,1.31000000,1
1531175641283,1531175641281,2485279,0.00194400,0.81000000,1
1531175641283,1531175641281,2485280,0.00194300,2.78000000,1
1531175649179,1531175649177,2485281,0.00195400,0.56000000,0
1531175660126,1531175660125,2485282,0.00195300,0.38000000,0
1531175675188,1531175675185,2485283,0.00195900,0.12000000,0
1531175684081,1531175684080,2485284,0.00195300,0.56000000,0
1531175685904,1531175685902,2485285,0.00194400,0.97000000,1
1531175714411,1531175714408,2485286,0.00194300,0.59000000,1
1531175715319,1531175715318,2485287,0.00195300,3.06000000,0
1531175729696,1531175729694,2485288,0.00195300,0.83000000,0
1531175730705,1531175730703,2485289,0.00195300,3.87000000,1
1531175735755,1531175735752,2485290,0.00194400,1.42000000,1
1531175735755,1531175735752,2485291,0.00194300,8.58000000,1
1531175742802,1531175742799,2485292,0.00195700,2.29000000,0
1531175748344,1531175748343,2485293,0.00195700,0.53000000,0
1531175754043,1531175754041,2485294,0.00195700,0.41000000,1
1531175777977,1531175777975,2485295,0.00194700,3.39000000,1
1531175778356,1531175778355,2485296,0.00194700,1.28000000,0
1531175853156,1531175853154,2485297,0.00194300,3.55000000,1
1531175987725,1531175987724,2485298,0.00194200,0.07000000,1
1531176019705,1531176019703,2485299,0.00194200,5.08000000,1
1531176026222,1531176026219,2485300,0.00194300,0.56000000,1
1531176026831,1531176026830,2485301,0.00194300,1.78000000,1
1531176056094,1531176056092,2485302,0.00194300,0.56000000,1
1531176075146,1531176075142,2485303,0.00194300,13.80000000,1
1531176075623,1531176075621,2485304,0.00194300,2.58000000,0
1531176075631,1531176075631,2485305,0.00194300,2.33000000,0
1531176075651,1531176075650,2485306,0.00194300,21.08000000,0
1531176140292,1531176140290,2485307,0.00195400,3.39000000,0
1531176140292,1531176140290,2485308,0.00195700,3.76000000,0
1531176140443,1531176140442,2485309,0.00195700,0.56000000,1
1531176140804,1531176140803,2485310,0.00195700,29.97000000,1
1531176140828,1531176140827,2485311,0.00195700,0.56000000,1
1531176144814,1531176144813,2485312,0.00195700,5.80000000,1
1531176157096,1531176157094,2485313,0.00195700,0.56000000,1
1531176189195,1531176189192,2485314,0.00194200,0.77000000,1
1531176446076,1531176446074,2485315,0.00194500,0.56000000,0
1531176446076,1531176446074,2485316,0.00194600,1.30000000,0
1531176446076,1531176446074,2485317,0.00195700,0.93000000,0
1531176446076,1531176446074,2485318,0.00195800,2.34000000,0
1531176460044,1531176460042,2485319,0.00194300,1.61000000,1
1531176497137,1531176497136,2485320,0.00194300,1.13000000,1
1531176614004,1531176614003,2485321,0.00194300,0.86000000,1
1531176649554,1531176649553,2485322,0.00194300,0.07000000,1
1531176664014,1531176664013,2485323,0.00194300,0.35000000,1
1531176665437,1531176665436,2485324,0.00194300,1.12000000,1
1531176666447,1531176666446,2485325,0.00194300,0.24000000,1
1531176669988,1531176669987,2485326,0.00194300,3.61000000,1
1531176672801,1531176672800,2485327,0.00194300,3.60000000,1
1531176686714,1531176686712,2485328,0.00194300,0.10000000,1
1531176720217,1531176720214,2485329,0.00194300,0.56000000,1
1531176732975,1531176732974,2485330,0.00194300,0.10000000,1
1531176748014,1531176748014,2485331,0.00194300,0.03000000,1
1531176750841,1531176750840,2485332,0.00194300,0.69000000,1
1531176781570,1531176781569,2485333,0.00194300,7.27000000,1
1531176782945,1531176782943,2485334,0.00194300,0.03000000,1
1531176783460,1531176783459,2485335,0.00194300,5.37000000,1
1531176804653,1531176804650,2485336,0.00195300,0.11000000,0
1531176817317,1531176817315,2485337,0.00195300,1.50000000,0
1531176817317,1531176817315,2485338,0.00195600,3.62000000,0
1531176839335,1531176839335,2485339,0.00194400,0.04000000,1
1531176840526,1531176840525,2485340,0.00194300,0.04000000,1
1531176851547,1531176851546,2485341,0.00195500,0.14000000,0
1531176872402,1531176872400,2485342,0.00195500,0.37000000,0
1531176873158,1531176873156,2485343,0.00194400,0.56000000,1
1531176907617,1531176907615,2485344,0.00194300,0.03000000,1
1531176937107,1531176937105,2485345,0.00194300,1.13000000,1
1531176955408,1531176955407,2485346,0.00195500,0.38000000,0
1531176959577,1531176959574,2485347,0.00194300,0.18000000,1
1531176991639,1531176991638,2485348,0.00194400,0.31000000,1
1531176993190,1531176993187,2485349,0.00194300,0.31000000,1
1531177000437,1531177000436,2485350,0.00194400,0.56000000,1
1531177021903,1531177021902,2485351,0.00194700,0.02000000,1
1531177023615,1531177023615,2485352,0.00194400,0.02000000,1
1531177029918,1531177029916,2485353,0.00194400,0.02000000,1
1531177032156,1531177032153,2485354,0.00194300,0.56000000,1
1531177089596,1531177089595,2485355,0.00195700,0.16000000,0
1531177089610,1531177089609,2485356,0.00194400,0.01000000,1
1531177091797,1531177091796,2485357,0.00194300,0.01000000,1
1531177095702,1531177095699,2485358,0.00195800,0.01000000,0
1531177114402,1531177114401,2485359,0.00195800,0.08000000,0
1531177117432,1531177117431,2485360,0.00195800,0.01000000,0
1531177130519,1531177130516,2485361,0.00194400,0.56000000,1
1531177162156,1531177162156,2485362,0.00194300,0.57000000,1
1531177216954,1531177216955,2485363,0.00194300,0.12000000,1
1531177219444,1531177219443,2485364,0.00194300,2.39000000,1
1531177228270,1531177228269,2485365,0.00194300,0.01000000,1
1531177230772,1531177230771,2485366,0.00195300,0.40000000,0
1531177231794,1531177231792,2485367,0.00194300,0.16000000,1
1531177232126,1531177232125,2485368,0.00194300,0.56000000,1
1531177255372,1531177255372,2485369,0.00195700,0.04000000,0
1531177272715,1531177272713,2485370,0.00194400,0.19000000,1
1531177275023,1531177275023,2485371,0.00194300,0.19000000,1
1531177307911,1531177307911,2485372,0.00194300,0.02000000,1
1531177333097,1531177333097,2485373,0.00194300,0.01000000,1
1531177338057,1531177338057,2485374,0.00195000,0.01000000,0
1531177340788,1531177340786,2485375,0.00194900,0.01000000,0
1531177343402,1531177343402,2485376,0.00194900,0.01000000,0
1531177346390,1531177346390,2485377,0.00195000,0.01000000,0
1531177349345,1531177349343,2485378,0.00195000,0.01000000,0
1531177352182,1531177352181,2485379,0.00195000,0.01000000,0
1531177355907,1531177355905,2485380,0.00195000,0.01000000,0
1531177358237,1531177358236,2485381,0.00194300,0.03000000,1
1531177377223,1531177377222,2485382,0.00195000,0.01000000,0
1531177382204,1531177382204,2485383,0.00195000,0.01000000,0
1531177385931,1531177385930,2485384,0.00195000,0.03000000,0
1531177389192,1531177389191,2485385,0.00195000,0.01000000,0
1531177393317,1531177393318,2485386,0.00195000,0.01000000,0
1531177443780,1531177443780,2485387,0.00194900,0.56000000,0
1531177443841,1531177443841,2485388,0.00194900,1.10000000,1
1531177450941,1531177450940,2485389,0.00195000,0.01000000,0
1531177454675,1531177454675,2485390,0.00195000,0.19000000,0
1531177455528,1531177455527,2485391,0.00195000,0.03000000,0
1531177457886,1531177457886,2485392,0.00195000,0.11000000,0
1531177487849,1531177487849,2485393,0.00194900,0.01000000,1
1531177513621,1531177513622,2485394,0.00194900,0.02000000,1
1531177513979,1531177513977,2485395,0.00194900,1.02000000,1
1531177517289,1531177517289,2485396,0.00195000,0.01000000,0
1531177523295,1531177523296,2485397,0.00194900,0.07000000,1
1531177531228,1531177531230,2485398,0.00194900,0.56000000,1
1531177557138,1531177557137,2485399,0.00194900,0.02000000,1
1531177564159,1531177564160,2485400,0.00194900,0.56000000,1
1531177594750,1531177594751,2485401,0.00195000,0.23000000,0
1531177594750,1531177594751,2485402,0.00195800,0.06000000,0
1531177621689,1531177621690,2485403,0.00195000,0.02000000,1
1531177625656,1531177625657,2485404,0.00194900,0.02000000,1
1531177628130,1531177628131,2485405,0.00194900,0.56000000,1
1531177650760,1531177650760,2485406,0.00194900,0.05000000,1
1531177658222,1531177658224,2485407,0.00194900,0.56000000,1
1531177733346,1531177733348,2485408,0.00195700,0.28000000,0
1531177758797,1531177758797,2485409,0.00195000,0.22000000,1
1531177759858,1531177759857,2485410,0.00194900,0.22000000,1
1531177786155,1531177786155,2485411,0.00194900,0.03000000,1
1531177791174,1531177791176,2485412,0.00194900,0.56000000,1
1531177826155,1531177826154,2485413,0.00195000,0.56000000,1
1531177826353,1531177826352,2485414,0.00195000,0.19000000,1
1531177863027,1531177863029,2485415,0.00195500,0.09000000,0
1531177921102,1531177921104,2485416,0.00194900,0.01000000,1
1531177925406,1531177925405,2485417,0.00194900,0.56000000,1
1531177942816,1531177942819,2485418,0.00194900,0.03000000,1
1531177949024,1531177949025,2485419,0.00195200,0.01000000,0
1531177969372,1531177969375,2485420,0.00194900,0.01000000,1
1531177990377,1531177990380,2485421,0.00195100,0.01000000,0
1531177992152,1531177992156,2485422,0.00194900,0.56000000,1
1531177993585,1531177993587,2485423,0.00195100,0.01000000,0
1531178022366,1531178022370,2485424,0.00194900,0.01000000,1
1531178024178,1531178024181,2485425,0.00194900,0.07000000,1
1531178041757,1531178041759,2485426,0.00194300,0.17000000,1
1531178057155,1531178057157,2485427,0.00194300,0.57000000,1
1531178107995,1531178107998,2485428,0.00194300,0.11000000,1
1531178139463,1531178139466,2485429,0.00194800,0.12000000,0
1531178158081,1531178158085,2485430,0.00194300,0.56000000,1
1531178162039,1531178162043,2485431,0.00194300,5.77000000,1
1531178164333,1531178164337,2485432,0.00194800,0.10000000,0
1531178167445,1531178167448,2485433,0.00194300,0.03000000,1
1531178170792,1531178170795,2485434,0.00194300,4.32000000,1
1531178170792,1531178170795,2485435,0.00194200,14.66000000,1
1531178181402,1531178181404,2485436,0.00194200,0.34000000,1
1531178187158,1531178187160,2485437,0.00194200,0.02000000,1
1531178207797,1531178207800,2485438,0.00194200,0.01000000,1
1531178234422,1531178234425,2485439,0.00194800,0.51000000,0
1531178236216,1531178236219,2485440,0.00194200,0.32000000,1
1531178244852,1531178244855,2485441,0.00194200,0.02000000,1
1531178257679,1531178257674,2485442,0.00194200,168.71000000,1
1531178257679,1531178257674,2485443,0.00194100,158.02000000,1
1531178257679,1531178257674,2485444,0.00194000,20.61000000,1
1531178257679,1531178257674,2485445,0.00193900,4.70000000,1
1531178257679,1531178257674,2485446,0.00193600,0.73000000,1
1531178257679,1531178257674,2485447,0.00193000,188.23000000,1
1531178257679,1531178257674,2485448,0.00192900,399.09000000,1
1531178257679,1531178257674,2485449,0.00192800,6.75000000,1
1531178257679,1531178257674,2485450,0.00192700,3.78000000,1
1531178257679,1531178257674,2485451,0.00192500,0.68000000,1
1531178257679,1531178257674,2485452,0.00192400,22.79000000,1
1531178257679,1531178257674,2485453,0.00192300,1.29000000,1
1531178257679,1531178257674,2485454,0.00192200,1.57000000,1
1531178257679,1531178257674,2485455,0.00192100,34.95000000,1
1531178257679,1531178257674,2485456,0.00191600,15.31000000,1
1531178257679,1531178257674,2485457,0.00191500,16.25000000,1
1531178257679,1531178257674,2485458,0.00191400,28.63000000,1
1531178257679,1531178257674,2485459,0.00191000,40.62000000,1
1531178257679,1531178257674,2485460,0.00190700,49.49000000,1
1531178257679,1531178257674,2485461,0.00190400,6.68000000,1
1531178257679,1531178257674,2485462,0.00190200,79.39000000,1
1531178257679,1531178257674,2485463,0.00190100,63.00000000,1
1531178257679,1531178257674,2485464,0.00190000,471.07000000,1
1531178257681,1531178257674,2485465,0.00189900,1.19000000,1
1531178257681,1531178257674,2485466,0.00189700,11.89000000,1
1531178257681,1531178257674,2485467,0.00189400,1.36000000,1
1531178257733,1531178257736,2485468,0.00189300,5.56000000,0
1531178257733,1531178257736,2485469,0.00190000,3.65000000,0
1531178257735,1531178257739,2485470,0.00190000,9.95000000,0
1531178257741,1531178257745,2485471,0.00190000,44.78000000,0
1531178257753,1531178257757,2485472,0.00190000,3.30000000,0
1531178257856,1531178257857,2485473,0.00190000,2.57000000,0
1531178257863,1531178257867,2485474,0.00190000,14.39000000,0
1531178258018,1531178258021,2485475,0.00190000,14.11000000,0
1531178258099,1531178258103,2485476,0.00190000,6.53000000,0
1531178258209,1531178258210,2485477,0.00190000,16.00000000,0
1531178258211,1531178258214,2485478,0.00189800,0.63000000,1
1531178258266,1531178258270,2485479,0.00190000,53.76000000,0
1531178258291,1531178258295,2485480,0.00190100,1.88000000,0
1531178258494,1531178258497,2485481,0.00190100,14.68000000,0
1531178258893,1531178258896,2485482,0.00190100,103.94000000,0
1531178258932,1531178258935,2485483,0.00190200,6.44000000,0
1531178259210,1531178259214,2485484,0.00190200,34.74000000,0
1531178259210,1531178259214,2485485,0.00190500,0.65000000,0
1531178259210,1531178259214,2485486,0.00190600,1.88000000,0
1531178259469,1531178259470,2485487,0.00191100,0.66000000,1
1531178260034,1531178260038,2485488,0.00193000,9.29000000,1
1531178260054,1531178260058,2485489,0.00193000,0.01000000,1
1531178260597,1531178260599,2485490,0.00192400,0.55000000,0
1531178260658,1531178260661,2485491,0.00192000,11.36000000,1
1531178260658,1531178260661,2485492,0.00191900,1.24000000,1
1531178260668,1531178260671,2485493,0.00192400,0.18000000,0
1531178260895,1531178260899,2485494,0.00193000,0.53000000,0
1531178260960,1531178260963,2485495,0.00193000,9.36000000,0
1531178261866,1531178261869,2485496,0.00192400,0.38000000,1
1531178261866,1531178261869,2485497,0.00191900,4.78000000,1
1531178261866,1531178261869,2485498,0.00191600,3.02000000,1
1531178261866,1531178261869,2485499,0.00191200,1.82000000,1
1531178262397,1531178262401,2485500,0.00192900,3.89000000,0
1531178262492,1531178262494,2485501,0.00192500,0.66000000,1
1531178262891,1531178262894,2485502,0.00192500,18.01000000,1
1531178263729,1531178263732,2485503,0.00191900,2.25000000,0
1531178264166,1531178264170,2485504,0.00191900,2.25000000,0
1531178264195,1531178264198,2485505,0.00191900,5.81000000,0
1531178264516,1531178264520,2485506,0.00191800,0.63000000,0
1531178264516,1531178264520,2485507,0.00191900,1.25000000,0
1531178264556,1531178264559,2485508,0.00191200,0.98000000,1
1531178264610,1531178264613,2485509,0.00191900,0.31000000,0
1531178264684,1531178264685,2485510,0.00191900,7.38000000,0
1531178265295,1531178265296,2485511,0.00191900,34.51000000,0
1531178265377,1531178265381,2485512,0.00192900,5.80000000,0
1531178270109,1531178270112,2485513,0.00191900,0.51000000,1
1531178272676,1531178272679,2485514,0.00192200,1.47000000,0
1531178272676,1531178272679,2485515,0.00192300,1.87000000,0
1531178274420,1531178274423,2485516,0.00192300,0.01000000,0
1531178274420,1531178274423,2485517,0.00192500,13.89000000,0
1531178274452,1531178274456,2485518,0.00191900,5.96000000,1
1531178275114,1531178275116,2485519,0.00192500,9.30000000,0
1531178275114,1531178275116,2485520,0.00192900,3.28000000,0
1531178275114,1531178275116,2485521,0.00193000,2.22000000,0
1531178275114,1531178275116,2485522,0.00193100,6.02000000,0
1531178275114,1531178275116,2485523,0.00193400,9.21000000,0
1531178275114,1531178275116,2485524,0.00193700,19.90000000,0
1531178278730,1531178278734,2485525,0.00192100,4.71000000,1
1531178279696,1531178279700,2485526,0.00192100,4.73000000,1
1531178281979,1531178281983,2485527,0.00192100,0.03000000,1
1531178283897,1531178283899,2485528,0.00192000,16.25000000,1
1531178291844,1531178291819,2485529,0.00192200,7.09000000,1
1531178291844,1531178291819,2485530,0.00191900,9.02000000,1
1531178291844,1531178291819,2485531,0.00191700,8.72000000,1
1531178292270,1531178292273,2485532,0.00191600,3.80000000,0
1531178292826,1531178292829,2485533,0.00192600,0.70000000,0
1531178292984,1531178292984,2485534,0.00192600,4.90000000,0
1531178294025,1531178294028,2485535,0.00192600,2.31000000,0
1531178295151,1531178295155,2485536,0.00192600,1.10000000,0
1531178295151,1531178295155,2485537,0.00192700,4.10000000,0
1531178296050,1531178296051,2485538,0.00192700,0.92000000,0
1531178298000,1531178298004,2485539,0.00192700,0.82000000,0
1531178298702,1531178298705,2485540,0.00191800,0.53000000,1
1531178301553,1531178301554,2485541,0.00192700,1.89000000,0
1531178301553,1531178301554,2485542,0.00193400,0.37000000,0
1531178305428,1531178305431,2485543,0.00192000,36.39000000,1
1531178305428,1531178305431,2485544,0.00191800,3.06000000,1
1531178305428,1531178305431,2485545,0.00191500,0.68000000,1
1531178305961,1531178305966,2485546,0.00191100,11.20000000,0
1531178306180,1531178306183,2485547,0.00191100,2.02000000,0
1531178306935,1531178306939,2485548,0.00191100,5.45000000,0
1531178306935,1531178306939,2485549,0.00191200,0.49000000,0
1531178307094,1531178307095,2485550,0.00192600,0.50000000,0
1531178308089,1531178308092,2485551,0.00192500,0.01000000,1
1531178315839,1531178315843,2485552,0.00192500,0.07000000,1
1531178315870,1531178315871,2485553,0.00192600,0.07000000,0
1531178315870,1531178315871,2485554,0.00193300,0.44000000,0
1531178316687,1531178316691,2485555,0.00192500,0.53000000,1
1531178318549,1531178318553,2485556,0.00192500,0.79000000,1
1531178318736,1531178318738,2485557,0.00192500,0.53000000,1
1531178319483,1531178319484,2485558,0.00192600,1.58000000,1
1531178324082,1531178324086,2485559,0.00192500,11.33000000,1
1531178327178,1531178327181,2485560,0.00192100,4.60000000,0
1531178327242,1531178327245,2485561,0.00192100,3.97000000,0
1531178332067,1531178332070,2485562,0.00192300,8.12000000,1
1531178334083,1531178334087,2485563,0.00192100,3.82000000,1
1531178356636,1531178356640,2485564,0.00191900,0.01000000,1
1531178365273,1531178365277,2485565,0.00191900,0.27000000,1
1531178380433,1531178380436,2485566,0.00192600,2.08000000,0
1531178386643,1531178386644,2485567,0.00192600,1.78000000,0
1531178392791,1531178392794,2485568,0.00191900,3.57000000,1
1531178392791,1531178392794,2485569,0.00191700,2.69000000,1
1531178392791,1531178392794,2485570,0.00191500,10.74000000,1
1531178418689,1531178418694,2485571,0.00191500,0.02000000,1
1531178421372,1531178421376,2485572,0.00192600,0.53000000,0
1531178421744,1531178421748,2485573,0.00192600,0.53000000,0
1531178421859,1531178421862,2485574,0.00192600,1.58000000,0
1531178440364,1531178440368,2485575,0.00191500,0.53000000,1
1531178447374,1531178447377,2485576,0.00192200,0.37000000,0
1531178462678,1531178462682,2485577,0.00191500,0.09000000,1
1531178462949,1531178462952,2485578,0.00191500,6.60000000,1
1531178486235,1531178486238,2485579,0.00192200,0.56000000,0
1531178486235,1531178486238,2485580,0.00192300,3.70000000,0
1531178486235,1531178486238,2485581,0.00192500,0.94000000,0
1531178494923,1531178494925,2485582,0.00191400,0.03000000,1
1531178496945,1531178496949,2485583,0.00191400,1.28000000,1
1531178497809,1531178497810,2485584,0.00191300,0.06000000,1
1531178501123,1531178501127,2485585,0.00191300,5.07000000,1
1531178501242,1531178501247,2485586,0.00191200,0.53000000,1
1531178501242,1531178501247,2485587,0.00190900,5.37000000,1
1531178502885,1531178502889,2485588,0.00191300,0.50000000,0
1531178505412,1531178505415,2485589,0.00190900,2.54000000,1
1531178506459,1531178506463,2485590,0.00191300,0.37000000,0
1531178506492,1531178506496,2485591,0.00191300,0.37000000,0
1531178506514,1531178506519,2485592,0.00191300,0.37000000,0
1531178506627,1531178506632,2485593,0.00191300,0.44000000,0
1531178506689,1531178506692,2485594,0.00191300,0.37000000,0
1531178506693,1531178506697,2485595,0.00191300,0.79000000,0
1531178506704,1531178506707,2485596,0.00191300,0.63000000,0
1531178506745,1531178506749,2485597,0.00191300,0.99000000,0
1531178506745,1531178506749,2485598,0.00192500,7.41000000,0
1531178506779,1531178506783,2485599,0.00192500,0.68000000,0
1531178507420,1531178507425,2485600,0.00192500,0.37000000,0
1531178550953,1531178550957,2485601,0.00191200,3.20000000,1
1531178555662,1531178555666,2485602,0.00191000,0.03000000,1
1531178567853,1531178567857,2485603,0.00191000,7.00000000,1
1531178567893,1531178567897,2485604,0.00191000,2.58000000,0
1531178568055,1531178568061,2485605,0.00190900,54.77000000,1
1531178569807,1531178569813,2485606,0.00191000,0.75000000,0
1531178570164,1531178570169,2485607,0.00191000,0.37000000,0
1531178570180,1531178570184,2485608,0.00191000,0.62000000,0
1531178570368,1531178570371,2485609,0.00191000,0.62000000,0
1531178570430,1531178570435,2485610,0.00191000,0.60000000,0
1531178570476,1531178570481,2485611,0.00191000,0.62000000,0
1531178570512,1531178570517,2485612,0.00191000,0.52000000,0
1531178570543,1531178570547,2485613,0.00191000,0.79000000,0
1531178570571,1531178570576,2485614,0.00191000,0.79000000,0
1531178570633,1531178570638,2485615,0.00191000,0.79000000,0
1531178570671,1531178570676,2485616,0.00191000,0.79000000,0
1531178570690,1531178570695,2485617,0.00191000,0.79000000,0
1531178570858,1531178570862,2485618,0.00191000,0.77000000,0
1531178570937,1531178570940,2485619,0.00191000,5.80000000,0
1531178570946,1531178570951,2485620,0.00191000,0.77000000,0
1531178571000,1531178571004,2485621,0.00191000,3.05000000,0
1531178571160,1531178571165,2485622,0.00191000,0.68000000,0
1531178571161,1531178571166,2485623,0.00191000,3.81000000,0
1531178571220,1531178571224,2485624,0.00191000,0.47000000,0
1531178571220,1531178571224,2485625,0.00192100,0.32000000,0
1531178571261,1531178571266,2485626,0.00192100,0.72000000,0
1531178571835,1531178571840,2485627,0.00192100,0.72000000,0
1531178573703,1531178573708,2485628,0.00192000,3.35000000,0
1531178577721,1531178577726,2485629,0.00191100,0.05000000,1
1531178579507,1531178579512,2485630,0.00192100,5.20000000,0
1531178579508,1531178579513,2485631,0.00191100,0.14000000,1
1531178593768,1531178593773,2485632,0.00192100,2.17000000,0
1531178594976,1531178594981,2485633,0.00191400,0.35000000,1
1531178596801,1531178596805,2485634,0.00192300,0.51000000,0
1531178600297,1531178600302,2485635,0.00191500,3.71000000,1
1531178617917,1531178617920,2485636,0.00191800,0.52000000,0
1531178623329,1531178623333,2485637,0.00191000,0.70000000,0
1531178625324,1531178625329,2485638,0.00191000,0.98000000,0
1531178629754,1531178629759,2485639,0.00191000,0.01000000,0
1531178629754,1531178629759,2485640,0.00191800,4.23000000,0
1531178650270,1531178650273,2485641,0.00191100,0.06000000,1
1531178659804,1531178659808,2485642,0.00190900,0.03000000,1
1531178689815,1531178689818,2485643,0.00192200,0.30000000,0
1531178699829,1531178699833,2485644,0.00190900,0.02000000,1
1531178721786,1531178721791,2485645,0.00190900,1.41000000,1
1531178741062,1531178741066,2485646,0.00190800,0.01000000,1
1531178742621,1531178742624,2485647,0.00190800,0.02000000,1
1531178747465,1531178747471,2485648,0.00192000,0.03000000,0
1531178762389,1531178762394,2485649,0.00192000,3.38000000,0
1531178762389,1531178762394,2485650,0.00192100,1.82000000,0
1531178796992,1531178796996,2485651,0.00191100,3.13000000,1
1531178796992,1531178796996,2485652,0.00190800,1.03000000,1
1531178796992,1531178796996,2485653,0.00190700,0.53000000,1
1531178796992,1531178796996,2485654,0.00190500,1.12000000,1
1531178797328,1531178797333,2485655,0.00190500,2.57000000,1
1531178797328,1531178797333,2485656,0.00190400,0.29000000,1
1531178805022,1531178805023,2485657,0.00190400,3.40000000,1
1531178805022,1531178805023,2485658,0.00190300,21.24000000,1
1531178805022,1531178805023,2485659,0.00190100,7.11000000,1
1531178805022,1531178805023,2485660,0.00190000,6.30000000,1
1531178805022,1531178805023,2485661,0.00189900,5.41000000,1
1531178807037,1531178807041,2485662,0.00190400,1.28000000,0
1531178808867,1531178808872,2485663,0.00190300,3.13000000,0
1531178810858,1531178810861,2485664,0.00190400,0.01000000,0
1531178810858,1531178810861,2485665,0.00190800,0.49000000,0
1531178811180,1531178811185,2485666,0.00190000,18.50000000,0
1531178811414,1531178811418,2485667,0.00190000,36.88000000,0
1531178811885,1531178811890,2485668,0.00190000,0.30000000,0
1531178811904,1531178811909,2485669,0.00190000,14.32000000,0
1531178811933,1531178811939,2485670,0.00190800,0.49000000,0
1531178811963,1531178811967,2485671,0.00190800,0.35000000,0
1531178813377,1531178813382,2485672,0.00190800,3.43000000,0
1531178813928,1531178813932,2485673,0.00190800,0.56000000,0
1531178814096,1531178814101,2485674,0.00190800,0.09000000,0
1531178814096,1531178814101,2485675,0.00191000,1.74000000,0
1531178825219,1531178825224,2485676,0.00190200,0.54000000,1
1531178828033,1531178828038,2485677,0.00190200,0.07000000,1
1531178828161,1531178828167,2485678,0.00190000,2.49000000,0
1531178831546,1531178831550,2485679,0.00190000,0.01000000,0
1531178831546,1531178831550,2485680,0.00190900,0.49000000,0
1531178836729,1531178836735,2485681,0.00190900,4.23000000,0
1531178844349,1531178844353,2485682,0.00190000,0.54000000,1
1531178844844,1531178844849,2485683,0.00190600,0.49000000,0
1531178844860,1531178844865,2485684,0.00190600,0.04000000,0
1531178844860,1531178844865,2485685,0.00190800,0.75000000,0
1531178846648,1531178846652,2485686,0.00190000,0.01000000,1
1531178847671,1531178847677,2485687,0.00190000,0.24000000,1
1531178855138,1531178855144,2485688,0.00190700,0.87000000,0
1531178855138,1531178855144,2485689,0.00190800,0.14000000,0
1531178855138,1531178855144,2485690,0.00190900,4.23000000,0
1531178865262,1531178865266,2485691,0.00190100,0.80000000,1
1531178865323,1531178865329,2485692,0.00190100,1.60000000,1
1531178866547,1531178866552,2485693,0.00189700,2.88000000,1
1531178868782,1531178868788,2485694,0.00189800,0.05000000,1
1531178875647,1531178875653,2485695,0.00189800,0.01000000,1
1531178880150,1531178880154,2485696,0.00189700,3.04000000,1
1531178883203,1531178883207,2485697,0.00190500,1.02000000,0
1531178883215,1531178883220,2485698,0.00190500,0.77000000,0
1531178883262,1531178883267,2485699,0.00190500,0.99000000,0
1531178883309,1531178883312,2485700,0.00190500,0.20000000,0
1531178883309,1531178883312,2485701,0.00190600,0.08000000,0
1531178883389,1531178883392,2485702,0.00190600,0.77000000,0
1531178883428,1531178883432,2485703,0.00190600,0.52000000,0
1531178883428,1531178883432,2485704,0.00190800,0.25000000,0
1531178883469,1531178883474,2485705,0.00190800,0.77000000,0
1531178883508,1531178883513,2485706,0.00190800,0.77000000,0
1531178883521,1531178883527,2485707,0.00190800,0.59000000,0
1531178883710,1531178883714,2485708,0.00190800,0.50000000,0
1531178883710,1531178883714,2485709,0.00191000,0.09000000,0
1531178883739,1531178883742,2485710,0.00191000,0.77000000,0
1531178890168,1531178890172,2485711,0.00190800,3.04000000,0
1531178890168,1531178890172,2485712,0.00191000,4.79000000,0
1531178890439,1531178890445,2485713,0.00191000,15.93000000,0
1531178890531,1531178890535,2485714,0.00191000,15.93000000,0
1531178892923,1531178892929,2485715,0.00190200,3.17000000,0
1531178892923,1531178892929,2485716,0.00191000,2.63000000,0
1531178894002,1531178894005,2485717,0.00190800,5.79000000,0
1531178903780,1531178903785,2485718,0.00189800,4.90000000,1
1531178905561,1531178905567,2485719,0.00189900,6.72000000,1
1531178916055,1531178916060,2485720,0.00190100,1.61000000,1
1531178916954,1531178916959,2485721,0.00190700,0.52000000,0
1531178920364,1531178920368,2485722,0.00190100,3.39000000,1
1531178920364,1531178920368,2485723,0.00189800,1.66000000,1
1531178926867,1531178926871,2485724,0.00190400,0.80000000,0
1531178931505,1531178931511,2485725,0.00190300,0.45000000,0
1531178931708,1531178931713,2485726,0.00190300,0.09000000,0
1531178931708,1531178931713,2485727,0.00190400,0.45000000,0
1531178931738,1531178931743,2485728,0.00190400,0.41000000,0
1531178931738,1531178931743,2485729,0.00191000,0.09000000,0
1531178931761,1531178931767,2485730,0.00191000,0.47000000,0
1531178931944,1531178931950,2485731,0.00191000,0.62000000,0
1531178941979,1531178941985,2485732,0.00190000,0.31000000,1
1531178942127,1531178942133,2485733,0.00190000,0.83000000,1
1531178942203,1531178942208,2485734,0.00189800,4.22000000,1
1531178942203,1531178942208,2485735,0.00189700,18.38000000,1
1531178942505,1531178942509,2485736,0.00190000,0.52000000,0
1531178942600,1531178942605,2485737,0.00190000,0.62000000,0
1531178942654,1531178942658,2485738,0.00190000,0.62000000,0
1531178942679,1531178942683,2485739,0.00190000,0.62000000,0
1531178942719,1531178942724,2485740,0.00190000,0.59000000,0
1531178942756,1531178942762,2485741,0.00190000,0.50000000,0
1531178942794,1531178942797,2485742,0.00190000,0.49000000,0
1531178942878,1531178942883,2485743,0.00190000,0.71000000,0
1531178942980,1531178942985,2485744,0.00189900,0.77000000,0
1531178943032,1531178943038,2485745,0.00189900,0.37000000,0
1531178943032,1531178943038,2485746,0.00190000,0.20000000,0
1531178943105,1531178943109,2485747,0.00190000,0.57000000,0
1531178946284,1531178946288,2485748,0.00190000,9.89000000,0
1531178956638,1531178956643,2485749,0.00190800,4.22000000,0
1531178956638,1531178956643,2485750,0.00190900,1.04000000,0
1531178963733,1531178963738,2485751,0.00189800,0.06000000,1
1531178966780,1531178966785,2485752,0.00190800,0.53000000,0
1531178974707,1531178974712,2485753,0.00189900,3.66000000,1
1531178974707,1531178974712,2485754,0.00189700,32.30000000,1
1531178974707,1531178974712,2485755,0.00189600,43.28000000,1
1531178974934,1531178974939,2485756,0.00189600,2.60000000,0
1531178975846,1531178975851,2485757,0.00189500,2.95000000,1
1531178977580,1531178977586,2485758,0.00189500,0.50000000,0
1531178979378,1531178979383,2485759,0.00189500,6.38000000,0
1531178980019,1531178980025,2485760,0.00189500,0.38000000,0
1531178980289,1531178980293,2485761,0.00189500,0.61000000,0
1531178980352,1531178980357,2485762,0.00189500,2.98000000,0
1531178980497,1531178980502,2485763,0.00189500,0.81000000,0
1531178980537,1531178980543,2485764,0.00189500,0.81000000,0
1531178980785,1531178980790,2485765,0.00189500,1.02000000,0
1531178980861,1531178980867,2485766,0.00189500,0.77000000,0
1531178980884,1531178980889,2485767,0.00189500,0.77000000,0
1531178981075,1531178981078,2485768,0.00189500,0.97000000,0
1531178981167,1531178981172,2485769,0.00189500,0.77000000,0
1531178981285,1531178981290,2485770,0.00189500,0.99000000,0
1531178981294,1531178981300,2485771,0.00189500,1.02000000,0
1531178981306,1531178981312,2485772,0.00189500,0.99000000,0
1531178981372,1531178981376,2485773,0.00189500,1.02000000,0
1531178981408,1531178981412,2485774,0.00189500,1.02000000,0
1531178981474,1531178981478,2485775,0.00189500,0.77000000,0
1531178983797,1531178983801,2485776,0.00189500,0.50000000,0
1531178983934,1531178983939,2485777,0.00189500,2.61000000,0
1531178984283,1531178984288,2485778,0.00189500,1.43000000,0
1531178984517,1531178984522,2485779,0.00189500,22.10000000,0
1531178986023,1531178986027,2485780,0.00189600,11.60000000,0
1531178986468,1531178986472,2485781,0.00189600,1.69000000,0
1531178989851,1531178989857,2485782,0.00189600,0.50000000,0
1531178989932,1531178989938,2485783,0.00189600,3.71000000,0
1531178990252,1531178990258,2485784,0.00189600,3.71000000,0
1531178997662,1531178997667,2485785,0.00189600,2.61000000,0
1531178997780,1531178997786,2485786,0.00189400,0.01000000,1
1531179002114,1531179002119,2485787,0.00189600,2.61000000,0
1531179004649,1531179004653,2485788,0.00189400,4.52000000,1
1531179006745,1531179006751,2485789,0.00189400,0.54000000,1
1531179012558,1531179012563,2485790,0.00189400,0.01000000,1
1531179012823,1531179012828,2485791,0.00189400,4.64000000,1
1531179013223,1531179013229,2485792,0.00189400,4.85000000,1
1531179013610,1531179013617,2485793,0.00189400,4.79000000,1
1531179014402,1531179014408,2485794,0.00189400,4.13000000,1
1531179014710,1531179014716,2485795,0.00189400,16.37000000,1
1531179022114,1531179022118,2485796,0.00189500,2.67000000,0
1531179025160,1531179025166,2485797,0.00189500,2.61000000,0
1531179026172,1531179026178,2485798,0.00189500,1.47000000,0
1531179026678,1531179026684,2485799,0.00189500,3.66000000,1
1531179034971,1531179034977,2485800,0.00189400,18.98000000,1
1531179035641,1531179035647,2485801,0.00189600,0.96000000,0
1531179035765,1531179035770,2485802,0.00189600,12.13000000,0
1531179035765,1531179035770,2485803,0.00189800,0.53000000,0
1531179035765,1531179035770,2485804,0.00190200,0.53000000,0
1531179035765,1531179035770,2485805,0.00190400,0.95000000,0
1531179054076,1531179054080,2485806,0.00189500,2.08000000,1
1531179070509,1531179070513,2485807,0.00190400,2.20000000,0
1531179070509,1531179070513,2485808,0.00190500,3.62000000,0
1531179072018,1531179072024,2485809,0.00190500,2.70000000,0
1531179072018,1531179072024,2485810,0.00190600,0.53000000,0
1531179072018,1531179072024,2485811,0.00190700,2.59000000,0
1531179073375,1531179073380,2485812,0.00190700,5.82000000,0
1531179074103,1531179074109,2485813,0.00190700,2.91000000,0
1531179081323,1531179081328,2485814,0.00190100,7.24000000,1
1531179086401,1531179086404,2485815,0.00190700,4.67000000,0
1531179086401,1531179086404,2485816,0.00191000,0.53000000,0
1531179086401,1531179086404,2485817,0.00191100,11.30000000,0
1531179086482,1531179086487,2485818,0.00191100,1.68000000,0
1531179086482,1531179086487,2485819,0.00191200,18.12000000,0
1531179087692,1531179087695,2485820,0.00190700,34.35000000,1
1531179087740,1531179087746,2485821,0.00190700,0.67000000,0
1531179088966,1531179088972,2485822,0.00189500,0.07000000,1
1531179090846,1531179090850,2485823,0.00190000,0.58000000,1
1531179094011,1531179094017,2485824,0.00190500,10.00000000,0
1531179094120,1531179094126,2485825,0.00190500,4.00000000,0
1531179094188,1531179094194,2485826,0.00190500,2.70000000,0
1531179094188,1531179094194,2485827,0.00190600,5.80000000,0
1531179095807,1531179095812,2485828,0.00190600,0.89000000,0
1531179097386,1531179097392,2485829,0.00190600,0.77000000,0
1531179099933,1531179099937,2485830,0.00190000,1.42000000,1
1531179099933,1531179099937,2485831,0.00189700,15.08000000,1
1531179106474,1531179106480,2485832,0.00190000,4.45000000,0
1531179106474,1531179106480,2485833,0.00190500,15.08000000,0
1531179106474,1531179106480,2485834,0.00190600,34.06000000,0
1531179135089,1531179135093,2485835,0.00190600,5.24000000,0
1531179181606,1531179181611,2485836,0.00190500,0.42000000,0
1531179192824,1531179192830,2485837,0.00190500,0.26000000,0
1531179195029,1531179195034,2485838,0.00190500,0.01000000,0
1531179216277,1531179216283,2485839,0.00190500,0.52000000,0
1531179219053,1531179219058,2485840,0.00189800,9.40000000,1
1531179219113,1531179219115,2485841,0.00189800,3.80000000,1
1531179219164,1531179219168,2485842,0.00189800,2.61000000,1
1531179219164,1531179219168,2485843,0.00189600,3.89000000,1
1531179263636,1531179263642,2485844,0.00190400,0.97000000,0
1531179266060,1531179266065,2485845,0.00189700,0.04000000,1
1531179268223,1531179268220,2485846,0.00189500,0.26000000,1
1531179268631,1531179268636,2485847,0.00189500,0.04000000,1
1531179272353,1531179272359,2485848,0.00190300,3.89000000,0
1531179272353,1531179272359,2485849,0.00190400,1.15000000,0
1531179286280,1531179286285,2485850,0.00190300,5.25000000,1
1531179295170,1531179295176,2485851,0.00189500,0.03000000,1
1531179310980,1531179310986,2485852,0.00190500,1.23000000,0
1531179310980,1531179310986,2485853,0.00190600,2.55000000,0
1531179314718,1531179314724,2485854,0.00190600,1.23000000,0
1531179323529,1531179323533,2485855,0.00190600,1.23000000,0
1531179351380,1531179351384,2485856,0.00189800,3.66000000,1
1531179351380,1531179351384,2485857,0.00189600,46.34000000,1
1531179354656,1531179354661,2485858,0.00190400,3.66000000,0
1531179365211,1531179365217,2485859,0.00190500,2.33000000,0
1531179370887,1531179370894,2485860,0.00189500,0.01000000,1
1531179373601,1531179373605,2485861,0.00189500,0.01000000,1
1531179380064,1531179380069,2485862,0.00189500,0.04000000,1
1531179383162,1531179383168,2485863,0.00190500,0.57000000,0
1531179385253,1531179385257,2485864,0.00190500,1.02000000,0
1531179386658,1531179386665,2485865,0.00189600,0.15000000,1
1531179388347,1531179388353,2485866,0.00189500,0.15000000,1
1531179399716,1531179399721,2485867,0.00190400,1.74000000,0
1531179401864,1531179401870,2485868,0.00190400,0.57000000,0
1531179403472,1531179403478,2485869,0.00189600,0.01000000,1
1531179432936,1531179432942,2485870,0.00189600,0.94000000,1
1531179433473,1531179433480,2485871,0.00189500,1.01000000,1
1531179435704,1531179435709,2485872,0.00189600,3.06000000,0
1531179441766,1531179441772,2485873,0.00190000,5.82000000,1
1531179445395,1531179445402,2485874,0.00190000,1.33000000,1
1531179454604,1531179454610,2485875,0.00189500,2.24000000,1
1531179459467,1531179459472,2485876,0.00189400,0.08000000,1
1531179468627,1531179468633,2485877,0.00189500,5.78000000,0
1531179488088,1531179488094,2485878,0.00189500,0.57000000,0
1531179502901,1531179502905,2485879,0.00189400,2.59000000,1
1531179505271,1531179505278,2485880,0.00189400,0.31000000,0
1531179505872,1531179505879,2485881,0.00189400,1.02000000,0
1531179505901,1531179505906,2485882,0.00189400,0.08000000,0
1531179505901,1531179505906,2485883,0.00189800,0.69000000,0
1531179505922,1531179505928,2485884,0.00189800,0.77000000,0
1531179505941,1531179505948,2485885,0.00189800,0.68000000,0
1531179505958,1531179505965,2485886,0.00189800,0.77000000,0
1531179529286,1531179529292,2485887,0.00189300,1.45000000,1
1531179529286,1531179529292,2485888,0.00189200,0.54000000,1
1531179529286,1531179529292,2485889,0.00189100,2.77000000,1
1531179529287,1531179529292,2485890,0.00189100,0.61000000,1
1531179529639,1531179529644,2485891,0.00189000,4.40000000,0
1531179529641,1531179529644,2485892,0.00188900,1.99000000,1
1531179529641,1531179529644,2485893,0.00188600,22.74000000,1
1531179529641,1531179529644,2485894,0.00188500,2.38000000,1
1531179529641,1531179529644,2485895,0.00188400,72.84000000,1
1531179529641,1531179529644,2485896,0.00188200,44.00000000,1
1531179530029,1531179530034,2485897,0.00188300,4.71000000,0
1531179530083,1531179530087,2485898,0.00188300,0.73000000,0
1531179530159,1531179530164,2485899,0.00188300,0.69000000,0
1531179530243,1531179530248,2485900,0.00188300,2.62000000,0
1531179530299,1531179530306,2485901,0.00188300,3.03000000,0
1531179530860,1531179530866,2485902,0.00188300,0.27000000,0
1531179532225,1531179532232,2485903,0.00189000,0.50000000,0
1531179532559,1531179532566,2485904,0.00189000,0.29000000,0
1531179532620,1531179532626,2485905,0.00189000,1.02000000,0
1531179532672,1531179532678,2485906,0.00189000,1.02000000,0
1531179532704,1531179532709,2485907,0.00189000,0.88000000,0
1531179532727,1531179532734,2485908,0.00189000,0.74000000,0
1531179532919,1531179532925,2485909,0.00189000,1.02000000,0
1531179532964,1531179532969,2485910,0.00189000,1.02000000,0
1531179533139,1531179533145,2485911,0.00189000,0.54000000,0
1531179533139,1531179533145,2485912,0.00189200,1.57000000,0
1531179533148,1531179533153,2485913,0.00189200,1.02000000,0
1531179533156,1531179533162,2485914,0.00189200,0.88000000,0
1531179533185,1531179533190,2485915,0.00189200,1.74000000,0
1531179533308,1531179533316,2485916,0.00189200,1.02000000,0
1531179533360,1531179533365,2485917,0.00189200,1.22000000,0
1531179533380,1531179533385,2485918,0.00189200,0.77000000,0
1531179533420,1531179533427,2485919,0.00189200,0.85000000,0
1531179533577,1531179533584,2485920,0.00189200,1.02000000,0
1531179533668,1531179533674,2485921,0.00189200,1.02000000,0
1531179535550,1531179535557,2485922,0.00188400,4.80000000,1
1531179547432,1531179547439,2485923,0.00188500,1.92000000,1
1531179547432,1531179547439,2485924,0.00188200,8.66000000,1
1531179557034,1531179557033,2485925,0.00188300,0.97000000,1
1531179557034,1531179557033,2485926,0.00188200,85.11000000,1
1531179557034,1531179557033,2485927,0.00188000,6.11000000,1
1531179557034,1531179557033,2485928,0.00187900,1.27000000,1
1531179557034,1531179557033,2485929,0.00187800,3.30000000,1
1531179557034,1531179557033,2485930,0.00187600,50.56000000,1
1531179557034,1531179557033,2485931,0.00187500,6.38000000,1
1531179557034,1531179557033,2485932,0.00187400,6.10000000,1
1531179557034,1531179557033,2485933,0.00187300,44.79000000,1
1531179557034,1531179557033,2485934,0.00187200,23.79000000,1
1531179557034,1531179557033,2485935,0.00187100,36.88000000,1
1531179557034,1531179557033,2485936,0.00187000,24.08000000,1
1531179557034,1531179557033,2485937,0.00186900,3.07000000,1
1531179557034,1531179557033,2485938,0.00186800,8.18000000,1
1531179557846,1531179557853,2485939,0.00187800,17.40000000,0
1531179558088,1531179558095,2485940,0.00187700,0.97000000,0
1531179558088,1531179558095,2485941,0.00187800,4.58000000,0
1531179558625,1531179558630,2485942,0.00187800,1.31000000,0
1531179559024,1531179559029,2485943,0.00187800,1.92000000,0
1531179559320,1531179559326,2485944,0.00187800,2.87000000,0
1531179559325,1531179559331,2485945,0.00187800,0.12000000,0
1531179559589,1531179559595,2485946,0.00187800,0.90000000,0
1531179559613,1531179559620,2485947,0.00188000,3.53000000,1
1531179560035,1531179560042,2485948,0.00188000,2.23000000,0
1531179560065,1531179560069,2485949,0.00188000,2.23000000,0
1531179560072,1531179560076,2485950,0.00188000,5.82000000,0
1531179560159,1531179560163,2485951,0.00188000,1.22000000,0
1531179560952,1531179560959,2485952,0.00187100,0.10000000,1
1531179560959,1531179560965,2485953,0.00188000,0.50000000,0
1531179561206,1531179561213,2485954,0.00188000,1.68000000,0
1531179561335,1531179561341,2485955,0.00188000,7.75000000,0
1531179561466,1531179561471,2485956,0.00188000,0.58000000,0
1531179561654,1531179561660,2485957,0.00188000,19.50000000,0
1531179561654,1531179561660,2485958,0.00188100,7.45000000,0
1531179561701,1531179561702,2485959,0.00188100,0.49000000,0
1531179561755,1531179561763,2485960,0.00188100,0.49000000,0
1531179561813,1531179561819,2485961,0.00188100,0.62000000,0
1531179561872,1531179561880,2485962,0.00188100,0.49000000,0
1531179561878,1531179561884,2485963,0.00188100,0.62000000,0
1531179561982,1531179561988,2485964,0.00188100,0.59000000,0
1531179562009,1531179562016,2485965,0.00188100,0.62000000,0
1531179562058,1531179562063,2485966,0.00188100,0.62000000,0
1531179562102,1531179562107,2485967,0.00188100,7.40000000,0
1531179562147,1531179562151,2485968,0.00188100,0.62000000,0
1531179562298,1531179562305,2485969,0.00188100,0.62000000,0
1531179564104,1531179564111,2485970,0.00187900,1.28000000,0
1531179564154,1531179564161,2485971,0.00187900,1.88000000,0
1531179565456,1531179565463,2485972,0.00187200,7.04000000,1
1531179565456,1531179565463,2485973,0.00187100,2.60000000,1
1531179565593,1531179565598,2485974,0.00187100,4.39000000,1
1531179565749,1531179565755,2485975,0.00188000,0.81000000,0
1531179565780,1531179565787,2485976,0.00188000,1.03000000,0
1531179565799,1531179565804,2485977,0.00188000,0.43000000,0
1531179565799,1531179565804,2485978,0.00188300,0.57000000,0
1531179565821,1531179565827,2485979,0.00188300,1.02000000,0
1531179565822,1531179565827,2485980,0.00188300,0.74000000,0
1531179565947,1531179565954,2485981,0.00188300,0.72000000,0
1531179566049,1531179566055,2485982,0.00188300,0.13000000,0
1531179566049,1531179566055,2485983,0.00188500,0.89000000,0
1531179566055,1531179566063,2485984,0.00188500,0.65000000,0
1531179566080,1531179566087,2485985,0.00188500,0.74000000,0
1531179566161,1531179566166,2485986,0.00188500,0.35000000,0
1531179566161,1531179566166,2485987,0.00188600,0.46000000,0
1531179566237,1531179566242,2485988,0.00187300,0.55000000,1
1531179566255,1531179566262,2485989,0.00188600,0.81000000,0
1531179566256,1531179566262,2485990,0.00188600,0.76000000,0
1531179566297,1531179566302,2485991,0.00188600,0.75000000,0
1531179566325,1531179566331,2485992,0.00188600,0.81000000,0
1531179568260,1531179568265,2485993,0.00187500,8.88000000,1
1531179568260,1531179568265,2485994,0.00187300,4.75000000,1
1531179568260,1531179568265,2485995,0.00187100,31.87000000,1
1531179568844,1531179568851,2485996,0.00187500,5.04000000,1
1531179570711,1531179570717,2485997,0.00188500,12.01000000,0
1531179571274,1531179571280,2485998,0.00188500,0.64000000,0
1531179571421,1531179571428,2485999,0.00188500,0.81000000,0
1531179571460,1531179571465,2486000,0.00188500,0.62000000,0
1531179571491,1531179571497,2486001,0.00188500,0.60000000,0
1531179571527,1531179571532,2486002,0.00188500,0.11000000,0
1531179571527,1531179571532,2486003,0.00188600,0.38000000,0
1531179573814,1531179573821,2486004,0.00187300,0.54000000,1
1531179573852,1531179573858,2486005,0.00187300,4.88000000,1
1531179575022,1531179575027,2486006,0.00188600,0.38000000,0
1531179575022,1531179575027,2486007,0.00188700,0.25000000,0
1531179578055,1531179578060,2486008,0.00188600,0.01000000,0
1531179580986,1531179580992,2486009,0.00188600,5.41000000,0
1531179582992,1531179582997,2486010,0.00188600,17.77000000,1
1531179586890,1531179586895,2486011,0.00187500,4.57000000,1
1531179588132,1531179588138,2486012,0.00187600,4.81000000,1
1531179588687,1531179588693,2486013,0.00187600,4.81000000,1
1531179589416,1531179589420,2486014,0.00187600,4.94000000,1
1531179589968,1531179589972,2486015,0.00187500,5.06000000,1
1531179590347,1531179590354,2486016,0.00187700,0.54000000,0
1531179590388,1531179590395,2486017,0.00188600,0.50000000,0
1531179590981,1531179590987,2486018,0.00188600,0.49000000,0
1531179591074,1531179591079,2486019,0.00188600,0.70000000,0
1531179591110,1531179591116,2486020,0.00188600,0.61000000,0
1531179591151,1531179591157,2486021,0.00188600,0.81000000,0
1531179591153,1531179591160,2486022,0.00188600,0.81000000,0
1531179591218,1531179591223,2486023,0.00188600,0.81000000,0
1531179591240,1531179591246,2486024,0.00188600,0.81000000,0
1531179597123,1531179597128,2486025,0.00188100,0.54000000,0
1531179597123,1531179597128,2486026,0.00188500,0.27000000,0
1531179597254,1531179597261,2486027,0.00188500,0.27000000,0
1531179597254,1531179597261,2486028,0.00188600,0.54000000,0
1531179597292,1531179597298,2486029,0.00188600,0.81000000,0
1531179597350,1531179597357,2486030,0.00188600,0.81000000,0
1531179597406,1531179597410,2486031,0.00188600,0.49000000,0
1531179597444,1531179597448,2486032,0.00188600,0.49000000,0
1531179598736,1531179598742,2486033,0.00187800,5.00000000,1
1531179599125,1531179599132,2486034,0.00187800,5.06000000,1
1531179599563,1531179599569,2486035,0.00187800,5.06000000,1
1531179603828,1531179603831,2486036,0.00188200,0.81000000,0
1531179603863,1531179603868,2486037,0.00188200,0.51000000,0
1531179603863,1531179603868,2486038,0.00188600,0.30000000,0
1531179607231,1531179607230,2486039,0.00187600,9.90000000,1
1531179607231,1531179607230,2486040,0.00187500,36.21000000,1
1531179607231,1531179607230,2486041,0.00187400,2.19000000,1
1531179607231,1531179607230,2486042,0.00187100,9.17000000,1
1531179607231,1531179607230,2486043,0.00186900,102.45000000,1
1531179607231,1531179607230,2486044,0.00186700,2.67000000,1
1531179607231,1531179607230,2486045,0.00186600,1.24000000,1
1531179607231,1531179607230,2486046,0.00186500,30.54000000,1
1531179607231,1531179607230,2486047,0.00186300,4.76000000,1
1531179607231,1531179607230,2486048,0.00186200,6.18000000,1
1531179607231,1531179607230,2486049,0.00186100,4.00000000,1
1531179607231,1531179607230,2486050,0.00186000,9.60000000,1
1531179607231,1531179607230,2486051,0.00185900,6.44000000,1
1531179607231,1531179607230,2486052,0.00185800,3.22000000,1
1531179607231,1531179607230,2486053,0.00185700,73.01000000,1
1531179607357,1531179607364,2486054,0.00186200,3.20000000,0
1531179607539,1531179607545,2486055,0.00186200,2.27000000,0
1531179607669,1531179607676,2486056,0.00188200,0.59000000,0
1531179607669,1531179607676,2486057,0.00188500,0.22000000,0
1531179608112,1531179608118,2486058,0.00186400,1.31000000,0
1531179608135,1531179608142,2486059,0.00186400,14.64000000,0
1531179608742,1531179608747,2486060,0.00186200,3.20000000,1
1531179609032,1531179609037,2486061,0.00186200,15.06000000,0
1531179609049,1531179609055,2486062,0.00186200,4.53000000,0
1531179609049,1531179609055,2486063,0.00186300,0.74000000,0
1531179609049,1531179609055,2486064,0.00186400,0.62000000,0
1531179609756,1531179609762,2486065,0.00186400,13.00000000,0
1531179609756,1531179609762,2486066,0.00187000,1.31000000,0
1531179609795,1531179609800,2486067,0.00187000,2.93000000,0
1531179609864,1531179609868,2486068,0.00187000,1.27000000,0
1531179609864,1531179609868,2486069,0.00187100,3.19000000,0
1531179609864,1531179609868,2486070,0.00187200,1.32000000,0
1531179609864,1531179609868,2486071,0.00187400,0.11000000,0
1531179610542,1531179610547,2486072,0.00187100,0.50000000,0
1531179610568,1531179610573,2486073,0.00187100,2.72000000,0
1531179611060,1531179611066,2486074,0.00187000,3.22000000,0
1531179611060,1531179611066,2486075,0.00187400,2.64000000,0
1531179611502,1531179611506,2486076,0.00187400,0.44000000,0
1531179611502,1531179611506,2486077,0.00187600,2.33000000,0
1531179611688,1531179611694,2486078,0.00187600,0.94000000,0
1531179611749,1531179611754,2486079,0.00187600,0.94000000,0
1531179611770,1531179611777,2486080,0.00187600,0.87000000,0
1531179611833,1531179611840,2486081,0.00187600,0.37000000,0
1531179611848,1531179611853,2486082,0.00187600,0.81000000,0
1531179611910,1531179611916,2486083,0.00187600,0.65000000,0
1531179611910,1531179611916,2486084,0.00187900,6.38000000,0
1531179611910,1531179611916,2486085,0.00188200,2.38000000,0
1531179611956,1531179611963,2486086,0.00188200,0.79000000,0
1531179611991,1531179611998,2486087,0.00188200,0.57000000,0
1531179612337,1531179612344,2486088,0.00187200,2.68000000,1
1531179612460,1531179612467,2486089,0.00188200,2.70000000,0
1531179612460,1531179612467,2486090,0.00188400,1.73000000,0
1531179612460,1531179612467,2486091,0.00188500,1.40000000,0
1531179613160,1531179613166,2486092,0.00187200,0.36000000,1
1531179613160,1531179613166,2486093,0.00186600,0.46000000,1
1531179613819,1531179613825,2486094,0.00186600,1.63000000,1
1531179616982,1531179616987,2486095,0.00188400,2.09000000,0
1531179616982,1531179616987,2486096,0.00188500,12.47000000,0
1531179617243,1531179617249,2486097,0.00186800,0.55000000,1
1531179625850,1531179625854,2486098,0.00187500,4.08000000,1
1531179625850,1531179625854,2486099,0.00187400,0.78000000,1
1531179625987,1531179625994,2486100,0.00187400,2.82000000,1
1531179626430,1531179626434,2486101,0.00187200,3.18000000,1
1531179626430,1531179626434,2486102,0.00186800,1.64000000,1
1531179626980,1531179626985,2486103,0.00186800,5.20000000,1
1531179626999,1531179627006,2486104,0.00187300,1.60000000,0
1531179626999,1531179627006,2486105,0.00187400,1.18000000,0
1531179627485,1531179627489,2486106,0.00186800,22.60000000,1
1531179627485,1531179627489,2486107,0.00186700,84.68000000,1
1531179627485,1531179627489,2486108,0.00186600,194.79000000,1
1531179628241,1531179628247,2486109,0.00187400,1.60000000,0
1531179628520,1531179628527,2486110,0.00187400,0.81000000,0
1531179628550,1531179628557,2486111,0.00187400,10.92000000,0
1531179628933,1531179628938,2486112,0.00187400,0.50000000,0
1531179629741,1531179629745,2486113,0.00186600,4.69000000,1
1531179630214,1531179630219,2486114,0.00186600,4.81000000,1
1531179630933,1531179630938,2486115,0.00186600,4.82000000,1
1531179633370,1531179633375,2486116,0.00187400,10.05000000,0
1531179633551,1531179633557,2486117,0.00187400,5.86000000,0
1531179634260,1531179634267,2486118,0.00187400,5.86000000,0
1531179634772,1531179634779,2486119,0.00187400,0.50000000,0
1531179634974,1531179634981,2486120,0.00187400,2.93000000,0
1531179635676,1531179635682,2486121,0.00187400,5.86000000,0
1531179636392,1531179636397,2486122,0.00187400,5.86000000,0
1531179637100,1531179637106,2486123,0.00187400,5.86000000,0
1531179637841,1531179637837,2486124,0.00187400,2.93000000,0
1531179637901,1531179637906,2486125,0.00187400,0.61000000,0
1531179641237,1531179641243,2486126,0.00187400,0.50000000,0
1531179643331,1531179643337,2486127,0.00187400,15.90000000,0
1531179647059,1531179647064,2486128,0.00187400,0.34000000,0
1531179647562,1531179647568,2486129,0.00187000,2.18000000,1
1531179647562,1531179647568,2486130,0.00186600,239.33000000,1
1531179647562,1531179647568,2486131,0.00186500,6.42000000,1
1531179647562,1531179647568,2486132,0.00185900,53.47000000,1
1531179650901,1531179650908,2486133,0.00186000,0.03000000,1
1531179652410,1531179652418,2486134,0.00187000,0.64000000,0
1531179652484,1531179652490,2486135,0.00187000,0.45000000,0
1531179652511,1531179652518,2486136,0.00187000,0.64000000,0
1531179652543,1531179652549,2486137,0.00187000,1.02000000,0
