event_time,trade_time,trade_id,price,quantity,maker
1531160282472,1531160282468,795825,0.00063930,1.86000000,0
1531160282472,1531160282468,795826,0.00063990,0.57000000,0
1531160355097,1531160355093,795827,0.00063810,35.50000000,0
1531160541107,1531160541102,795828,0.00063990,4.88000000,0
1531160541107,1531160541102,795829,0.00064290,2.37000000,0
1531160541107,1531160541102,795830,0.00064520,6.00000000,0
1531160541107,1531160541102,795831,0.00064540,2.42000000,0
1531160553537,1531160553534,795832,0.00063810,72.50000000,1
1531160765567,1531160765562,795833,0.00063960,10.49000000,1
1531160765567,1531160765562,795834,0.00063840,8.16000000,1
1531160919312,1531160919307,795835,0.00063980,35.09000000,1
1531160919312,1531160919307,795836,0.00063970,3.91000000,1
1531160919312,1531160919307,795837,0.00063960,77.90000000,1
1531160929545,1531160929540,795838,0.00063860,90.86000000,1
1531160939238,1531160939233,795839,0.00063850,4.87000000,1
1531160939238,1531160939233,795840,0.00063830,24.93000000,1
1531161251606,1531161251601,795841,0.00063870,56.70000000,0
1531161254151,1531161254146,795842,0.00063870,18.86000000,0
1531161258387,1531161258381,795843,0.00063870,7.38000000,0
1531161280594,1531161280588,795844,0.00063850,7.92000000,0
1531161280594,1531161280588,795845,0.00063860,10.49000000,0
1531161280594,1531161280588,795846,0.00063940,135.12000000,0
1531161280594,1531161280588,795847,0.00063960,24.93000000,0
1531161280708,1531161280700,795848,0.00063730,13.06000000,1
1531161280708,1531161280700,795849,0.00063500,34.70000000,1
1531161280708,1531161280700,795850,0.00063490,6.37000000,1
1531161280708,1531161280700,795851,0.00063440,34.87000000,1
1531161280708,1531161280700,795852,0.00063400,58.69000000,1
1531161280708,1531161280700,795853,0.00063230,9.60000000,1
1531161280708,1531161280700,795854,0.00063220,6.47000000,1
1531161280708,1531161280700,795855,0.00063160,3.47000000,1
1531161280708,1531161280700,795856,0.00063150,2.21000000,1
1531161280708,1531161280700,795857,0.00063130,7.16000000,1
1531161329188,1531161329186,795858,0.00063090,28.12000000,1
1531161436528,1531161436525,795859,0.00063120,2.30000000,1
1531161491585,1531161491581,795860,0.00063350,30.42000000,0
1531161533707,1531161533702,795861,0.00063360,2.00000000,0
1531161539753,1531161539748,795862,0.00063360,0.75000000,0
1531161654485,1531161654481,795863,0.00063360,0.38000000,0
1531161654485,1531161654481,795864,0.00063390,7.16000000,0
1531161961045,1531161961041,795865,0.00063660,2.02000000,0
1531162267310,1531162267305,795866,0.00063480,127.25000000,1
1531162570810,1531162570806,795867,0.00063500,4.00000000,1
1531162870887,1531162870881,795868,0.00063570,9.19000000,0
1531162872945,1531162872940,795869,0.00063650,23.00000000,0
1531162873555,1531162873552,795870,0.00063650,17.00000000,0
1531162877195,1531162877190,795871,0.00063650,4.00000000,0
1531162884509,1531162884504,795872,0.00063650,6.28000000,0
1531162884585,1531162884582,795873,0.00063650,7.47000000,0
1531162884596,1531162884593,795874,0.00063650,2.19000000,0
1531162884596,1531162884593,795875,0.00063660,11.01000000,0
1531162884596,1531162884593,795876,0.00063700,2.51000000,0
1531162885038,1531162885033,795877,0.00063700,10.55000000,0
1531162885038,1531162885033,795878,0.00063780,2.02000000,0
1531162885073,1531162885069,795879,0.00063780,4.35000000,0
1531163174872,1531163174866,795880,0.00064530,3.91000000,0
1531163174872,1531163174866,795881,0.00064540,16.93000000,0
1531163365672,1531163365667,795882,0.00064540,7.47000000,0
1531163365694,1531163365691,795883,0.00064540,4.93000000,1
1531163455198,1531163455193,795884,0.00064620,15.47000000,0
1531163562631,1531163562625,795885,0.00064340,11.36000000,1
1531163562631,1531163562625,795886,0.00064330,12.94000000,1
1531163562631,1531163562625,795887,0.00064200,115.53000000,1
1531163562631,1531163562625,795888,0.00064190,30.80000000,1
1531163562631,1531163562625,795889,0.00064160,264.00000000,1
1531163562631,1531163562625,795890,0.00064110,1287.91000000,1
1531163636574,1531163636569,795891,0.00064300,15.55000000,0
1531163668851,1531163668845,795892,0.00063980,96.26000000,1
1531163998837,1531163998831,795893,0.00064290,11.36000000,0
1531163998837,1531163998831,795894,0.00064300,4.19000000,0
1531164007693,1531164007687,795895,0.00063970,0.15000000,1
1531164202765,1531164202759,795896,0.00063970,0.01000000,1
1531164402660,1531164402655,795897,0.00064280,26.85000000,0
1531164623130,1531164623129,795898,0.00064030,4.00000000,1
1531164746377,1531164746371,795899,0.00063970,12.85000000,1
1531164783679,1531164783673,795900,0.00063650,4.15000000,1
1531164934948,1531164934941,795901,0.00063700,2.65000000,1
1531164934967,1531164934962,795902,0.00063700,3.15000000,0
1531164978720,1531164978715,795903,0.00063660,17.20000000,1
1531165203363,1531165203357,795904,0.00063700,3.12000000,1
1531165265139,1531165265135,795905,0.00063700,1.69000000,1
1531165474755,1531165474750,795906,0.00063750,25.99000000,1
1531165508155,1531165508149,795907,0.00063740,21.24000000,1
1531165508155,1531165508149,795908,0.00063710,126.31000000,1
1531165508155,1531165508149,795909,0.00063700,7.00000000,1
1531165508161,1531165508154,795910,0.00063630,13.08000000,1
1531165508161,1531165508154,795911,0.00063500,8.16000000,1
1531165508174,1531165508169,795912,0.00063500,53.08000000,1
1531165508174,1531165508169,795913,0.00063150,3.03000000,1
1531165714788,1531165714780,795914,0.00063480,13.11000000,0
1531165714788,1531165714780,795915,0.00063560,3.03000000,0
1531165714788,1531165714780,795916,0.00063740,62.30000000,0
1531165740169,1531165740161,795917,0.00063160,3.31000000,1
1531165740169,1531165740161,795918,0.00063070,3.96000000,1
1531165740169,1531165740161,795919,0.00063050,10.64000000,1
1531165740169,1531165740161,795920,0.00063010,3.00000000,1
1531165740169,1531165740161,795921,0.00063000,7.69000000,1
1531165740169,1531165740161,795922,0.00062910,11.44000000,1
1531165740169,1531165740161,795923,0.00062830,7.94000000,1
1531165740169,1531165740161,795924,0.00062790,6.29000000,1
1531165740169,1531165740161,795925,0.00062780,28.44000000,1
1531165740169,1531165740161,795926,0.00062740,3.50000000,1
1531165740169,1531165740161,795927,0.00062730,3.15000000,1
1531165740169,1531165740161,795928,0.00062700,2.22000000,1
1531165740169,1531165740161,795929,0.00062680,9.49000000,1
1531165740169,1531165740161,795930,0.00062670,11.96000000,1
1531165740169,1531165740161,795931,0.00062640,33.47000000,1
1531165740169,1531165740161,795932,0.00062630,6.53000000,1
1531165740169,1531165740161,795933,0.00062590,2.39000000,1
1531165740191,1531165740188,795934,0.00062590,1.66000000,0
1531165740195,1531165740188,795935,0.00062590,2.14000000,0
1531165740224,1531165740220,795936,0.00062590,1.64000000,0
1531165740237,1531165740235,795937,0.00062590,30.02000000,0
1531165740316,1531165740311,795938,0.00062590,58.65000000,0
1531165740365,1531165740363,795939,0.00062590,50.47000000,0
1531165746556,1531165746549,795940,0.00062930,3.00000000,0
1531165750596,1531165750590,795941,0.00062740,1.00000000,1
1531165752063,1531165752059,795942,0.00062740,8.49000000,1
1531165752064,1531165752059,795943,0.00062660,3.51000000,1
1531165761627,1531165761621,795944,0.00062680,469.21000000,1
1531165762178,1531165762172,795945,0.00062640,100.00000000,0
1531165763449,1531165763446,795946,0.00062640,33.79000000,0
1531165770092,1531165770091,795947,0.00062850,1.61000000,0
1531165817403,1531165817397,795948,0.00062740,6.29000000,0
1531165819898,1531165819893,795949,0.00062760,2.00000000,0
1531165840839,1531165840834,795950,0.00062760,0.23000000,0
1531165969533,1531165969527,795951,0.00062640,422.47000000,1
1531165986141,1531165986134,795952,0.00062580,3.18000000,1
1531165986141,1531165986134,795953,0.00062540,3.00000000,1
1531165986141,1531165986134,795954,0.00062510,6.58000000,1
1531165986141,1531165986134,795955,0.00062480,0.02000000,1
1531165986141,1531165986134,795956,0.00062470,3.21000000,1
1531165986141,1531165986134,795957,0.00062450,9.88000000,1
1531165986141,1531165986134,795958,0.00062410,53.73000000,1
1531165986141,1531165986134,795959,0.00062400,15.13000000,1
1531165986141,1531165986134,795960,0.00062390,13.18000000,1
1531165986141,1531165986134,795961,0.00062380,1.61000000,1
1531165986141,1531165986134,795962,0.00062330,4.87000000,1
1531165986157,1531165986156,795963,0.00062380,58.66000000,0
1531165986166,1531165986161,795964,0.00062380,43.82000000,0
1531165986166,1531165986161,795965,0.00062400,4.39000000,0
1531165986166,1531165986161,795966,0.00062630,10.45000000,0
1531165992496,1531165992494,795967,0.00062500,1.21000000,0
1531165998270,1531165998264,795968,0.00062370,1.94000000,1
1531166003506,1531166003503,795969,0.00062630,2.24000000,0
1531166007589,1531166007584,795970,0.00062480,40.02000000,1
1531166010322,1531166010313,795971,0.00062370,1.41000000,1
1531166010322,1531166010313,795972,0.00062330,6.13000000,1
1531166010322,1531166010313,795973,0.00062290,7.21000000,1
1531166010322,1531166010313,795974,0.00062230,14.44000000,1
1531166010322,1531166010313,795975,0.00062200,24.00000000,1
1531166010322,1531166010313,795976,0.00062190,198.75000000,1
1531166010322,1531166010313,795977,0.00062150,17.60000000,1
1531166010322,1531166010313,795978,0.00062100,28.01000000,1
1531166010322,1531166010313,795979,0.00062010,37.88000000,1
1531166017680,1531166017674,795980,0.00062340,0.24000000,0
1531166017966,1531166017959,795981,0.00062340,3.72000000,0
1531166018325,1531166018319,795982,0.00062340,3.28000000,1
1531166018354,1531166018348,795983,0.00062230,6.21000000,0
1531166018356,1531166018350,795984,0.00062460,8.03000000,0
1531166018356,1531166018350,795985,0.00062510,8.01000000,0
1531166018391,1531166018389,795986,0.00062510,15.99000000,0
1531166018391,1531166018389,795987,0.00062520,0.05000000,0
1531166018424,1531166018416,795988,0.00062520,9.52000000,0
1531166018424,1531166018416,795989,0.00062540,14.44000000,0
1531166018424,1531166018416,795990,0.00062600,7.21000000,0
1531166018424,1531166018416,795991,0.00062630,3.35000000,0
1531166018424,1531166018416,795992,0.00062760,30.02000000,0
1531166018424,1531166018416,795993,0.00062770,15.66000000,0
1531166018474,1531166018468,795994,0.00062770,8.02000000,0
1531166018630,1531166018625,795995,0.00062770,9.62000000,0
1531166031971,1531166031963,795996,0.00062270,119.91000000,1
1531166031971,1531166031963,795997,0.00062250,209.47000000,1
1531166031971,1531166031963,795998,0.00062210,3.36000000,1
1531166031971,1531166031963,795999,0.00062140,46.16000000,1
1531166031971,1531166031963,796000,0.00062080,602.10000000,1
1531166053589,1531166053583,796001,0.00062220,1.63000000,1
1531166055006,1531166055002,796002,0.00062350,1.62000000,0
1531166055382,1531166055375,796003,0.00062220,15.85000000,1
1531166061722,1531166061717,796004,0.00062320,42.40000000,0
1531166096477,1531166096471,796005,0.00062440,2.06000000,0
1531166100847,1531166100841,796006,0.00062440,7.49000000,0
1531166120160,1531166120153,796007,0.00062410,2.00000000,0
1531166138401,1531166138395,796008,0.00062410,2.26000000,0
1531166138409,1531166138407,796009,0.00062410,11.04000000,0
1531166156259,1531166156253,796010,0.00062410,6.47000000,0
1531166171979,1531166171974,796011,0.00062410,2.01000000,0
1531166175680,1531166175674,796012,0.00062410,5.52000000,0
1531166175680,1531166175674,796013,0.00062430,6.62000000,0
1531166175699,1531166175692,796014,0.00062430,12.12000000,0
1531166183202,1531166183195,796015,0.00062390,9.49000000,0
1531166183202,1531166183195,796016,0.00062420,38.66000000,0
1531166185476,1531166185474,796017,0.00062320,41.37000000,1
1531166187326,1531166187320,796018,0.00062390,1.06000000,0
1531166199022,1531166199015,796019,0.00062330,13.24000000,0
1531166200518,1531166200512,796020,0.00062330,22.35000000,0
1531166227030,1531166227024,796021,0.00062330,0.02000000,0
1531166256420,1531166256415,796022,0.00062330,69.04000000,1
1531166261494,1531166261487,796023,0.00062330,4.80000000,0
1531166263074,1531166263069,796024,0.00062330,97.51000000,0
1531166276002,1531166275996,796025,0.00062330,0.08000000,0
1531166418091,1531166418085,796026,0.00062430,2.00000000,0
1531166442903,1531166442903,796027,0.00062430,2.00000000,0
1531166541546,1531166541539,796028,0.00062430,8.86000000,0
1531166547406,1531166547398,796029,0.00062430,0.55000000,0
1531166547406,1531166547398,796030,0.00062470,3.36000000,0
1531166547406,1531166547398,796031,0.00062500,12.98000000,0
1531166547406,1531166547398,796032,0.00062630,6.47000000,0
1531166547406,1531166547398,796033,0.00062770,7.18000000,0
1531166547406,1531166547398,796034,0.00062780,5.19000000,0
1531166547406,1531166547398,796035,0.00062880,1.62000000,0
1531166547406,1531166547398,796036,0.00062890,10.65000000,0
1531166587441,1531166587436,796037,0.00062820,1.61000000,0
1531166681398,1531166681391,796038,0.00062820,47.88000000,0
1531166780453,1531166780450,796039,0.00062540,11.44000000,1
1531166808750,1531166808744,796040,0.00062810,6.37000000,0
1531166828076,1531166828069,796041,0.00062540,5.49000000,1
1531166828076,1531166828069,796042,0.00062470,13.32000000,1
1531166828076,1531166828069,796043,0.00062410,321.36000000,1
1531166828076,1531166828069,796044,0.00062390,16.02000000,1
1531166828076,1531166828069,796045,0.00062330,1.93000000,1
1531166828135,1531166828130,796046,0.00062330,5.61000000,0
1531166828158,1531166828152,796047,0.00062330,91.40000000,0
1531166828190,1531166828184,796048,0.00062330,16.04000000,0
1531166829169,1531166829166,796049,0.00062330,16.04000000,0
1531166829289,1531166829283,796050,0.00062300,33.61000000,0
1531166830186,1531166830179,796051,0.00062300,0.01000000,0
1531166830186,1531166830179,796052,0.00062330,16.03000000,0
1531166830213,1531166830208,796053,0.00062330,217.93000000,0
1531166831133,1531166831131,796054,0.00062300,16.80000000,0
1531166832196,1531166832190,796055,0.00062330,16.04000000,0
1531166833341,1531166833337,796056,0.00062260,7.15000000,1
1531166833341,1531166833337,796057,0.00062250,1.03000000,1
1531166833708,1531166833703,796058,0.00062250,0.01000000,1
1531166847365,1531166847359,796059,0.00062320,16.04000000,0
1531166913638,1531166913633,796060,0.00062330,26.74000000,0
1531167029909,1531167029908,796061,0.00062320,2.00000000,0
1531167062677,1531167062672,796062,0.00062320,1.80000000,0
1531167073238,1531167073235,796063,0.00062330,2.41000000,0
1531167099000,1531167098994,796064,0.00062320,0.20000000,1
1531167131839,1531167131834,796065,0.00062250,8.72000000,1
1531167146990,1531167146986,796066,0.00062330,1.63000000,0
1531167332479,1531167332474,796067,0.00062330,2.00000000,0
1531167336422,1531167336413,796068,0.00062260,77.09000000,1
1531167336422,1531167336413,796069,0.00062250,26.47000000,1
1531167336422,1531167336413,796070,0.00062240,36.24000000,1
1531167336422,1531167336413,796071,0.00062230,121.43000000,1
1531167336422,1531167336413,796072,0.00062170,18.58000000,1
1531167336422,1531167336413,796073,0.00062160,1.61000000,1
1531167336422,1531167336413,796074,0.00062050,80.58000000,1
1531167336422,1531167336413,796075,0.00062040,149.96000000,1
1531167336422,1531167336413,796076,0.00062010,186.31000000,1
1531167336422,1531167336413,796077,0.00062000,189.73000000,1
1531167336422,1531167336413,796078,0.00062000,19.76000000,1
1531167336441,1531167336440,796079,0.00062000,9.63000000,0
1531167336970,1531167336964,796080,0.00061770,20.67000000,1
1531167338202,1531167338198,796081,0.00061940,4.62000000,0
1531167338203,1531167338198,796082,0.00062000,0.02000000,0
1531167338203,1531167338198,796083,0.00062010,8.35000000,0
1531167349620,1531167349619,796084,0.00061980,1.62000000,1
1531167349620,1531167349619,796085,0.00061900,0.51000000,1
1531167368089,1531167368082,796086,0.00062100,2.00000000,0
1531167374086,1531167374080,796087,0.00061910,10.77000000,1
1531167374086,1531167374080,796088,0.00061900,3.42000000,1
1531167374550,1531167374542,796089,0.00061900,9.51000000,1
1531167374550,1531167374542,796090,0.00061840,3.38000000,1
1531167374550,1531167374542,796091,0.00061780,1.62000000,1
1531167374550,1531167374542,796092,0.00061750,13.42000000,1
1531167374550,1531167374542,796093,0.00061740,50.36000000,1
1531167374550,1531167374542,796094,0.00061690,0.05000000,1
1531167377263,1531167377257,796095,0.00061770,0.03000000,1
1531167381762,1531167381759,796096,0.00061940,1.90000000,0
1531167387580,1531167387573,796097,0.00061770,13.08000000,1
1531167446285,1531167446277,796098,0.00061930,3.27000000,0
1531167446690,1531167446684,796099,0.00061930,1.64000000,0
1531167446912,1531167446905,796100,0.00061930,2.45000000,0
1531167447300,1531167447300,796101,0.00061930,1.64000000,0
1531167453684,1531167453678,796102,0.00061930,1.77000000,0
1531167474202,1531167474193,796103,0.00061930,15.23000000,1
1531167474202,1531167474193,796104,0.00061770,0.36000000,1
1531167474202,1531167474193,796105,0.00061690,9.61000000,1
1531167474202,1531167474193,796106,0.00061650,6.66000000,1
1531167474202,1531167474193,796107,0.00061630,50.72000000,1
1531167474202,1531167474193,796108,0.00061580,11.63000000,1
1531167474202,1531167474193,796109,0.00061520,13.35000000,1
1531167474202,1531167474193,796110,0.00061500,4.87000000,1
1531167474202,1531167474193,796111,0.00061490,3.00000000,1
1531167474202,1531167474193,796112,0.00061470,170.07000000,1
1531167478996,1531167478991,796113,0.00061620,1.81000000,1
1531167484825,1531167484819,796114,0.00061610,9.81000000,1
1531167486476,1531167486468,796115,0.00061840,1.81000000,0
1531167486681,1531167486675,796116,0.00061850,13.46000000,0
1531167493342,1531167493335,796117,0.00061850,10.54000000,1
1531167493342,1531167493335,796118,0.00061770,13.47000000,1
1531167493342,1531167493335,796119,0.00061620,20.00000000,1
1531167493342,1531167493335,796120,0.00061520,170.11000000,1
1531167501785,1531167501778,796121,0.00061630,10.65000000,1
1531167501785,1531167501778,796122,0.00061620,13.51000000,1
1531167501785,1531167501778,796123,0.00061520,47.22000000,1
1531167518655,1531167518651,796124,0.00061600,2.74000000,1
1531167518655,1531167518651,796125,0.00061520,11.55000000,1
1531167555357,1531167555352,796126,0.00061530,53.89000000,1
1531167555357,1531167555352,796127,0.00061520,151.12000000,1
1531167555357,1531167555352,796128,0.00061470,670.99000000,1
1531167566167,1531167566161,796129,0.00061580,3.50000000,0
1531167626098,1531167626091,796130,0.00061840,2.00000000,0
1531167641716,1531167641710,796131,0.00061820,8.65000000,0
1531167641716,1531167641710,796132,0.00061830,53.89000000,0
1531167641716,1531167641710,796133,0.00061840,13.76000000,0
1531167650248,1531167650248,796134,0.00061940,0.17000000,0
1531167650969,1531167650968,796135,0.00061940,4.87000000,1
1531167672412,1531167672407,796136,0.00062060,44.36000000,0
1531167719457,1531167719451,796137,0.00062060,0.01000000,0
1531167719457,1531167719451,796138,0.00062070,23.00000000,0
1531167760118,1531167760113,796139,0.00062070,0.01000000,0
1531167949646,1531167949639,796140,0.00062090,13.42000000,0
1531167949646,1531167949639,796141,0.00062100,13.38000000,0
1531167949646,1531167949639,796142,0.00062160,8.11000000,0
1531167949646,1531167949639,796143,0.00062170,3.09000000,0
1531167974016,1531167974011,796144,0.00062140,1.63000000,0
1531167974785,1531167974780,796145,0.00062140,1.94000000,0
1531167974845,1531167974840,796146,0.00062180,1.31000000,1
1531168044728,1531168044724,796147,0.00062330,4.53000000,0
1531168085032,1531168085024,796148,0.00062060,108.05000000,1
1531168085032,1531168085024,796149,0.00062040,1.77000000,1
1531168085032,1531168085024,796150,0.00061970,1.62000000,1
1531168085032,1531168085024,796151,0.00061740,6.72000000,1
1531168085032,1531168085024,796152,0.00061690,13.42000000,1
1531168085032,1531168085024,796153,0.00061680,445.61000000,1
1531168085032,1531168085024,796154,0.00061670,99.65000000,1
1531168085044,1531168085044,796155,0.00061670,124.18000000,0
1531168085054,1531168085051,796156,0.00061670,57.57000000,0
1531168085076,1531168085070,796157,0.00061670,3.24000000,0
1531168085088,1531168085084,796158,0.00061630,13.79000000,1
1531168085088,1531168085084,796159,0.00061580,16.23000000,1
1531168085088,1531168085084,796160,0.00061510,27.55000000,1
1531168085118,1531168085112,796161,0.00061670,1.17000000,0
1531168085531,1531168085530,796162,0.00061690,445.61000000,1
1531168087716,1531168087711,796163,0.00062020,12.71000000,0
1531168091164,1531168091158,796164,0.00061670,12.78000000,1
1531168187878,1531168187872,796165,0.00061790,1.62000000,1
1531168187878,1531168187872,796166,0.00061670,11.80000000,1
1531168198900,1531168198894,796167,0.00061670,76.30000000,1
1531168256808,1531168256804,796168,0.00062020,0.15000000,0
1531168258998,1531168258994,796169,0.00062100,1.92000000,0
1531168306579,1531168306573,796170,0.00062100,20.89000000,0
1531168527275,1531168527272,796171,0.00062100,5.50000000,0
1531168888230,1531168888224,796172,0.00061810,10.66000000,1
1531168888230,1531168888224,796173,0.00061800,3.50000000,1
1531168888230,1531168888224,796174,0.00061710,19.00000000,1
1531168888230,1531168888224,796175,0.00061700,23.00000000,1
1531168888230,1531168888224,796176,0.00061690,21.00000000,1
1531168888230,1531168888224,796177,0.00061670,83.05000000,1
1531168888230,1531168888224,796178,0.00061600,1.63000000,1
1531168888257,1531168888250,796179,0.00061590,14.25000000,0
1531168889407,1531168889405,796180,0.00061590,1.29000000,0
1531168891039,1531168891033,796181,0.00061590,6.80000000,0
1531168901140,1531168901134,796182,0.00061560,1.12000000,0
1531168909536,1531168909531,796183,0.00061500,24.91000000,1
1531168912073,1531168912068,796184,0.00061500,22.17000000,1
1531168912073,1531168912068,796185,0.00061490,17.88000000,1
1531168912073,1531168912068,796186,0.00061480,17.88000000,1
1531168912073,1531168912068,796187,0.00061470,478.06000000,1
1531168952799,1531168952792,796188,0.00061560,9.61000000,0
1531169001237,1531169001233,796189,0.00061560,7.14000000,0
1531169023318,1531169023313,796190,0.00061560,9.61000000,0
1531169046344,1531169046339,796191,0.00061560,8.23000000,0
1531169071529,1531169071523,796192,0.00061590,4.66000000,0
1531169085734,1531169085727,796193,0.00061580,6.57000000,0
1531169098669,1531169098663,796194,0.00061580,19.93000000,0
1531169135833,1531169135825,796195,0.00061480,4.79000000,1
1531169135833,1531169135825,796196,0.00061470,4.89000000,1
1531169135833,1531169135825,796197,0.00061410,4.89000000,1
1531169135833,1531169135825,796198,0.00061400,1.63000000,1
1531169135833,1531169135825,796199,0.00061270,1.64000000,1
1531169135833,1531169135825,796200,0.00061250,34.65000000,1
1531169135833,1531169135825,796201,0.00061150,60.00000000,1
1531169135833,1531169135825,796202,0.00061000,43.39000000,1
1531169135846,1531169135841,796203,0.00061000,8.30000000,0
1531169135856,1531169135851,796204,0.00061000,4.09000000,0
1531169135886,1531169135880,796205,0.00061000,6.00000000,0
1531169136943,1531169136939,796206,0.00061000,10.32000000,0
1531169137009,1531169137004,796207,0.00061000,24.39000000,0
1531169137599,1531169137594,796208,0.00061000,2.00000000,0
1531169138084,1531169138082,796209,0.00061000,33.77000000,0
1531169138126,1531169138121,796210,0.00061000,0.10000000,0
1531169138254,1531169138249,796211,0.00061000,6.23000000,0
1531169139146,1531169139141,796212,0.00060880,2.22000000,0
1531169139146,1531169139141,796213,0.00061000,21.23000000,0
1531169139203,1531169139195,796214,0.00061000,32.68000000,0
1531169141478,1531169141473,796215,0.00061260,6.25000000,1
1531169141488,1531169141483,796216,0.00061260,3.48000000,1
1531169142864,1531169142857,796217,0.00061090,3.09000000,1
1531169142864,1531169142857,796218,0.00061040,2.96000000,1
1531169143025,1531169143018,796219,0.00060860,31.01000000,1
1531169155637,1531169155630,796220,0.00061000,2.90000000,0
1531169160171,1531169160165,796221,0.00061000,4.12000000,0
1531169161623,1531169161619,796222,0.00060800,13.85000000,1
1531169163311,1531169163306,796223,0.00060800,300.00000000,1
1531169173459,1531169173454,796224,0.00060800,31.10000000,1
1531169175926,1531169175920,796225,0.00060980,9.64000000,0
1531169177771,1531169177767,796226,0.00060800,15.56000000,1
1531169178200,1531169178197,796227,0.00060800,15.67000000,1
1531169178835,1531169178830,796228,0.00060980,3.62000000,0
1531169180448,1531169180443,796229,0.00060800,15.49000000,1
1531169180722,1531169180718,796230,0.00060980,2.00000000,0
1531169181539,1531169181534,796231,0.00060980,1.64000000,0
1531169198960,1531169198955,796232,0.00060960,1.65000000,1
1531169199434,1531169199428,796233,0.00060960,2.03000000,0
1531169222087,1531169222082,796234,0.00060970,15.11000000,0
1531169225253,1531169225250,796235,0.00060970,3.02000000,0
1531169227036,1531169227029,796236,0.00060970,2.80000000,0
1531169236430,1531169236425,796237,0.00060840,1.67000000,1
1531169241064,1531169241060,796238,0.00060970,0.06000000,0
1531169244559,1531169244553,796239,0.00061030,15.23000000,0
1531169254274,1531169254270,796240,0.00061030,9.64000000,0
1531169256695,1531169256688,796241,0.00060970,1.97000000,1
1531169256695,1531169256688,796242,0.00060960,2.48000000,1
1531169256695,1531169256688,796243,0.00060900,5.80000000,1
1531169256695,1531169256688,796244,0.00060840,49.66000000,1
1531169256708,1531169256702,796245,0.00060800,40.27000000,0
1531169256714,1531169256709,796246,0.00060800,40.27000000,0
1531169256728,1531169256723,796247,0.00060800,40.27000000,0
1531169256740,1531169256737,796248,0.00060800,3.49000000,0
1531169258514,1531169258507,796249,0.00060800,3.69000000,0
1531169259985,1531169259981,796250,0.00060780,10.16000000,1
1531169259985,1531169259981,796251,0.00060730,5.95000000,1
1531169259985,1531169259981,796252,0.00060720,13.55000000,1
1531169259985,1531169259981,796253,0.00060660,0.74000000,1
1531169260043,1531169260039,796254,0.00060660,9.86000000,1
1531169260229,1531169260224,796255,0.00060660,0.01000000,1
1531169260496,1531169260490,796256,0.00060800,48.00000000,0
1531169260602,1531169260596,796257,0.00060800,3.03000000,0
1531169261800,1531169261797,796258,0.00060800,9.78000000,0
1531169265541,1531169265539,796259,0.00060800,3.33000000,0
1531169270470,1531169270465,796260,0.00060690,2.01000000,0
1531169271726,1531169271722,796261,0.00060690,1.20000000,0
1531169271916,1531169271911,796262,0.00060690,1.37000000,0
1531169272516,1531169272512,796263,0.00060690,2.27000000,0
1531169275968,1531169275965,796264,0.00060690,1.20000000,0
1531169280783,1531169280778,796265,0.00060800,4.35000000,0
1531169291133,1531169291128,796266,0.00060700,15.14000000,1
1531169297500,1531169297495,796267,0.00060800,23.61000000,0
1531169404154,1531169404149,796268,0.00060800,8.56000000,0
1531169419832,1531169419826,796269,0.00060800,23.61000000,1
1531169475584,1531169475579,796270,0.00061030,2.00000000,0
1531169570832,1531169570827,796271,0.00060810,120.61000000,1
1531169590502,1531169590496,796272,0.00060810,11.84000000,0
1531169597851,1531169597845,796273,0.00060800,29.35000000,1
1531169599485,1531169599479,796274,0.00060810,2.13000000,0
1531169612766,1531169612760,796275,0.00060810,115.33000000,0
1531169642005,1531169641997,796276,0.00060810,7.16000000,1
1531169642005,1531169641997,796277,0.00060800,2.84000000,1
1531169642005,1531169641997,796278,0.00060680,18.27000000,1
1531169654039,1531169654033,796279,0.00061110,18.27000000,0
1531169654039,1531169654033,796280,0.00061190,7.03000000,0
1531169661136,1531169661129,796281,0.00060680,2.72000000,1
1531169716548,1531169716540,796282,0.00060800,118.29000000,1
1531169716548,1531169716540,796283,0.00060790,100.00000000,1
1531169716548,1531169716540,796284,0.00060680,32.00000000,1
1531169716548,1531169716540,796285,0.00060630,56.23000000,1
1531169716548,1531169716540,796286,0.00060570,146.78000000,1
1531169716548,1531169716540,796287,0.00060510,56.06000000,1
1531169716548,1531169716540,796288,0.00060500,36.26000000,1
1531169716548,1531169716540,796289,0.00060480,21.47000000,1
1531169716575,1531169716570,796290,0.00060480,104.49000000,0
1531169716578,1531169716572,796291,0.00060480,64.08000000,0
1531169720411,1531169720404,796292,0.00060420,2.80000000,1
1531169720411,1531169720404,796293,0.00060380,6.93000000,1
1531169721750,1531169721743,796294,0.00060430,6.50000000,1
1531169731643,1531169731636,796295,0.00060430,4.16000000,0
1531169731643,1531169731636,796296,0.00060450,39.78000000,0
1531169731643,1531169731636,796297,0.00060480,152.55000000,0
1531169739379,1531169739372,796298,0.00060480,2.00000000,0
1531169740960,1531169740955,796299,0.00060480,2.79000000,0
1531169741129,1531169741124,796300,0.00060480,8.06000000,1
1531169741129,1531169741124,796301,0.00060350,7.46000000,1
1531169742511,1531169742506,796302,0.00060480,0.16000000,1
1531169750218,1531169750214,796303,0.00060550,1.67000000,0
1531169751129,1531169751122,796304,0.00060550,1.67000000,0
1531169774496,1531169774490,796305,0.00060550,105.44000000,0
1531169778006,1531169778000,796306,0.00060550,7.36000000,0
1531169783231,1531169783226,796307,0.00060550,2.00000000,0
1531169787389,1531169787383,796308,0.00060480,2.18000000,1
1531169869614,1531169869608,796309,0.00060370,1.77000000,1
1531169894998,1531169894991,796310,0.00060510,19.89000000,0
1531169894998,1531169894991,796311,0.00060550,5.43000000,0
1531169894998,1531169894991,796312,0.00060590,13.17000000,0
1531169894998,1531169894991,796313,0.00060620,6.93000000,0
1531169894998,1531169894991,796314,0.00060750,7.38000000,0
1531169897691,1531169897685,796315,0.00060390,115.83000000,1
1531169897691,1531169897685,796316,0.00060380,10.74000000,1
1531169911695,1531169911691,796317,0.00060690,2.37000000,0
1531169911695,1531169911691,796318,0.00060830,31.01000000,0
1531169911695,1531169911691,796319,0.00060840,19.81000000,0
1531169919021,1531169919015,796320,0.00060840,105.33000000,1
1531169922999,1531169922993,796321,0.00060980,2.96000000,0
1531169933085,1531169933080,796322,0.00060980,114.69000000,0
1531169957885,1531169957879,796323,0.00060850,48.03000000,1
1531169957885,1531169957879,796324,0.00060840,26.90000000,1
1531169958698,1531169958693,796325,0.00060840,4.02000000,0
1531169966524,1531169966519,796326,0.00060840,14.75000000,0
1531169990851,1531169990846,796327,0.00060840,4.00000000,0
1531170002275,1531170002269,796328,0.00060530,10.94000000,1
1531170002275,1531170002269,796329,0.00060500,30.46000000,1
1531170003224,1531170003219,796330,0.00060490,8.60000000,0
1531170004882,1531170004877,796331,0.00060530,2.25000000,1
1531170016290,1531170016284,796332,0.00060560,113.18000000,1
1531170016290,1531170016284,796333,0.00060550,42.31000000,1
1531170016290,1531170016284,796334,0.00060530,27.38000000,1
1531170016290,1531170016284,796335,0.00060450,250.00000000,1
1531170017563,1531170017557,796336,0.00060440,5.98000000,0
1531170017780,1531170017777,796337,0.00060440,1.63000000,0
1531170017877,1531170017871,796338,0.00060440,105.57000000,0
1531170041239,1531170041235,796339,0.00060450,2.00000000,0
1531170044176,1531170044170,796340,0.00060450,2.04000000,0
1531170071216,1531170071210,796341,0.00060450,5.36000000,0
1531170074183,1531170074178,796342,0.00060440,30.40000000,1
1531170074901,1531170074897,796343,0.00060450,138.23000000,0
1531170079331,1531170079325,796344,0.00060450,1.98000000,0
1531170081299,1531170081293,796345,0.00060450,1.84000000,0
1531170082664,1531170082658,796346,0.00060450,2.00000000,0
1531170086888,1531170086883,796347,0.00060450,45.70000000,0
1531170095919,1531170095914,796348,0.00060450,1.81000000,0
1531170111904,1531170111898,796349,0.00060450,92.41000000,0
1531170328311,1531170328306,796350,0.00060610,2.59000000,1
1531170338905,1531170338899,796351,0.00060910,2.00000000,0
1531170388357,1531170388353,796352,0.00060910,2.00000000,0
1531170389930,1531170389925,796353,0.00060630,92.41000000,1
1531170417476,1531170417470,796354,0.00060910,2.13000000,0
1531170481504,1531170481498,796355,0.00060910,13.28000000,0
1531170528739,1531170528734,796356,0.00060910,14.77000000,0
1531170542781,1531170542774,796357,0.00060910,12.65000000,0
1531170638863,1531170638856,796358,0.00060910,2.00000000,0
1531170680975,1531170680970,796359,0.00060910,2.00000000,0
1531170701635,1531170701629,796360,0.00060700,14.50000000,1
1531170719212,1531170719205,796361,0.00060710,10.72000000,1
1531170719212,1531170719205,796362,0.00060700,9.28000000,1
1531170731381,1531170731375,796363,0.00060700,10.00000000,1
1531170814454,1531170814449,796364,0.00060700,1.66000000,1
1531170900116,1531170900111,796365,0.00060900,13.88000000,0
1531170909578,1531170909575,796366,0.00060900,3.82000000,0
1531170943843,1531170943837,796367,0.00060870,1.66000000,0
1531170964529,1531170964525,796368,0.00060870,2.00000000,0
1531170987638,1531170987631,796369,0.00060830,6.42000000,1
1531171139589,1531171139583,796370,0.00060830,7.65000000,0
1531171215465,1531171215460,796371,0.00060810,3.41000000,0
1531171227074,1531171227067,796372,0.00060810,2.00000000,0
1531171278167,1531171278162,796373,0.00060700,1.54000000,1
1531171393275,1531171393270,796374,0.00060810,53.25000000,0
1531171423017,1531171423013,796375,0.00060870,10.16000000,0
1531171464895,1531171464892,796376,0.00060930,2.22000000,0
1531171467917,1531171467913,796377,0.00060930,2.86000000,0
1531171508136,1531171508132,796378,0.00060900,1.68000000,0
1531171586745,1531171586740,796379,0.00061040,1.67000000,0
1531171586773,1531171586769,796380,0.00061040,4.09000000,1
1531171587459,1531171587455,796381,0.00061040,65.55000000,1
1531171601683,1531171601678,796382,0.00061070,1.67000000,0
1531171611585,1531171611582,796383,0.00061260,4.95000000,0
1531171611611,1531171611607,796384,0.00061260,8.07000000,0
1531171611635,1531171611630,796385,0.00061270,37.27000000,1
1531171611637,1531171611632,796386,0.00061040,10.60000000,1
1531171611637,1531171611632,796387,0.00060960,26.67000000,1
1531171646947,1531171646942,796388,0.00061250,3.00000000,1
1531171652216,1531171652214,796389,0.00061340,4.94000000,0
1531171653406,1531171653401,796390,0.00061250,5.82000000,1
1531171661918,1531171661913,796391,0.00061240,22.37000000,0
1531171667118,1531171667116,796392,0.00061240,2.45000000,0
1531171667118,1531171667116,796393,0.00061250,2.42000000,0
1531171684281,1531171684275,796394,0.00061040,8.76000000,1
1531171692702,1531171692697,796395,0.00061260,1.65000000,1
1531171727864,1531171727859,796396,0.00061110,1.64000000,1
1531171727864,1531171727859,796397,0.00061050,19.46000000,1
1531171727864,1531171727859,796398,0.00060950,1.25000000,1
1531171743734,1531171743729,796399,0.00061120,10.27000000,1
1531171743734,1531171743729,796400,0.00060980,121.00000000,1
1531171743749,1531171743745,796401,0.00060980,56.41000000,0
1531171743759,1531171743756,796402,0.00060980,56.41000000,0
1531171743774,1531171743771,796403,0.00060980,21.68000000,0
1531171743821,1531171743817,796404,0.00060950,0.40000000,1
1531171743821,1531171743817,796405,0.00060930,10.44000000,1
1531171784433,1531171784426,796406,0.00060930,4.33000000,1
1531171784433,1531171784426,796407,0.00060900,0.13000000,1
1531171784433,1531171784426,796408,0.00060800,13.12000000,1
1531171784433,1531171784426,796409,0.00060790,6.59000000,1
1531171784433,1531171784426,796410,0.00060710,4.95000000,1
1531171784433,1531171784426,796411,0.00060610,1.65000000,1
1531171784433,1531171784426,796412,0.00060600,47.80000000,1
1531171784433,1531171784426,796413,0.00060550,63.78000000,1
1531171784433,1531171784426,796414,0.00060500,26.04000000,1
1531171784433,1531171784426,796415,0.00060490,2.24000000,1
1531171784450,1531171784446,796416,0.00060490,4.67000000,0
1531171784460,1531171784456,796417,0.00060490,4.13000000,0
1531171784468,1531171784462,796418,0.00060490,4.65000000,0
1531171784477,1531171784472,796419,0.00060490,4.65000000,0
1531171784489,1531171784484,796420,0.00060490,4.65000000,0
1531171784733,1531171784728,796421,0.00060490,210.00000000,0
1531171784987,1531171784982,796422,0.00060440,1.66000000,1
1531171784987,1531171784982,796423,0.00060420,2.47000000,1
1531171792680,1531171792675,796424,0.00060490,6.01000000,0
1531171793113,1531171793108,796425,0.00060420,1.72000000,1
1531171798531,1531171798528,796426,0.00060410,4.65000000,1
1531171813357,1531171813356,796427,0.00060420,1.68000000,0
1531171813690,1531171813683,796428,0.00060420,1.25000000,0
1531171818915,1531171818910,796429,0.00060490,11.42000000,0
1531171839947,1531171839943,796430,0.00060490,5.00000000,0
1531171844684,1531171844679,796431,0.00060430,0.43000000,1
1531171844684,1531171844679,796432,0.00060410,0.19000000,1
1531171854312,1531171854307,796433,0.00060410,26.85000000,1
1531171865743,1531171865739,796434,0.00060490,2.00000000,0
1531171903307,1531171903305,796435,0.00060490,5.51000000,0
1531171941728,1531171941724,796436,0.00060410,0.45000000,1
1531171951693,1531171951689,796437,0.00060490,182.27000000,0
1531171954181,1531171954177,796438,0.00060790,4.19000000,0
1531171954200,1531171954196,796439,0.00060790,4.65000000,1
1531171954217,1531171954213,796440,0.00060790,9.16000000,1
1531171954521,1531171954516,796441,0.00060790,4.65000000,0
1531172179831,1531172179829,796442,0.00060910,1.68000000,0
1531172179831,1531172179829,796443,0.00060940,1.61000000,0
1531172184451,1531172184444,796444,0.00060940,0.07000000,0
1531172186660,1531172186655,796445,0.00061100,3.28000000,0
1531172256690,1531172256686,796446,0.00061100,1.72000000,0
1531172256690,1531172256686,796447,0.00061350,3.33000000,0
1531172256690,1531172256686,796448,0.00061420,56.49000000,0
1531172391707,1531172391702,796449,0.00061310,16.31000000,0
1531172445351,1531172445346,796450,0.00061230,3.22000000,0
1531172501111,1531172501108,796451,0.00061230,3.17000000,0
1531172564505,1531172564501,796452,0.00061050,0.13000000,1
1531172677713,1531172677709,796453,0.00061190,41.81000000,0
1531172677713,1531172677709,796454,0.00061200,10.27000000,0
1531172677713,1531172677709,796455,0.00061290,0.29000000,0
1531172754687,1531172754683,796456,0.00061290,12.73000000,0
1531172782894,1531172782890,796457,0.00061300,2.53000000,0
1531172782894,1531172782890,796458,0.00061330,7.95000000,0
1531172782894,1531172782890,796459,0.00061360,9.88000000,0
1531172782921,1531172782916,796460,0.00061400,24.66000000,1
1531172782937,1531172782934,796461,0.00061400,1.89000000,1
1531172794738,1531172794734,796462,0.00061420,6.58000000,0
1531172811418,1531172811414,796463,0.00061400,2.13000000,0
1531172811418,1531172811414,796464,0.00061440,17.48000000,0
1531172817958,1531172817954,796465,0.00061440,47.50000000,0
1531172817958,1531172817954,796466,0.00061520,14.73000000,0
1531172817958,1531172817954,796467,0.00061560,35.87000000,0
1531172842112,1531172842109,796468,0.00061600,5.00000000,0
1531172899740,1531172899736,796469,0.00061560,6.48000000,1
1531172919736,1531172919731,796470,0.00061600,0.79000000,0
1531172919736,1531172919731,796471,0.00061610,5.45000000,0
1531172919736,1531172919731,796472,0.00061730,9.99000000,0
1531172921209,1531172921204,796473,0.00061560,8.01000000,1
1531172926642,1531172926638,796474,0.00061730,2.93000000,0
1531172926642,1531172926638,796475,0.00061760,1.62000000,0
1531172926656,1531172926654,796476,0.00061800,3.00000000,1
1531172961355,1531172961352,796477,0.00061800,8.14000000,1
1531172973614,1531172973611,796478,0.00061820,14.58000000,0
1531173008763,1531173008760,796479,0.00061840,10.84000000,0
1531173010160,1531173010156,796480,0.00061920,15.14000000,0
1531173010160,1531173010156,796481,0.00061950,8.15000000,0
1531173010160,1531173010156,796482,0.00061960,12.88000000,0
1531173010160,1531173010156,796483,0.00061970,2.00000000,0
1531173010160,1531173010156,796484,0.00061980,2.00000000,0
1531173010160,1531173010156,796485,0.00062010,9.83000000,0
1531173024404,1531173024400,796486,0.00062010,1.63000000,0
1531173046412,1531173046408,796487,0.00061990,1.63000000,0
1531173050627,1531173050624,796488,0.00061850,12.36000000,1
1531173101068,1531173101065,796489,0.00061860,8.23000000,1
1531173101068,1531173101065,796490,0.00061850,52.16000000,1
1531173142555,1531173142551,796491,0.00061850,249.99000000,1
1531173142555,1531173142551,796492,0.00061820,268.65000000,1
1531173142555,1531173142551,796493,0.00061560,118.77000000,1
1531173142572,1531173142568,796494,0.00061560,58.15000000,0
1531173142572,1531173142568,796495,0.00061560,58.15000000,0
1531173142606,1531173142601,796496,0.00061550,1.63000000,1
1531173142606,1531173142601,796497,0.00061530,1.63000000,1
1531173142606,1531173142601,796498,0.00061430,15.00000000,1
1531173142606,1531173142601,796499,0.00061420,39.89000000,1
1531173142613,1531173142609,796500,0.00061560,58.15000000,0
1531173142618,1531173142615,796501,0.00061560,11.03000000,0
1531173142674,1531173142671,796502,0.00061560,75.11000000,0
1531173142920,1531173142916,796503,0.00061560,49.00000000,1
1531173142920,1531173142916,796504,0.00061420,2.03000000,1
1531173143047,1531173143044,796505,0.00061420,57.60000000,1
1531173158350,1531173158347,796506,0.00061420,32.94000000,1
1531173168374,1531173168371,796507,0.00061420,12.38000000,1
1531173182707,1531173182704,796508,0.00061420,45.60000000,1
1531173191871,1531173191867,796509,0.00061420,0.08000000,1
1531173242138,1531173242135,796510,0.00061960,1.63000000,0
1531173322879,1531173322875,796511,0.00061960,14.39000000,0
1531173322921,1531173322918,796512,0.00061960,11.04000000,1
1531173322978,1531173322976,796513,0.00061960,7.00000000,1
1531173323589,1531173323584,796514,0.00061960,10.00000000,1
1531173323955,1531173323953,796515,0.00061960,4.00000000,1
1531173325335,1531173325333,796516,0.00061960,18.00000000,1
1531173326629,1531173326625,796517,0.00061960,4.00000000,1
1531173330830,1531173330827,796518,0.00061960,4.00000000,1
1531173336504,1531173336502,796519,0.00061970,64.51000000,0
1531173337786,1531173337786,796520,0.00061970,3.96000000,1
1531173341512,1531173341509,796521,0.00061960,10.95000000,1
1531173509045,1531173509042,796522,0.00061930,3.27000000,0
1531173509323,1531173509321,796523,0.00061930,1.64000000,0
1531173529342,1531173529338,796524,0.00061930,3.26000000,0
1531173581073,1531173581069,796525,0.00061930,12.63000000,0
1531173581073,1531173581069,796526,0.00061960,62.49000000,0
1531173604168,1531173604166,796527,0.00062000,182.27000000,0
1531173604385,1531173604383,796528,0.00062000,70.73000000,1
1531173604699,1531173604696,796529,0.00062000,23.02000000,1
1531173605918,1531173605915,796530,0.00062010,3.22000000,0
1531173763859,1531173763848,796531,0.00061960,28.39000000,1
1531173855884,1531173855880,796532,0.00061950,1.64000000,0
1531173893394,1531173893390,796533,0.00061850,1.64000000,1
1531173893394,1531173893390,796534,0.00061790,0.58000000,1
1531173918435,1531173918431,796535,0.00061790,1.04000000,1
1531173918435,1531173918431,796536,0.00061740,12.92000000,1
1531173918435,1531173918431,796537,0.00061500,47.52000000,1
1531174103049,1531174103045,796538,0.00061620,18.81000000,1
1531174103049,1531174103045,796539,0.00061610,1.63000000,1
1531174103049,1531174103045,796540,0.00061490,12.97000000,1
1531174103049,1531174103045,796541,0.00061480,14.95000000,1
1531174113084,1531174113082,796542,0.00061650,11.04000000,0
1531174167643,1531174167640,796543,0.00061640,32.19000000,0
1531174338374,1531174338370,796544,0.00061480,108.09000000,1
1531174338374,1531174338370,796545,0.00061420,137.38000000,1
1531174338374,1531174338370,796546,0.00061410,9.78000000,1
1531174338374,1531174338370,796547,0.00061330,13.01000000,1
1531174338374,1531174338370,796548,0.00061290,285.37000000,1
1531174357549,1531174357545,796549,0.00061220,1.64000000,1
1531174357549,1531174357545,796550,0.00061020,2.93000000,1
1531174357549,1531174357545,796551,0.00060960,45.43000000,1
1531174358633,1531174358630,796552,0.00061280,2.36000000,0
1531174358749,1531174358747,796553,0.00061280,1.65000000,0
1531174364720,1531174364717,796554,0.00061270,11.11000000,0
1531174533297,1531174533294,796555,0.00061290,46.00000000,0
1531174577150,1531174577149,796556,0.00061120,2.20000000,1
1531174577173,1531174577171,796557,0.00061120,2.60000000,0
1531174577220,1531174577219,796558,0.00061120,2.60000000,0
1531174580661,1531174580658,796559,0.00061120,12.36000000,0
1531174621898,1531174621896,796560,0.00061120,5.00000000,0
1531174676239,1531174676236,796561,0.00061010,1.64000000,1
1531174676846,1531174676843,796562,0.00061010,16.94000000,0
1531174708314,1531174708312,796563,0.00061010,0.01000000,0
1531174719820,1531174719818,796564,0.00061110,2.45000000,0
1531174720638,1531174720636,796565,0.00061110,0.15000000,0
1531174720638,1531174720636,796566,0.00061120,8.12000000,0
1531174737416,1531174737413,796567,0.00061120,21.47000000,0
1531174737417,1531174737413,796568,0.00061120,28.94000000,0
1531174780890,1531174780888,796569,0.00061290,8.17000000,0
1531175044440,1531175044439,796570,0.00061290,3.30000000,0
1531175132227,1531175132226,796571,0.00061200,14.94000000,0
1531175140971,1531175140962,796572,0.00061120,67.77000000,1
1531175140971,1531175140962,796573,0.00061060,19.66000000,1
1531175140971,1531175140962,796574,0.00061010,8.34000000,1
1531175140971,1531175140962,796575,0.00060990,3.28000000,1
1531175140971,1531175140962,796576,0.00060970,13.13000000,1
1531175140971,1531175140962,796577,0.00060960,90.00000000,1
1531175140971,1531175140962,796578,0.00060900,21.68000000,1
1531175140971,1531175140962,796579,0.00060830,12.84000000,1
1531175140971,1531175140962,796580,0.00060810,15.30000000,1
1531175140971,1531175140962,796581,0.00060790,2.14000000,1
1531175140971,1531175140962,796582,0.00060780,1.65000000,1
1531175140971,1531175140962,796583,0.00060720,23.92000000,1
1531175140971,1531175140962,796584,0.00060700,10.64000000,1
1531175140971,1531175140962,796585,0.00060670,2.31000000,1
1531175140971,1531175140962,796586,0.00060650,13.20000000,1
1531175140971,1531175140962,796587,0.00060620,3.30000000,1
1531175140971,1531175140962,796588,0.00060580,16.48000000,1
1531175140971,1531175140962,796589,0.00060550,3.29000000,1
1531175140971,1531175140962,796590,0.00060500,5.00000000,1
1531175140971,1531175140962,796591,0.00060470,34.67000000,1
1531175140971,1531175140962,796592,0.00060460,1.98000000,1
1531175140971,1531175140962,796593,0.00060450,100.00000000,1
1531175140971,1531175140962,796594,0.00060410,17.97000000,1
1531175140971,1531175140962,796595,0.00060400,42.63000000,1
1531175140971,1531175140962,796596,0.00060370,5.08000000,1
1531175140971,1531175140962,796597,0.00060360,3.30000000,1
1531175140971,1531175140962,796598,0.00060350,113.65000000,1
1531175140971,1531175140962,796599,0.00060340,7.28000000,1
1531175140971,1531175140962,796600,0.00060330,2194.51000000,1
1531175141901,1531175141899,796601,0.00061010,3.30000000,1
1531175142075,1531175142074,796602,0.00061010,9.78000000,1
1531175142568,1531175142566,796603,0.00060890,24.89000000,0
1531175145684,1531175145683,796604,0.00060990,13.08000000,0
1531175193481,1531175193478,796605,0.00060780,7.14000000,1
1531175226075,1531175226073,796606,0.00060730,1.67000000,1
1531175236566,1531175236564,796607,0.00061000,41.25000000,0
1531175239877,1531175239875,796608,0.00060990,1.66000000,0
1531175244376,1531175244373,796609,0.00060990,5.48000000,0
1531175244376,1531175244373,796610,0.00061000,8.75000000,0
1531175244376,1531175244373,796611,0.00061040,16.76000000,0
1531175244376,1531175244373,796612,0.00061060,1.98000000,0
1531175244376,1531175244373,796613,0.00061070,5.03000000,0
1531175251253,1531175251250,796614,0.00061000,12.73000000,0
1531175302777,1531175302775,796615,0.00060700,5.08000000,1
1531175366634,1531175366632,796616,0.00060700,35.96000000,1
1531175499167,1531175499165,796617,0.00060800,62.60000000,1
1531175511705,1531175511704,796618,0.00060700,19.15000000,1
1531175581088,1531175581087,796619,0.00060800,10.00000000,0
1531175604186,1531175604185,796620,0.00060800,7.25000000,0
1531175604237,1531175604236,796621,0.00060800,7.25000000,0
1531175635752,1531175635751,796622,0.00060800,8.01000000,0
1531175703812,1531175703810,796623,0.00060710,50.23000000,1
1531175703812,1531175703810,796624,0.00060700,836.67000000,1
1531175715342,1531175715339,796625,0.00060700,533.77000000,1
1531175720298,1531175720296,796626,0.00060800,20.00000000,0
1531175723351,1531175723350,796627,0.00060800,2.00000000,0
1531175735390,1531175735388,796628,0.00060800,8.24000000,0
1531175747808,1531175747806,796629,0.00060800,0.01000000,0
1531175949282,1531175949281,796630,0.00060960,13.09000000,0
1531175949282,1531175949281,796631,0.00061080,3.31000000,0
1531175997265,1531175997262,796632,0.00060750,0.13000000,1
1531176007266,1531176007265,796633,0.00060700,0.13000000,1
1531176246149,1531176246146,796634,0.00060760,3.31000000,1
1531176484487,1531176484484,796635,0.00060710,4.12000000,1
1531176484487,1531176484484,796636,0.00060700,44.58000000,1
1531176556387,1531176556385,796637,0.00060700,315.74000000,1
1531176557235,1531176557233,796638,0.00060700,4.62000000,0
1531176558440,1531176558437,796639,0.00060700,1.67000000,0
1531176628221,1531176628220,796640,0.00060700,2.00000000,0
1531176641542,1531176641541,796641,0.00060550,1.66000000,1
1531176657362,1531176657359,796642,0.00060540,13.18000000,1
1531176657362,1531176657359,796643,0.00060500,26.41000000,1
1531176657362,1531176657359,796644,0.00060480,13.23000000,1
1531176657362,1531176657359,796645,0.00060350,13.82000000,1
1531176657362,1531176657359,796646,0.00060330,33.36000000,1
1531176701208,1531176701207,796647,0.00060680,1.67000000,0
1531176701605,1531176701603,796648,0.00060680,1.67000000,0
1531176742468,1531176742466,796649,0.00060620,2.00000000,0
1531176745874,1531176745872,796650,0.00060430,2.79000000,1
1531176745874,1531176745872,796651,0.00060390,10.00000000,1
1531176745874,1531176745872,796652,0.00060360,13.22000000,1
1531176753243,1531176753240,796653,0.00060470,3.00000000,0
1531176755182,1531176755181,796654,0.00060330,0.31000000,1
1531176759990,1531176759989,796655,0.00060360,16.96000000,0
1531176760249,1531176760246,796656,0.00060330,9.48000000,1
1531176760353,1531176760352,796657,0.00060330,30.00000000,1
1531176804318,1531176804317,796658,0.00060360,4.36000000,0
1531176810806,1531176810805,796659,0.00060500,6.29000000,0
1531176813951,1531176813949,796660,0.00060500,2.35000000,0
1531176931193,1531176931191,796661,0.00060500,2.00000000,0
1531177046683,1531177046682,796662,0.00060500,2.55000000,0
1531177066109,1531177066104,796663,0.00060680,5.68000000,1
1531177066109,1531177066104,796664,0.00060540,13.18000000,1
1531177066109,1531177066104,796665,0.00060360,0.61000000,1
1531177066109,1531177066104,796666,0.00060330,90.34000000,1
1531177066109,1531177066104,796667,0.00060310,1.66000000,1
1531177066109,1531177066104,796668,0.00060300,13.27000000,1
1531177066109,1531177066104,796669,0.00060270,16.11000000,1
1531177066109,1531177066104,796670,0.00060250,1.66000000,1
1531177066109,1531177066104,796671,0.00060230,30.85000000,1
1531177066109,1531177066104,796672,0.00060180,3.33000000,1
1531177066109,1531177066104,796673,0.00060150,16.06000000,1
1531177066109,1531177066104,796674,0.00060120,24.34000000,1
1531177066109,1531177066104,796675,0.00060110,13.31000000,1
1531177066109,1531177066104,796676,0.00060060,1.67000000,1
1531177066109,1531177066104,796677,0.00060020,1174.90000000,1
1531177066121,1531177066119,796678,0.00060090,10.49000000,0
1531177066230,1531177066229,796679,0.00060040,10.49000000,1
1531177102693,1531177102692,796680,0.00060600,13.16000000,0
1531177117333,1531177117330,796681,0.00060600,3.34000000,1
1531177156770,1531177156768,796682,0.00060400,4.39000000,1
1531177180916,1531177180915,796683,0.00060400,3.52000000,1
1531177230876,1531177230876,796684,0.00060560,2.00000000,0
1531177325008,1531177325007,796685,0.00060560,0.45000000,0
1531177347960,1531177347960,796686,0.00060700,2.00000000,0
1531177605127,1531177605126,796687,0.00060700,7.58000000,0
1531177617222,1531177617223,796688,0.00060700,4.07000000,0
1531177745141,1531177745142,796689,0.00060700,3.39000000,0
1531177745199,1531177745199,796690,0.00060700,11.04000000,1
1531177747025,1531177747026,796691,0.00060700,1.67000000,1
1531177873685,1531177873686,796692,0.00060690,1.12000000,0
1531177935404,1531177935406,796693,0.00060840,2.49000000,0
1531178026125,1531178026127,796694,0.00060840,0.74000000,0
1531178120034,1531178120036,796695,0.00060840,9.88000000,0
1531178120034,1531178120036,796696,0.00060970,3.34000000,0
1531178120034,1531178120036,796697,0.00061000,6.09000000,0
1531178186938,1531178186941,796698,0.00060690,11.00000000,1
1531178186938,1531178186941,796699,0.00060680,13.15000000,1
1531178186938,1531178186941,796700,0.00060650,1.84000000,1
1531178728893,1531178728897,796701,0.00060850,13.11000000,0
1531178728893,1531178728897,796702,0.00060970,38.48000000,0
1531178762816,1531178762821,796703,0.00060970,0.27000000,0
1531178796091,1531178796095,796704,0.00060970,13.62000000,0
1531178796091,1531178796095,796705,0.00061000,0.94000000,0
1531178796091,1531178796095,796706,0.00061010,4.12000000,0
1531178796091,1531178796095,796707,0.00061080,13.17000000,0
1531178796091,1531178796095,796708,0.00061170,1.67000000,0
1531178796091,1531178796095,796709,0.00061190,2.00000000,0
1531178796091,1531178796095,796710,0.00061310,117.35000000,0
1531178886083,1531178886088,796711,0.00060830,11.15000000,1
1531178886083,1531178886088,796712,0.00060820,8.85000000,1
1531178950176,1531178950180,796713,0.00060820,4.27000000,1
1531178950176,1531178950180,796714,0.00060410,4.13000000,1
1531178950176,1531178950180,796715,0.00060400,5.19000000,1
1531178950176,1531178950180,796716,0.00060380,4.98000000,1
1531178950176,1531178950180,796717,0.00060360,2.31000000,1
1531178950176,1531178950180,796718,0.00060240,7.12000000,1
1531179032763,1531179032769,796719,0.00060310,20.00000000,1
1531179048438,1531179048444,796720,0.00060920,1.66000000,0
1531179048935,1531179048940,796721,0.00060920,1.66000000,0
1531179052926,1531179052931,796722,0.00060880,0.85000000,0
1531179091907,1531179091912,796723,0.00060530,13.18000000,1
1531179091907,1531179091912,796724,0.00060470,1.66000000,1
1531179091907,1531179091912,796725,0.00060250,34.99000000,1
1531179151846,1531179151853,796726,0.00060400,3.39000000,0
1531179191373,1531179191378,796727,0.00060380,4.96000000,0
1531179205061,1531179205067,796728,0.00060380,6.81000000,0
1531179213701,1531179213707,796729,0.00060380,1.99000000,0
1531179303860,1531179303865,796730,0.00060370,1.06000000,0
1531179307206,1531179307211,796731,0.00060410,0.01000000,0
1531179337468,1531179337471,796732,0.00060250,3.89000000,1
1531179337468,1531179337471,796733,0.00060240,3.56000000,1
1531179337468,1531179337471,796734,0.00060190,8.83000000,1
1531179337468,1531179337471,796735,0.00060050,1.67000000,1
1531179337468,1531179337471,796736,0.00060040,42.01000000,1
1531179337468,1531179337471,796737,0.00060030,75.47000000,1
1531179338133,1531179338137,796738,0.00060100,0.57000000,0
1531179338146,1531179338149,796739,0.00060100,8.75000000,0
1531179343607,1531179343611,796740,0.00060100,0.01000000,0
1531179433132,1531179433137,796741,0.00060410,1.04000000,0
1531179435791,1531179435798,796742,0.00060410,0.01000000,0
1531179493005,1531179493012,796743,0.00060410,3.92000000,0
1531179630272,1531179630277,796744,0.00060540,0.29000000,0
1531179644007,1531179644013,796745,0.00060490,2.00000000,0
1531179651383,1531179651388,796746,0.00060410,18.94000000,1
1531179782456,1531179782463,796747,0.00060470,13.73000000,0
1531179923005,1531179922999,796748,0.00060410,19.90000000,1
1531179980842,1531179980849,796749,0.00060160,12.18000000,1
1531180137821,1531180137827,796750,0.00060340,9.91000000,0
1531180240963,1531180240968,796751,0.00060430,2.00000000,0
1531180382697,1531180382704,796752,0.00060390,17.09000000,0
1531180491605,1531180491612,796753,0.00060230,10.31000000,1
1531180491605,1531180491612,796754,0.00060170,66.09000000,1
1531180584068,1531180584076,796755,0.00060160,12.32000000,1
1531180584068,1531180584076,796756,0.00060130,12.53000000,1
1531180600135,1531180600142,796757,0.00060390,16.55000000,0
1531180609876,1531180609883,796758,0.00060390,4.96000000,0
1531180771219,1531180771227,796759,0.00060150,0.08000000,1
1531180819288,1531180819295,796760,0.00060390,7.09000000,0
1531180982980,1531180982986,796761,0.00060130,15.71000000,1
1531180993495,1531180993498,796762,0.00060130,676.14000000,1
1531180993495,1531180993498,796763,0.00060120,112.86000000,1
1531181033014,1531181033020,796764,0.00060380,4.96000000,0
1531181155188,1531181155193,796765,0.00060130,73.66000000,1
1531181343402,1531181343407,796766,0.00060130,23.37000000,1
1531181343696,1531181343701,796767,0.00060130,280.01000000,1
1531181438120,1531181438123,796768,0.00060130,863.45000000,0
1531181513844,1531181513848,796769,0.00060280,8.74000000,0
1531181568106,1531181568107,796770,0.00060280,4.49000000,0
1531181568106,1531181568107,796771,0.00060530,11.76000000,0
1531181578749,1531181578752,796772,0.00060170,0.08000000,1
1531181740120,1531181740124,796773,0.00060170,272.43000000,1
1531181740120,1531181740124,796774,0.00060120,488.10000000,1
1531181740120,1531181740124,796775,0.00060100,127.47000000,1
1531181754591,1531181754593,796776,0.00060100,28.39000000,1
1531181790604,1531181790606,796777,0.00060460,10.31000000,0
1531181790604,1531181790606,796778,0.00060470,6.22000000,0
1531181820572,1531181820575,796779,0.00060470,6.97000000,0
1531181864917,1531181864920,796780,0.00060100,7.15000000,1
1531182627584,1531182627586,796781,0.00060280,0.06000000,0
1531182751249,1531182751251,796782,0.00060280,13.00000000,0
1531182837184,1531182837186,796783,0.00060110,49.08000000,1
1531182837184,1531182837186,796784,0.00060100,832.92000000,1
1531182879608,1531182879609,796785,0.00060270,16.59000000,0
1531182892445,1531182892447,796786,0.00060270,0.02000000,0
1531183081350,1531183081350,796787,0.00060110,0.23000000,1
1531183088937,1531183088937,796788,0.00060110,19.89000000,1
1531183088937,1531183088937,796789,0.00060100,667.96000000,1
1531183088937,1531183088937,796790,0.00060030,768.45000000,1
1531183088937,1531183088937,796791,0.00060010,6.00000000,1
1531183088937,1531183088937,796792,0.00060000,104.90000000,1
1531183088959,1531183088959,796793,0.00060000,17.04000000,0
1531183088965,1531183088967,796794,0.00060000,17.00000000,0
1531183088972,1531183088971,796795,0.00060000,17.00000000,0
1531183088996,1531183088996,796796,0.00060000,17.00000000,0
1531183089010,1531183089011,796797,0.00060000,17.00000000,0
1531183089085,1531183089086,796798,0.00059980,13.30000000,1
1531183089085,1531183089086,796799,0.00059920,3.70000000,1
1531183089111,1531183089111,796800,0.00060000,17.32000000,0
1531183090947,1531183090948,796801,0.00059920,9.66000000,1
1531183108421,1531183108420,796802,0.00059850,1.68000000,1
1531183108421,1531183108420,796803,0.00059810,23.19000000,1
1531183108421,1531183108420,796804,0.00059810,6.87000000,1
1531183109305,1531183109306,796805,0.00059800,1.28000000,0
1531183111394,1531183111394,796806,0.00059780,4.13000000,1
1531183115515,1531183115515,796807,0.00059800,0.78000000,0
1531183126999,1531183126999,796808,0.00059790,32.46000000,0
1531183127877,1531183127876,796809,0.00059780,0.20000000,1
1531183127877,1531183127876,796810,0.00059740,3.14000000,1
1531183127879,1531183127876,796811,0.00059740,38.14000000,1
1531183127879,1531183127876,796812,0.00059720,13.40000000,1
1531183127879,1531183127876,796813,0.00059650,3.36000000,1
1531183127879,1531183127876,796814,0.00059640,15.06000000,1
1531183127879,1531183127876,796815,0.00059620,2.84000000,1
1531183127879,1531183127876,796816,0.00059600,2.84000000,1
1531183127893,1531183127892,796817,0.00059600,14.36000000,0
1531183127905,1531183127906,796818,0.00059700,7.08000000,0
1531183131021,1531183131021,796819,0.00059740,1.07000000,1
1531183133811,1531183133811,796820,0.00059670,17.87000000,0
1531183134585,1531183134586,796821,0.00059550,9.68000000,0
1531183147826,1531183147827,796822,0.00059530,1.70000000,1
1531183161431,1531183161430,796823,0.00059530,0.01000000,1
1531183162834,1531183162835,796824,0.00059520,0.01000000,1
1531183171567,1531183171567,796825,0.00059520,8.17000000,1
1531183189464,1531183189463,796826,0.00059520,30.00000000,1
1531183234878,1531183234878,796827,0.00059530,10.87000000,1
1531183234878,1531183234878,796828,0.00059520,174.36000000,1
1531183243082,1531183243082,796829,0.00059750,1.46000000,0
1531183268328,1531183268329,796830,0.00059520,265.87000000,1
1531183268696,1531183268698,796831,0.00059520,100.00000000,0
1531183271307,1531183271307,796832,0.00059520,13.43000000,0
1531183271327,1531183271326,796833,0.00059520,13.41000000,0
1531183273064,1531183273065,796834,0.00059520,50.00000000,0
1531183276589,1531183276590,796835,0.00059520,0.61000000,0
1531183281493,1531183281492,796836,0.00059520,28.58000000,0
1531183365378,1531183365377,796837,0.00059510,13.45000000,1
1531183365378,1531183365377,796838,0.00059500,1.69000000,1
1531183365378,1531183365377,796839,0.00059480,1.69000000,1
1531183365378,1531183365377,796840,0.00059430,1.69000000,1
1531183365378,1531183365377,796841,0.00059290,13.50000000,1
1531183365378,1531183365377,796842,0.00059200,1.69000000,1
1531183365378,1531183365377,796843,0.00059160,6.86000000,1
1531183365378,1531183365377,796844,0.00059060,11.89000000,1
1531183368058,1531183368056,796845,0.00059790,0.05000000,0
1531183368615,1531183368614,796846,0.00059320,0.05000000,1
1531183385043,1531183385043,796847,0.00059410,7.29000000,1
1531183388952,1531183388951,796848,0.00059790,10.82000000,0
1531183388952,1531183388951,796849,0.00059800,22.96000000,0
1531183430427,1531183430427,796850,0.00059530,3.57000000,1
1531183433688,1531183433688,796851,0.00059790,3.57000000,0
1531183433688,1531183433688,796852,0.00059800,18.77000000,0
1531183726169,1531183726168,796853,0.00059520,10.67000000,1
1531183726169,1531183726168,796854,0.00059450,112.22000000,1
1531183930570,1531183930569,796855,0.00059790,0.11000000,0
1531184308613,1531184308612,796856,0.00059790,8.43000000,0
1531184518425,1531184518421,796857,0.00059790,15.05000000,0
1531184874770,1531184874765,796858,0.00059790,40.00000000,0
1531184937352,1531184937348,796859,0.00059790,0.08000000,0
1531185020060,1531185020055,796860,0.00059790,15.05000000,0
1531185349789,1531185349784,796861,0.00059790,10.00000000,0
1531185480341,1531185480335,796862,0.00059750,20.00000000,0
1531185509876,1531185509872,796863,0.00059750,0.02000000,0
1531185533779,1531185533774,796864,0.00059510,33.86000000,1
1531185534737,1531185534733,796865,0.00059500,33.86000000,1
1531185536108,1531185536104,796866,0.00059500,22.48000000,1
1531185647911,1531185647905,796867,0.00059500,1.66000000,1
1531185877265,1531185877261,796868,0.00059510,0.26000000,0
1531185922067,1531185922061,796869,0.00059500,5.88000000,1
1531185941535,1531185941529,796870,0.00059510,0.03000000,0
1531186080987,1531186080982,796871,0.00059510,5.98000000,0
1531186235624,1531186235619,796872,0.00059510,0.01000000,0
1531186248196,1531186248190,796873,0.00059510,0.38000000,0
1531186384863,1531186384857,796874,0.00059500,65.56000000,1
1531186418138,1531186418133,796875,0.00059490,128.99000000,1
1531186592022,1531186592016,796876,0.00059500,2.00000000,0
1531186757318,1531186757313,796877,0.00059500,2.18000000,0
1531186765364,1531186765357,796878,0.00059500,170.02000000,0
1531187087615,1531187087611,796879,0.00059510,10.68000000,0
1531187088343,1531187088338,796880,0.00059510,8.49000000,0
1531187306111,1531187306105,796881,0.00059510,2.51000000,1
1531187576285,1531187576281,796882,0.00059650,13.37000000,0
1531187734561,1531187734555,796883,0.00059790,4.00000000,0
1531187757878,1531187757873,796884,0.00059790,2.50000000,0
1531187817386,1531187817381,796885,0.00059790,11.04000000,0
1531187836430,1531187836425,796886,0.00059800,2.55000000,0
1531187897148,1531187897145,796887,0.00059870,5.19000000,0
1531187923457,1531187923453,796888,0.00059900,4.75000000,0
1531188045330,1531188045326,796889,0.00059730,23.19000000,1
1531188097577,1531188097573,796890,0.00059740,13.35000000,0
1531188134231,1531188134227,796891,0.00059720,11.41000000,0
1531188351878,1531188351874,796892,0.00059780,4.59000000,0
1531188525616,1531188525612,796893,0.00059600,0.05000000,1
1531188567229,1531188567227,796894,0.00059600,4.30000000,1
1531188633499,1531188633496,796895,0.00059730,7.29000000,0
1531188633499,1531188633496,796896,0.00059860,2.53000000,0
1531188778813,1531188778810,796897,0.00059830,13.35000000,0
1531188912956,1531188912955,796898,0.00059820,16.71000000,0
1531188952117,1531188952113,796899,0.00059630,10.98000000,1
1531188952117,1531188952113,796900,0.00059600,22.99000000,1
1531188952117,1531188952113,796901,0.00059570,6.05000000,1
1531189153160,1531189153157,796902,0.00059570,10.69000000,1
1531189494994,1531189494992,796903,0.00059500,0.03000000,1
1531189551699,1531189551696,796904,0.00059500,0.34000000,1
1531189668000,1531189667997,796905,0.00059500,48.71000000,1
1531189860760,1531189860758,796906,0.00059490,0.36000000,1
1531189864406,1531189864404,796907,0.00059490,39.95000000,1
1531189927582,1531189927578,796908,0.00059500,0.01000000,0
1531190052524,1531190052522,796909,0.00059490,121.35000000,1
1531190059624,1531190059618,796910,0.00059490,495.79000000,1
1531190059624,1531190059618,796911,0.00059440,67.30000000,1
1531190059624,1531190059618,796912,0.00059390,13.43000000,1
1531190059624,1531190059618,796913,0.00059290,5.19000000,1
1531190059624,1531190059618,796914,0.00059200,1.69000000,1
1531190059624,1531190059618,796915,0.00059060,13.55000000,1
1531190059624,1531190059618,796916,0.00059010,8.18000000,1
1531190059624,1531190059618,796917,0.00059000,148.95000000,1
1531190059624,1531190059618,796918,0.00058960,1.70000000,1
1531190059639,1531190059636,796919,0.00058960,21.93000000,0
1531190059639,1531190059637,796920,0.00058960,105.65000000,0
1531190059649,1531190059646,796921,0.00058960,1.71000000,0
1531190059657,1531190059653,796922,0.00058960,16.96000000,0
1531190059682,1531190059679,796923,0.00058920,30.50000000,1
1531190059690,1531190059685,796924,0.00058900,3.00000000,1
1531190059690,1531190059685,796925,0.00058850,3.36000000,1
1531190059690,1531190059685,796926,0.00058830,13.60000000,1
1531190059690,1531190059685,796927,0.00058810,1.71000000,1
1531190059690,1531190059685,796928,0.00058740,4.24000000,1
1531190059690,1531190059685,796929,0.00058720,33.68000000,1
1531190059935,1531190059932,796930,0.00058840,80.11000000,1
1531190060422,1531190060420,796931,0.00058960,51.90000000,0
1531190060668,1531190060665,796932,0.00058920,4.24000000,0
1531190060668,1531190060665,796933,0.00058960,46.07000000,0
1531190060990,1531190060988,796934,0.00058990,0.28000000,0
1531190061007,1531190061003,796935,0.00058990,13.24000000,0
1531190061714,1531190061712,796936,0.00058840,2.31000000,0
1531190062270,1531190062267,796937,0.00058790,7.94000000,1
1531190062584,1531190062581,796938,0.00058960,15.89000000,1
1531190063204,1531190063201,796939,0.00058960,7.94000000,1
1531190067395,1531190067393,796940,0.00058960,4.80000000,1
1531190079293,1531190079290,796941,0.00058970,0.65000000,0
1531190085679,1531190085675,796942,0.00058960,21.37000000,1
1531190085679,1531190085675,796943,0.00058900,16.63000000,1
1531190091770,1531190091766,796944,0.00058900,0.01000000,1
1531190094183,1531190094178,796945,0.00058970,2.71000000,0
1531190094183,1531190094178,796946,0.00059080,13.50000000,0
1531190094183,1531190094178,796947,0.00059490,21.88000000,0
1531190106645,1531190106642,796948,0.00058950,11.15000000,1
1531190106645,1531190106642,796949,0.00058900,49.04000000,1
1531190127515,1531190127511,796950,0.00059090,8.68000000,1
1531190137618,1531190137616,796951,0.00059080,1.71000000,1
1531190192420,1531190192417,796952,0.00059080,8.92000000,1
1531190296192,1531190296188,796953,0.00059270,11.15000000,0
1531190296192,1531190296188,796954,0.00059280,13.46000000,0
1531190296192,1531190296188,796955,0.00059470,43.40000000,0
1531190304506,1531190304504,796956,0.00059080,22.04000000,1
1531190325153,1531190325151,796957,0.00059080,170.02000000,1
1531190350454,1531190350450,796958,0.00059080,377.04000000,1
1531190504559,1531190504554,796959,0.00059130,13.49000000,1
1531190504559,1531190504554,796960,0.00059080,636.48000000,1
1531190504559,1531190504554,796961,0.00058900,70.15000000,1
1531190504559,1531190504554,796962,0.00058890,1.70000000,1
1531190504559,1531190504554,796963,0.00058640,4.25000000,1
1531190504559,1531190504554,796964,0.00058580,772.93000000,1
1531190507969,1531190507966,796965,0.00058600,13.61000000,1
1531190507969,1531190507966,796966,0.00058590,21.29000000,1
1531190528752,1531190528749,796967,0.00058820,12.57000000,0
1531190569978,1531190569969,796968,0.00058580,25.61000000,1
1531190569978,1531190569969,796969,0.00058570,173.59000000,1
1531190569978,1531190569969,796970,0.00058560,1.71000000,1
1531190569978,1531190569969,796971,0.00058500,85.80000000,1
1531190569978,1531190569969,796972,0.00058490,3.76000000,1
1531190569978,1531190569969,796973,0.00058470,166.25000000,1
1531190569978,1531190569969,796974,0.00058460,1.72000000,1
1531190569978,1531190569969,796975,0.00058380,10.30000000,1
1531190569978,1531190569969,796976,0.00058370,1.72000000,1
1531190569978,1531190569969,796977,0.00058330,13.72000000,1
1531190569978,1531190569969,796978,0.00058260,10.32000000,1
1531190569978,1531190569969,796979,0.00058250,3.44000000,1
1531190569978,1531190569969,796980,0.00058220,7.01000000,1
1531190569978,1531190569969,796981,0.00058200,1.72000000,1
1531190569978,1531190569969,796982,0.00058180,3.40000000,1
1531190569978,1531190569969,796983,0.00058100,277.43000000,1
1531190569978,1531190569969,796984,0.00058070,13.78000000,1
1531190569978,1531190569969,796985,0.00058020,33.37000000,1
1531190569978,1531190569969,796986,0.00058010,2.16000000,1
1531190569978,1531190569969,796987,0.00058000,389.04000000,1
1531190569978,1531190569969,796988,0.00057920,1.73000000,1
1531190569978,1531190569969,796989,0.00057900,2.32000000,1
1531190569979,1531190569969,796990,0.00057900,25.55000000,1
1531190569990,1531190569986,796991,0.00058000,155.02000000,0
1531190570055,1531190570052,796992,0.00058230,60.19000000,1
1531190571348,1531190571345,796993,0.00058470,3.40000000,0
1531190571348,1531190571345,796994,0.00058730,6.90000000,0
1531190572042,1531190572040,796995,0.00058230,5.91000000,1
1531190572714,1531190572711,796996,0.00058730,0.95000000,0
1531190574244,1531190574241,796997,0.00058230,0.12000000,1
1531190578208,1531190578205,796998,0.00058730,2.45000000,0
1531190578208,1531190578205,796999,0.00058910,10.32000000,0
1531190578208,1531190578205,797000,0.00059300,0.50000000,0
1531190580326,1531190580324,797001,0.00058450,2.04000000,0
1531190580326,1531190580324,797002,0.00058900,1.38000000,0
1531190580714,1531190580710,797003,0.00058900,10.48000000,0
1531190580767,1531190580766,797004,0.00059200,0.52000000,1
1531190580767,1531190580766,797005,0.00058920,10.48000000,1
1531190587703,1531190587701,797006,0.00058460,24.40000000,1
1531190593710,1531190593707,797007,0.00058470,24.40000000,1
1531190599530,1531190599526,797008,0.00058470,0.01000000,1
1531190606063,1531190606062,797009,0.00058490,4.27000000,1
1531190606063,1531190606062,797010,0.00058480,11.96000000,1
1531190611081,1531190611077,797011,0.00058480,20.12000000,1
1531190622724,1531190622721,797012,0.00058480,3.63000000,1
1531190629718,1531190629714,797013,0.00058760,50.00000000,0
1531190642667,1531190642666,797014,0.00058530,1.73000000,1
1531190650510,1531190650508,797015,0.00058700,6.68000000,0
1531190652201,1531190652198,797016,0.00058690,4.72000000,0
1531190652201,1531190652198,797017,0.00058700,3.97000000,0
1531190655199,1531190655196,797018,0.00058700,24.45000000,0
1531190655199,1531190655196,797019,0.00058750,25.55000000,0
1531190656027,1531190656025,797020,0.00058690,4.43000000,0
1531190660536,1531190660533,797021,0.00058630,2.25000000,0
1531190765109,1531190765107,797022,0.00058750,16.46000000,0
1531190765109,1531190765107,797023,0.00058760,0.56000000,0
1531190932895,1531190932892,797024,0.00058760,0.08000000,0
1531190950211,1531190950209,797025,0.00058730,8.75000000,1
1531190962995,1531190962993,797026,0.00058730,76.38000000,1
1531190990186,1531190990183,797027,0.00058720,5.73000000,0
1531191030651,1531191030650,797028,0.00058720,2.47000000,0
1531191033675,1531191033675,797029,0.00058720,0.01000000,0
1531191047057,1531191047053,797030,0.00058700,0.53000000,0
1531191114971,1531191114969,797031,0.00058460,9.88000000,1
1531191119330,1531191119326,797032,0.00058460,4.23000000,0
1531191186839,1531191186834,797033,0.00058450,11.00000000,1
1531191187622,1531191187618,797034,0.00058450,28.63000000,0
1531191315862,1531191315858,797035,0.00058600,13.61000000,0
1531191315862,1531191315858,797036,0.00058690,3.45000000,0
1531191370392,1531191370390,797037,0.00058310,13.68000000,1
1531191370392,1531191370390,797038,0.00058220,1.69000000,1
1531191414743,1531191414739,797039,0.00058220,46.16000000,1
1531191418643,1531191418638,797040,0.00058140,13.72000000,1
1531191418643,1531191418638,797041,0.00058030,95.73000000,1
1531191421865,1531191421862,797042,0.00058000,63.00000000,1
1531191424212,1531191424206,797043,0.00058310,3.75000000,0
1531191429645,1531191429642,797044,0.00058350,13.67000000,0
1531191439597,1531191439594,797045,0.00058120,95.54000000,1
1531191478171,1531191478167,797046,0.00058190,13.71000000,1
1531191478658,1531191478654,797047,0.00058300,7.25000000,0
1531191480569,1531191480568,797048,0.00058300,1.01000000,0
1531191501404,1531191501402,797049,0.00058030,162.39000000,1
1531191501404,1531191501402,797050,0.00058010,13.75000000,1
1531191501470,1531191501445,797051,0.00058000,3.57000000,0
1531191501493,1531191501490,797052,0.00058000,5.01000000,0
1531191501523,1531191501520,797053,0.00058000,4.31000000,0
1531191503553,1531191503549,797054,0.00057990,1.97000000,0
1531191510335,1531191510332,797055,0.00057920,95.54000000,0
1531191510375,1531191510370,797056,0.00057860,1.73000000,1
1531191510375,1531191510370,797057,0.00057820,12.14000000,1
1531191510375,1531191510370,797058,0.00057790,46.73000000,1
1531191511423,1531191511421,797059,0.00057910,6.43000000,0
1531191511423,1531191511421,797060,0.00057930,59.36000000,0
1531191546607,1531191546596,797061,0.00057790,1.73000000,1
1531191546607,1531191546596,797062,0.00057710,3.81000000,1
1531191546607,1531191546596,797063,0.00057690,3.81000000,1
1531191546607,1531191546596,797064,0.00057650,10.44000000,1
1531191546607,1531191546596,797065,0.00057640,1.74000000,1
1531191546607,1531191546596,797066,0.00057600,143.23000000,1
1531191546607,1531191546596,797067,0.00057500,31.02000000,1
1531191546607,1531191546596,797068,0.00057480,1.74000000,1
1531191546607,1531191546596,797069,0.00057360,38.29000000,1
1531191546607,1531191546596,797070,0.00057340,1.75000000,1
1531191546607,1531191546596,797071,0.00057300,261.78000000,1
1531191546607,1531191546596,797072,0.00057290,3.45000000,1
1531191546607,1531191546596,797073,0.00057240,8.64000000,1
1531191546607,1531191546596,797074,0.00057220,3.80000000,1
1531191546607,1531191546596,797075,0.00057210,13.99000000,1
1531191546607,1531191546596,797076,0.00057190,5.72000000,1
1531191546607,1531191546596,797077,0.00057150,1.76000000,1
1531191546607,1531191546596,797078,0.00057100,151.95000000,1
1531191546607,1531191546596,797079,0.00057070,32.89000000,1
1531191546607,1531191546596,797080,0.00057060,152.71000000,1
1531191546607,1531191546596,797081,0.00057040,25.75000000,1
1531191548263,1531191548259,797082,0.00057520,0.37000000,0
1531191549785,1531191549781,797083,0.00057520,44.21000000,0
1531191553660,1531191553656,797084,0.00057410,3.49000000,0
1531191554770,1531191554766,797085,0.00057410,5.15000000,0
1531191555760,1531191555755,797086,0.00057410,5.85000000,1
1531191555760,1531191555755,797087,0.00057350,30.04000000,1
1531191555760,1531191555755,797088,0.00057220,2.20000000,1
1531191564043,1531191564040,797089,0.00057360,1.08000000,0
1531191564087,1531191564084,797090,0.00057360,0.44000000,0
1531191564164,1531191564161,797091,0.00057360,1.32000000,0
1531191566847,1531191566844,797092,0.00057360,2.40000000,0
1531191567679,1531191567676,797093,0.00057360,8.89000000,0
1531191571218,1531191571217,797094,0.00057230,1.77000000,1
1531191580863,1531191580861,797095,0.00057320,1.79000000,0
1531191583170,1531191583166,797096,0.00057270,3.48000000,1
1531191583195,1531191583190,797097,0.00057270,4.83000000,0
1531191583227,1531191583224,797098,0.00057270,4.83000000,0
1531191586584,1531191586583,797099,0.00057250,1.77000000,0
1531191586584,1531191586583,797100,0.00057260,22.90000000,0
1531191586701,1531191586697,797101,0.00057230,16.59000000,1
1531191589653,1531191589650,797102,0.00057260,1.77000000,0
1531191590695,1531191590691,797103,0.00057270,16.39000000,0
1531191604343,1531191604340,797104,0.00057270,0.01000000,0
1531191604343,1531191604340,797105,0.00057360,1.09000000,0
1531191604401,1531191604398,797106,0.00057360,13.36000000,0
1531191604401,1531191604398,797107,0.00057400,3.45000000,0
1531191604452,1531191604450,797108,0.00057400,11.05000000,1
1531191606386,1531191606382,797109,0.00057400,4.83000000,1
1531191607760,1531191607755,797110,0.00057400,25.75000000,1
1531191615977,1531191615973,797111,0.00057400,91.20000000,1
1531191617204,1531191617201,797112,0.00057400,34.98000000,1
1531191624110,1531191624106,797113,0.00057400,0.01000000,1
1531191628145,1531191628142,797114,0.00057400,2.09000000,1
1531191633833,1531191633828,797115,0.00057400,3.70000000,1
1531191649240,1531191649236,797116,0.00057410,5.82000000,1
1531191649240,1531191649236,797117,0.00057400,8.30000000,1
1531191658028,1531191658024,797118,0.00057400,14.12000000,1
1531191666511,1531191666509,797119,0.00057400,3.65000000,1
1531191674049,1531191674046,797120,0.00057700,5.82000000,0
1531191674140,1531191674138,797121,0.00057290,3.41000000,1
1531191708875,1531191708870,797122,0.00057380,2.30000000,1
1531191708875,1531191708870,797123,0.00057360,6.78000000,1
1531191708875,1531191708870,797124,0.00057290,3.52000000,1
1531191708875,1531191708870,797125,0.00057230,10.40000000,1
1531191708875,1531191708870,797126,0.00057220,27.13000000,1
1531191736576,1531191736573,797127,0.00057430,3.13000000,0
1531191736600,1531191736597,797128,0.00057430,1.65000000,0
1531191736600,1531191736597,797129,0.00057440,5.58000000,0
1531191736600,1531191736597,797130,0.00057520,3.81000000,0
1531191736619,1531191736616,797131,0.00057520,3.11000000,0
1531191736655,1531191736652,797132,0.00057520,3.11000000,0
1531191736657,1531191736654,797133,0.00057520,3.11000000,0
1531191736671,1531191736667,797134,0.00057520,3.11000000,0
1531191762748,1531191762743,797135,0.00057390,4.65000000,1
1531191778181,1531191778178,797136,0.00057390,20.81000000,1
1531191780547,1531191780542,797137,0.00057220,102.65000000,1
1531191782675,1531191782673,797138,0.00057100,3.22000000,1
1531191793029,1531191793027,797139,0.00057440,3.22000000,0
1531191793029,1531191793027,797140,0.00057570,3.11000000,0
1531191805769,1531191805766,797141,0.00057110,10.84000000,1
1531191808940,1531191808937,797142,0.00057100,54.58000000,1
1531191852945,1531191852941,797143,0.00057100,44.66000000,0
1531191853405,1531191853401,797144,0.00057100,1.29000000,0
1531191903902,1531191903898,797145,0.00057100,4.05000000,0
1531191915067,1531191915064,797146,0.00057100,2.95000000,1
1531191920018,1531191920014,797147,0.00057080,1.76000000,1
1531191920018,1531191920014,797148,0.00057030,1.76000000,1
1531191920018,1531191920014,797149,0.00057020,2.80000000,1
1531191920018,1531191920014,797150,0.00057010,2.27000000,1
1531191920018,1531191920014,797151,0.00057000,175.73000000,1
1531191974022,1531191974018,797152,0.00057220,3.06000000,0
1531192070499,1531192070495,797153,0.00057210,10.47000000,0
1531192070499,1531192070495,797154,0.00057220,294.31000000,0
1531192208132,1531192208127,797155,0.00057250,10.42000000,1
1531192228849,1531192228846,797156,0.00057250,10.42000000,1
1531192240319,1531192240300,797157,0.00057310,0.33000000,0
1531192247087,1531192247084,797158,0.00057250,10.42000000,1
1531192259232,1531192259229,797159,0.00057250,10.42000000,1
1531192263501,1531192263497,797160,0.00057250,255.34000000,1
1531192271692,1531192271688,797161,0.00057250,6.40000000,1
1531192278901,1531192278897,797162,0.00057250,10.42000000,1
1531192286514,1531192286509,797163,0.00057310,10.51000000,0
1531192286514,1531192286509,797164,0.00057320,18.70000000,0
1531192286514,1531192286509,797165,0.00057430,13.89000000,0
1531192286514,1531192286509,797166,0.00057570,26.93000000,0
1531192286514,1531192286509,797167,0.00057620,48.97000000,0
1531192293032,1531192293027,797168,0.00057580,52.00000000,0
1531192299677,1531192299674,797169,0.00057580,102.87000000,0
1531192337157,1531192337154,797170,0.00057290,9.20000000,1
1531192356406,1531192356402,797171,0.00057320,7.20000000,1
1531192377417,1531192377415,797172,0.00057330,6.64000000,1
1531192473830,1531192473827,797173,0.00057340,47.53000000,1
1531192492383,1531192492378,797174,0.00057340,25.55000000,1
1531192500765,1531192500761,797175,0.00057600,17.36000000,0
1531192529420,1531192529416,797176,0.00057600,2.31000000,0
1531192529713,1531192529708,797177,0.00057600,76.46000000,0
1531192550122,1531192550120,797178,0.00057620,15.61000000,0
1531192560609,1531192560604,797179,0.00057600,58.91000000,1
1531192580133,1531192580128,797180,0.00057600,20.00000000,1
1531192593998,1531192593992,797181,0.00057600,10.40000000,1
1531192594258,1531192594253,797182,0.00057600,9.93000000,1
1531192598907,1531192598903,797183,0.00057600,20.00000000,1
1531192632615,1531192632610,797184,0.00057600,254.30000000,1
1531192633769,1531192633763,797185,0.00057470,2.28000000,1
1531192647055,1531192647048,797186,0.00057470,11.60000000,1
1531192647055,1531192647048,797187,0.00057340,55.59000000,1
1531192647055,1531192647048,797188,0.00057310,47.12000000,1
1531192647055,1531192647048,797189,0.00057220,28.52000000,1
1531192647055,1531192647048,797190,0.00057050,1.92000000,1
1531192647055,1531192647048,797191,0.00057010,2.62000000,1
1531192647055,1531192647048,797192,0.00057000,10.62000000,1
1531192647055,1531192647048,797193,0.00056910,3.50000000,1
1531192647055,1531192647048,797194,0.00056900,14.06000000,1
1531192647055,1531192647048,797195,0.00056890,562.49000000,1
1531192647068,1531192647064,797196,0.00056890,22.27000000,0
1531192647077,1531192647072,797197,0.00056890,17.57000000,0
1531192647077,1531192647073,797198,0.00056890,20.42000000,0
1531192647084,1531192647081,797199,0.00056890,20.48000000,0
1531192647145,1531192647141,797200,0.00056860,11.05000000,1
1531192647145,1531192647141,797201,0.00056810,8.09000000,1
1531192647273,1531192647268,797202,0.00056890,7.01000000,0
1531192647350,1531192647345,797203,0.00056890,8.77000000,0
1531192647372,1531192647368,797204,0.00056890,75.44000000,0
1531192647535,1531192647533,797205,0.00057230,8.77000000,1
1531192647616,1531192647612,797206,0.00057230,7.01000000,1
1531192647871,1531192647866,797207,0.00057230,0.48000000,1
1531192647871,1531192647866,797208,0.00057220,5.13000000,1
1531192648181,1531192648176,797209,0.00057290,10.48000000,0
1531192648652,1531192648646,797210,0.00057220,0.05000000,1
1531192648787,1531192648784,797211,0.00057220,5.44000000,1
1531192648945,1531192648940,797212,0.00057220,3.50000000,1
1531192650107,1531192650102,797213,0.00057220,300.44000000,1
1531192650364,1531192650358,797214,0.00056810,20.42000000,1
1531192658013,1531192658008,797215,0.00057140,8.13000000,0
1531192658013,1531192658008,797216,0.00057160,13.96000000,0
1531192666516,1531192666511,797217,0.00057160,570.43000000,1
1531192673196,1531192673191,797218,0.00057160,4.73000000,1
1531192725130,1531192725126,797219,0.00057170,6.66000000,1
1531192726908,1531192726903,797220,0.00057160,5.48000000,1
1531192728994,1531192728991,797221,0.00057110,13.97000000,1
1531192733212,1531192733208,797222,0.00057100,2.65000000,0
1531192733212,1531192733208,797223,0.00057110,42.36000000,0
1531192740439,1531192740434,797224,0.00057100,2.80000000,1
1531192745770,1531192745769,797225,0.00057000,2.20000000,1
1531192747773,1531192747769,797226,0.00056980,2.20000000,0
1531192747790,1531192747786,797227,0.00057020,1.47000000,1
1531192748896,1531192748892,797228,0.00056870,2.57000000,1
1531192753513,1531192753509,797229,0.00056810,46.54000000,1
1531192755485,1531192755481,797230,0.00056840,2.10000000,0
1531192784260,1531192784253,797231,0.00056920,1.93000000,1
1531192784260,1531192784253,797232,0.00056900,776.23000000,1
1531192784260,1531192784253,797233,0.00056860,3.70000000,1
1531192784260,1531192784253,797234,0.00056700,5.65000000,1
1531192784260,1531192784253,797235,0.00056670,25.38000000,1
1531192784260,1531192784253,797236,0.00056630,3.57000000,1
1531192784260,1531192784253,797237,0.00056570,14.15000000,1
1531192784260,1531192784253,797238,0.00056540,1.77000000,1
1531192784260,1531192784253,797239,0.00056420,117.62000000,1
1531192784348,1531192784344,797240,0.00056430,2.18000000,1
1531192784348,1531192784344,797241,0.00056420,27.83000000,1
1531192785072,1531192785067,797242,0.00056720,2.64000000,1
1531192785072,1531192785067,797243,0.00056600,5.37000000,1
1531192785082,1531192785081,797244,0.00056600,4.86000000,1
1531192785082,1531192785081,797245,0.00056420,4.75000000,1
1531192785192,1531192785187,797246,0.00057060,0.20000000,0
1531192786422,1531192786418,797247,0.00056720,0.27000000,1
1531192788375,1531192788372,797248,0.00056720,9.64000000,1
1531192788375,1531192788372,797249,0.00056430,2.87000000,1
1531192788375,1531192788372,797250,0.00056420,2.96000000,1
1531192794083,1531192794079,797251,0.00056960,0.47000000,0
1531192809926,1531192809923,797252,0.00056890,1.15000000,0
1531192812827,1531192812821,797253,0.00056540,2.64000000,1
1531192812827,1531192812821,797254,0.00056420,14.07000000,1
1531192854350,1531192854346,797255,0.00056770,2.18000000,0
1531192864265,1531192864261,797256,0.00056760,10.23000000,0
1531192864345,1531192864343,797257,0.00056780,2.59000000,0
1531192864345,1531192864343,797258,0.00056790,2.64000000,0
1531192864345,1531192864343,797259,0.00056880,2.64000000,0
1531192864465,1531192864459,797260,0.00056900,1.79000000,1
1531192864614,1531192864611,797261,0.00056910,7.27000000,0
1531192905810,1531192905801,797262,0.00057070,2.62000000,0
1531192905810,1531192905801,797263,0.00057130,2.57000000,0
1531192905810,1531192905801,797264,0.00057310,5.19000000,0
1531192905810,1531192905801,797265,0.00057330,8.13000000,0
1531192905810,1531192905801,797266,0.00057500,2.20000000,0
1531192905810,1531192905801,797267,0.00057600,6.93000000,0
1531192905810,1531192905801,797268,0.00057620,67.40000000,0
1531192905810,1531192905801,797269,0.00057760,38.29000000,0
1531192905810,1531192905801,797270,0.00057770,3.80000000,0
1531192905810,1531192905801,797271,0.00057860,10.44000000,0
1531192905810,1531192905801,797272,0.00057910,26.26000000,0
1531192905810,1531192905801,797273,0.00057940,10.41000000,0
1531192905810,1531192905801,797274,0.00058090,220.00000000,0
1531192905824,1531192905818,797275,0.00058090,39.83000000,1
1531192905842,1531192905837,797276,0.00058090,19.07000000,1
1531192905853,1531192905850,797277,0.00058090,11.04000000,1
1531192905854,1531192905850,797278,0.00058090,52.00000000,1
1531192906041,1531192906018,797279,0.00058090,193.53000000,1
1531192906090,1531192906087,797280,0.00058090,260.82000000,1
1531192906204,1531192906199,797281,0.00058090,0.70000000,1
1531192906335,1531192906330,797282,0.00058100,129.88000000,0
1531192906335,1531192906330,797283,0.00058110,130.94000000,0
1531192906556,1531192906551,797284,0.00057410,29.46000000,1
1531192906576,1531192906572,797285,0.00058110,127.49000000,0
1531192923625,1531192923619,797286,0.00057510,25.44000000,0
1531192926864,1531192926859,797287,0.00057330,2.64000000,1
1531192957180,1531192957175,797288,0.00057620,8.07000000,1
1531192971404,1531192971399,797289,0.00057690,1.89000000,1
1531192978653,1531192978647,797290,0.00057620,1.99000000,1
1531193005640,1531193005636,797291,0.00057690,2.33000000,1
1531193073965,1531193073962,797292,0.00057710,11.63000000,1
1531193073965,1531193073962,797293,0.00057690,21.58000000,1
1531193103457,1531193103453,797294,0.00057690,6.66000000,1
1531193139325,1531193139320,797295,0.00057740,13.68000000,0
1531193145392,1531193145387,797296,0.00057820,0.09000000,0
1531193209208,1531193209203,797297,0.00057820,2.25000000,0
1531193247691,1531193247686,797298,0.00057750,24.59000000,0
1531193280234,1531193280233,797299,0.00057750,11.04000000,0
1531193302510,1531193302505,797300,0.00057750,59.70000000,0
1531193335125,1531193335121,797301,0.00057810,55.59000000,0
1531193410017,1531193410012,797302,0.00057810,1.75000000,1
1531193481131,1531193481127,797303,0.00057870,0.94000000,0
1531193494154,1531193494149,797304,0.00057870,0.03000000,0
1531193504461,1531193504456,797305,0.00057810,1.74000000,1
1531193517174,1531193517171,797306,0.00057810,12.06000000,1
1531193525721,1531193525717,797307,0.00057810,9.59000000,1
1531193525928,1531193525922,797308,0.00057810,12.54000000,0
1531193525928,1531193525922,797309,0.00057860,13.23000000,0
1531193525928,1531193525922,797310,0.00057890,130.31000000,0
1531193525928,1531193525922,797311,0.00057930,9.59000000,0
1531193565611,1531193565606,797312,0.00057850,2.17000000,0
1531193565611,1531193565606,797313,0.00057880,12.85000000,0
1531193574177,1531193574172,797314,0.00057630,78.93000000,1
1531193692760,1531193692755,797315,0.00057890,4.00000000,0
1531193692760,1531193692755,797316,0.00057890,4.78000000,0
1531193692797,1531193692791,797317,0.00057890,4.75000000,0
1531193721562,1531193721557,797318,0.00057650,6.51000000,1
1531193730795,1531193730789,797319,0.00057930,0.02000000,0
1531193790399,1531193790394,797320,0.00057910,6.49000000,0
1531193790399,1531193790394,797321,0.00057920,15.82000000,0
1531193790702,1531193790698,797322,0.00057930,17.58000000,1
1531193874479,1531193874474,797323,0.00057660,41.52000000,1
1531193882373,1531193882368,797324,0.00057930,8.22000000,0
1531193903164,1531193903158,797325,0.00057660,1.97000000,1
1531193903474,1531193903468,797326,0.00057660,106.69000000,1
1531193914910,1531193914905,797327,0.00057650,40.08000000,0
1531193922828,1531193922823,797328,0.00057650,2.40000000,0
1531193928725,1531193928721,797329,0.00057650,96.00000000,0
1531193928725,1531193928721,797330,0.00057660,252.20000000,0
1531194140004,1531194139992,797331,0.00057700,150.00000000,1
1531194140004,1531194139992,797332,0.00057660,6.80000000,1
1531194140004,1531194139992,797333,0.00057620,100.00000000,1
1531194140004,1531194139992,797334,0.00057400,1.75000000,1
1531194140004,1531194139992,797335,0.00057200,3.84000000,1
1531194140004,1531194139992,797336,0.00057170,10.99000000,1
1531194140004,1531194139992,797337,0.00057120,21.05000000,1
1531194140004,1531194139992,797338,0.00057110,21.06000000,1
1531194140004,1531194139992,797339,0.00057050,47.40000000,1
1531194140004,1531194139992,797340,0.00057030,36.94000000,1
1531194140004,1531194139992,797341,0.00057000,10.44000000,1
1531194140004,1531194139992,797342,0.00056980,2.10000000,1
1531194140004,1531194139992,797343,0.00056970,38.55000000,1
1531194140004,1531194139992,797344,0.00056960,3.47000000,1
1531194140004,1531194139992,797345,0.00056920,4.38000000,1
1531194140004,1531194139992,797346,0.00056890,30.31000000,1
1531194140004,1531194139992,797347,0.00056880,173.28000000,1
1531194140017,1531194140011,797348,0.00056880,227.64000000,0
1531194142848,1531194142843,797349,0.00057240,1.76000000,0
1531194316708,1531194316704,797350,0.00057000,67.98000000,1
1531194322949,1531194322942,797351,0.00057040,3.48000000,0
1531194322949,1531194322942,797352,0.00057050,15.76000000,0
1531194322949,1531194322942,797353,0.00057090,10.40000000,0
1531194322949,1531194322942,797354,0.00057160,36.75000000,0
1531194322949,1531194322942,797355,0.00057230,10.99000000,0
1531194322949,1531194322942,797356,0.00057240,1.71000000,0
1531194322949,1531194322942,797357,0.00057290,10.44000000,0
1531194322949,1531194322942,797358,0.00057370,38.55000000,0
1531194391164,1531194391158,797359,0.00057140,5.52000000,1
1531194619726,1531194619721,797360,0.00057630,0.32000000,0
1531194724757,1531194724751,797361,0.00057600,2.10000000,0
1531194724757,1531194724751,797362,0.00057680,26.26000000,0
1531194728450,1531194728445,797363,0.00057680,44.26000000,1
1531194794844,1531194794837,797364,0.00057680,0.46000000,0
1531194930751,1531194930745,797365,0.00057680,17.33000000,0
1531195390300,1531195390295,797366,0.00057680,1.76000000,1
1531195391518,1531195391512,797367,0.00057690,3.45000000,0
1531195536181,1531195536176,797368,0.00057680,30.31000000,1
1531195704020,1531195704014,797369,0.00057680,0.06000000,1
1531195882785,1531195882778,797370,0.00057690,24.11000000,0
1531195908280,1531195908274,797371,0.00057690,18.50000000,0
1531195973727,1531195973722,797372,0.00057690,9.51000000,0
1531196039579,1531196039574,797373,0.00057690,7.82000000,1
1531196039579,1531196039574,797374,0.00057680,8.18000000,1
1531196283415,1531196283408,797375,0.00057730,3.84000000,0
1531196283415,1531196283408,797376,0.00057780,9.63000000,0
1531196283415,1531196283408,797377,0.00057940,5.51000000,0
1531196283415,1531196283408,797378,0.00058090,124.02000000,0
1531196301995,1531196301990,797379,0.00058110,80.00000000,0
1531196356375,1531196356372,797380,0.00058110,18.63000000,0
1531196844156,1531196844153,797381,0.00057810,0.01000000,1
1531196845593,1531196845589,797382,0.00057680,0.01000000,1
1531196998793,1531196998788,797383,0.00058110,12.13000000,0
1531196999506,1531196999500,797384,0.00058110,265.56000000,0
1531196999968,1531196999962,797385,0.00057700,0.01000000,1
1531197028154,1531197028149,797386,0.00057710,139.94000000,1
1531197028606,1531197028600,797387,0.00057710,35.16000000,0
1531197079465,1531197079462,797388,0.00057710,0.02000000,0
1531197178368,1531197178363,797389,0.00057690,11.02000000,1
1531197178369,1531197178363,797390,0.00057680,23.64000000,1
1531197591654,1531197591650,797391,0.00057530,4.35000000,1
1531197591654,1531197591650,797392,0.00057520,5.19000000,1
1531197591654,1531197591650,797393,0.00057280,4.18000000,1
1531197591654,1531197591650,797394,0.00057260,2.09000000,1
1531197591654,1531197591650,797395,0.00057220,127.05000000,1
1531197942223,1531197942222,797396,0.00057220,3.60000000,1
1531197942223,1531197942222,797397,0.00057150,25.24000000,1
1531197997676,1531197997673,797398,0.00057140,8.84000000,1
1531198018209,1531198018204,797399,0.00057590,2.42000000,0
1531198047636,1531198047630,797400,0.00057600,2.09000000,0
1531198047636,1531198047630,797401,0.00057820,4.35000000,0
1531198047636,1531198047630,797402,0.00058010,18.49000000,0
1531198047804,1531198047798,797403,0.00057590,0.03000000,1
1531198160606,1531198160603,797404,0.00057930,11.02000000,0
1531198236590,1531198236586,797405,0.00057590,1.76000000,1
1531198345133,1531198345129,797406,0.00057720,121.46000000,0
1531198345133,1531198345129,797407,0.00057730,47.55000000,0
1531198448452,1531198448446,797408,0.00057680,144.83000000,1
1531198448452,1531198448446,797409,0.00057640,297.69000000,1
1531198459178,1531198459173,797410,0.00057620,0.06000000,1
1531198603133,1531198603129,797411,0.00057880,3.79000000,0
1531198603133,1531198603129,797412,0.00057970,144.83000000,0
1531198603172,1531198603168,797413,0.00057970,0.60000000,1
1531198716493,1531198716488,797414,0.00057730,11.54000000,1
1531198716493,1531198716488,797415,0.00057630,28.46000000,1
1531198730839,1531198730834,797416,0.00057980,11.00000000,0
1531198730853,1531198730850,797417,0.00057980,0.54000000,0
1531198730853,1531198730850,797418,0.00058010,5.19000000,0
1531198730853,1531198730850,797419,0.00058070,28.46000000,0
1531198730853,1531198730850,797420,0.00058080,108.00000000,0
1531198730853,1531198730850,797421,0.00058100,102.61000000,0
1531198730969,1531198730963,797422,0.00058110,440.04000000,0
1531198738821,1531198738818,797423,0.00058180,21.61000000,0
1531198777022,1531198777018,797424,0.00058180,7.27000000,0
1531198777022,1531198777018,797425,0.00058380,147.68000000,0
1531198777022,1531198777018,797426,0.00058440,16.93000000,0
1531198786632,1531198786626,797427,0.00058420,4.28000000,0
1531198786632,1531198786626,797428,0.00058440,12.83000000,0
1531198809671,1531198809669,797429,0.00058170,14.65000000,1
1531199145827,1531199145823,797430,0.00058480,14.65000000,0
1531199145827,1531199145823,797431,0.00058510,54.61000000,0
1531199145898,1531199145891,797432,0.00058190,103.00000000,1
1531199145898,1531199145891,797433,0.00058170,6.66000000,1
1531199301794,1531199301789,797434,0.00058570,25.24000000,0
1531199301794,1531199301789,797435,0.00058580,247.01000000,0
1531199368160,1531199368155,797436,0.00058520,0.01000000,0
1531199435732,1531199435727,797437,0.00058270,0.12000000,1
1531199436036,1531199436031,797438,0.00058270,141.08000000,1
1531199587519,1531199587514,797439,0.00058260,141.19000000,0
1531199587519,1531199587514,797440,0.00058270,30.42000000,0
1531199587583,1531199587570,797441,0.00057970,11.50000000,1
1531199587583,1531199587570,797442,0.00057810,3.79000000,1
1531199587583,1531199587570,797443,0.00057790,8.63000000,1
1531199587583,1531199587570,797444,0.00057760,36.30000000,1
1531199587584,1531199587570,797445,0.00057750,2.07000000,1
1531199587584,1531199587570,797446,0.00057730,4.66000000,1
1531199587584,1531199587570,797447,0.00057720,3.43000000,1
1531199587584,1531199587570,797448,0.00057690,4.32000000,1
1531199587584,1531199587570,797449,0.00057680,2.59000000,1
1531199587584,1531199587570,797450,0.00057660,5.18000000,1
1531199587584,1531199587570,797451,0.00057620,20.86000000,1
1531199587584,1531199587570,797452,0.00057510,2.60000000,1
1531199587584,1531199587570,797453,0.00057490,2.41000000,1
1531199587584,1531199587570,797454,0.00057440,8.15000000,1
1531199587873,1531199587868,797455,0.00057440,9.56000000,1
1531199587873,1531199587868,797456,0.00057410,6.78000000,1
1531199587873,1531199587868,797457,0.00057390,23.24000000,1
1531199588649,1531199588647,797458,0.00057400,3.00000000,1
1531199663311,1531199663308,797459,0.00057480,1.76000000,0
1531199669210,1531199669207,797460,0.00057420,1.76000000,0
1531199672631,1531199672627,797461,0.00057310,3.00000000,0
1531199676999,1531199676994,797462,0.00057280,2.00000000,0
1531199679218,1531199679213,797463,0.00057280,0.41000000,0
1531199714136,1531199714131,797464,0.00057310,0.43000000,0
1531199768384,1531199768379,797465,0.00057410,11.40000000,0
1531199805672,1531199805668,797466,0.00057310,6.00000000,0
1531199848715,1531199848710,797467,0.00057250,1.66000000,1
1531200031968,1531200031964,797468,0.00057310,0.75000000,0
1531200129858,1531200129854,797469,0.00057310,3.60000000,0
1531200158860,1531200158853,797470,0.00057410,0.10000000,0
1531200158860,1531200158853,797471,0.00057420,1.59000000,0
1531200158860,1531200158853,797472,0.00057470,6.78000000,0
1531200158860,1531200158853,797473,0.00057500,20.12000000,0
1531200289731,1531200289727,797474,0.00057370,45.77000000,1
1531200289731,1531200289727,797475,0.00057310,334.90000000,1
1531200289731,1531200289727,797476,0.00057260,4.51000000,1
1531200291255,1531200291250,797477,0.00057260,0.43000000,1
1531200372357,1531200372352,797478,0.00057500,0.05000000,0
1531200587458,1531200587454,797479,0.00057280,28.13000000,1
1531200587459,1531200587454,797480,0.00057270,51.87000000,1
1531200656684,1531200656678,797481,0.00057490,0.48000000,0
1531200771315,1531200771316,797482,0.00057490,0.01000000,0
1531200922761,1531200922755,797483,0.00057300,12.13000000,1
1531200950849,1531200950846,797484,0.00057300,8.71000000,1
1531200950849,1531200950846,797485,0.00057290,27.79000000,1
1531200950849,1531200950846,797486,0.00057280,37.06000000,1
1531200950849,1531200950846,797487,0.00057190,1.76000000,1
1531200950849,1531200950846,797488,0.00056910,4.68000000,1
1531200966146,1531200966142,797489,0.00056910,4.32000000,1
1531200967516,1531200967515,797490,0.00056910,2.59000000,1
1531200967529,1531200967525,797491,0.00056910,1.41000000,1
1531200973000,1531200972997,797492,0.00056750,2.59000000,0
1531200973938,1531200973934,797493,0.00056750,2.42000000,0
1531200973948,1531200973944,797494,0.00056760,2.60000000,0
1531200973994,1531200973991,797495,0.00056810,0.93000000,1
1531200974029,1531200974025,797496,0.00056750,10.12000000,0
1531200974030,1531200974026,797497,0.00056750,0.32000000,0
1531200974084,1531200974078,797498,0.00056750,2.07000000,1
1531200974191,1531200974194,797499,0.00056760,2.59000000,0
1531200977738,1531200977733,797500,0.00056710,0.32000000,1
1531200977771,1531200977768,797501,0.00056820,8.63000000,0
1531201027706,1531201027701,797502,0.00056880,0.83000000,0
