event_time,trade_time,trade_id,price,quantity,maker
1531160320044,1531160320040,2868705,0.00003314,1.00000000,1
1531160329542,1531160329535,2868706,0.00003314,2171.00000000,1
1531160329542,1531160329535,2868707,0.00003312,31.00000000,1
1531160329542,1531160329535,2868708,0.00003308,269.00000000,1
1531160329542,1531160329535,2868709,0.00003307,2077.00000000,1
1531160329542,1531160329535,2868710,0.00003305,688.00000000,1
1531160329542,1531160329535,2868711,0.00003303,45.00000000,1
1531160329542,1531160329535,2868712,0.00003302,181.00000000,1
1531160329542,1531160329535,2868713,0.00003301,626.00000000,1
1531160329542,1531160329535,2868714,0.00003300,3062.00000000,1
1531160332231,1531160332228,2868715,0.00003313,38.00000000,0
1531160332231,1531160332228,2868716,0.00003314,180.00000000,0
1531160340270,1531160340267,2868717,0.00003314,1676.00000000,0
1531160340314,1531160340311,2868718,0.00003314,352.00000000,0
1531160343403,1531160343400,2868719,0.00003307,422.00000000,1
1531160343403,1531160343400,2868720,0.00003301,189.00000000,1
1531160343403,1531160343400,2868721,0.00003300,1065.00000000,1
1531160408240,1531160408236,2868722,0.00003308,30.00000000,0
1531160422031,1531160422027,2868723,0.00003300,2001.00000000,1
1531160451404,1531160451401,2868724,0.00003306,159.00000000,0
1531160451404,1531160451401,2868725,0.00003307,45.00000000,0
1531160451404,1531160451401,2868726,0.00003309,52.00000000,0
1531160451404,1531160451401,2868727,0.00003313,46.00000000,0
1531160484315,1531160484311,2868728,0.00003306,424.00000000,1
1531160484315,1531160484311,2868729,0.00003301,242.00000000,1
1531160484315,1531160484311,2868730,0.00003300,3225.00000000,1
1531160484315,1531160484311,2868731,0.00003297,144.00000000,1
1531160484315,1531160484311,2868732,0.00003294,78.00000000,1
1531160484315,1531160484311,2868733,0.00003292,69.00000000,1
1531160484315,1531160484311,2868734,0.00003291,1258.00000000,1
1531160538239,1531160538236,2868735,0.00003312,271.00000000,0
1531160543881,1531160543878,2868736,0.00003292,188.00000000,1
1531160543881,1531160543878,2868737,0.00003291,2107.00000000,1
1531160639405,1531160639401,2868738,0.00003291,658.00000000,1
1531160639405,1531160639401,2868739,0.00003289,9.00000000,1
1531160758377,1531160758375,2868740,0.00003292,172.00000000,1
1531160770499,1531160770497,2868741,0.00003293,37.00000000,0
1531160770898,1531160770895,2868742,0.00003311,130.00000000,0
1531160773581,1531160773576,2868743,0.00003290,181.00000000,1
1531160773581,1531160773576,2868744,0.00003289,1901.00000000,1
1531160773581,1531160773576,2868745,0.00003288,502.00000000,1
1531160847371,1531160847366,2868746,0.00003294,253.00000000,1
1531160847469,1531160847465,2868747,0.00003294,379.00000000,0
1531160847509,1531160847505,2868748,0.00003294,379.00000000,0
1531160848803,1531160848800,2868749,0.00003294,3883.00000000,0
1531160848822,1531160848819,2868750,0.00003298,252.00000000,0
1531160852518,1531160852513,2868751,0.00003305,58.00000000,0
1531160852518,1531160852513,2868752,0.00003306,112.00000000,0
1531160852518,1531160852513,2868753,0.00003312,75.00000000,0
1531160886646,1531160886641,2868754,0.00003312,165.00000000,0
1531160888786,1531160888781,2868755,0.00003312,29.00000000,0
1531160888786,1531160888781,2868756,0.00003313,135.00000000,0
1531160944561,1531160944557,2868757,0.00003311,50.00000000,1
1531160944575,1531160944570,2868758,0.00003311,55.00000000,0
1531160944581,1531160944578,2868759,0.00003311,55.00000000,0
1531160944601,1531160944596,2868760,0.00003311,54.00000000,0
1531160944617,1531160944614,2868761,0.00003311,80.00000000,0
1531160944818,1531160944816,2868762,0.00003311,1883.00000000,0
1531160945866,1531160945861,2868763,0.00003306,68.00000000,1
1531160960768,1531160960765,2868764,0.00003319,210.00000000,0
1531160960823,1531160960819,2868765,0.00003320,1130.00000000,1
1531160994836,1531160994833,2868766,0.00003307,190.00000000,1
1531161029660,1531161029657,2868767,0.00003306,184.00000000,1
1531161029660,1531161029657,2868768,0.00003289,1816.00000000,1
1531161029697,1531161029693,2868769,0.00003289,113.00000000,0
1531161030810,1531161030806,2868770,0.00003306,60.00000000,0
1531161090043,1531161090040,2868771,0.00003298,54.00000000,1
1531161136234,1531161136229,2868772,0.00003298,157.00000000,1
1531161200100,1531161200095,2868773,0.00003298,41.00000000,1
1531161200100,1531161200095,2868774,0.00003288,407.00000000,1
1531161201744,1531161201740,2868775,0.00003285,549.00000000,1
1531161202024,1531161202020,2868776,0.00003290,253.00000000,1
1531161202024,1531161202020,2868777,0.00003285,14.00000000,1
1531161202024,1531161202020,2868778,0.00003284,889.00000000,1
1531161222478,1531161222475,2868779,0.00003284,901.00000000,1
1531161225079,1531161225076,2868780,0.00003284,1.00000000,1
1531161225827,1531161225826,2868781,0.00003282,142.00000000,1
1531161227828,1531161227824,2868782,0.00003281,177.00000000,1
1531161229827,1531161229822,2868783,0.00003279,31.00000000,1
1531161230955,1531161230950,2868784,0.00003284,4.00000000,0
1531161234818,1531161234814,2868785,0.00003288,253.00000000,0
1531161235052,1531161235048,2868786,0.00003275,191.00000000,1
1531161248606,1531161248602,2868787,0.00003280,254.00000000,1
1531161250812,1531161250808,2868788,0.00003275,79.00000000,0
1531161255971,1531161255966,2868789,0.00003274,208.00000000,1
1531161255971,1531161255966,2868790,0.00003273,229.00000000,1
1531161255971,1531161255966,2868791,0.00003271,88.00000000,1
1531161255971,1531161255966,2868792,0.00003269,182.00000000,1
1531161255971,1531161255966,2868793,0.00003267,122.00000000,1
1531161255971,1531161255966,2868794,0.00003264,1113.00000000,1
1531161255971,1531161255966,2868795,0.00003263,1884.00000000,1
1531161256018,1531161256014,2868796,0.00003263,244.00000000,0
1531161256075,1531161256070,2868797,0.00003263,1050.00000000,0
1531161256442,1531161256439,2868798,0.00003263,652.00000000,0
1531161256820,1531161256814,2868799,0.00003263,3308.00000000,0
1531161260603,1531161260598,2868800,0.00003262,116.00000000,1
1531161260822,1531161260818,2868801,0.00003262,2098.00000000,0
1531161264828,1531161264822,2868802,0.00003262,2078.00000000,0
1531161267816,1531161267814,2868803,0.00003260,573.00000000,0
1531161277983,1531161277979,2868804,0.00003259,34.00000000,1
1531161277983,1531161277979,2868805,0.00003256,112.00000000,1
1531161305816,1531161305812,2868806,0.00003265,563.00000000,0
1531161305839,1531161305835,2868807,0.00003266,53.00000000,0
1531161305852,1531161305848,2868808,0.00003263,31.00000000,1
1531161321355,1531161321351,2868809,0.00003270,39.00000000,0
1531161324857,1531161324853,2868810,0.00003279,39.00000000,0
1531161348827,1531161348824,2868811,0.00003279,35.00000000,1
1531161364228,1531161364224,2868812,0.00003272,514.00000000,1
1531161372591,1531161372588,2868813,0.00003272,13.00000000,1
1531161372823,1531161372819,2868814,0.00003272,253.00000000,0
1531161375455,1531161375450,2868815,0.00003278,116.00000000,0
1531161375560,1531161375554,2868816,0.00003278,271.00000000,1
1531161375831,1531161375826,2868817,0.00003278,70.00000000,1
1531161376836,1531161376831,2868818,0.00003281,159.00000000,0
1531161376836,1531161376831,2868819,0.00003295,151.00000000,0
1531161376836,1531161376831,2868820,0.00003296,31.00000000,0
1531161376948,1531161376944,2868821,0.00003300,77.00000000,0
1531161378823,1531161378822,2868822,0.00003298,960.00000000,0
1531161378857,1531161378851,2868823,0.00003300,214.00000000,0
1531161378858,1531161378853,2868824,0.00003298,454.00000000,1
1531161386894,1531161386888,2868825,0.00003283,270.00000000,1
1531161386894,1531161386888,2868826,0.00003281,149.00000000,1
1531161386894,1531161386888,2868827,0.00003274,42.00000000,1
1531161398783,1531161398779,2868828,0.00003296,232.00000000,0
1531161398833,1531161398828,2868829,0.00003296,20.00000000,1
1531161407008,1531161407003,2868830,0.00003299,528.00000000,0
1531161407363,1531161407358,2868831,0.00003301,528.00000000,1
1531161407822,1531161407817,2868832,0.00003301,1382.00000000,1
1531161412825,1531161412821,2868833,0.00003283,84.00000000,1
1531161412825,1531161412821,2868834,0.00003282,85.00000000,1
1531161412825,1531161412821,2868835,0.00003280,181.00000000,1
1531161412825,1531161412821,2868836,0.00003277,2700.00000000,1
1531161412825,1531161412821,2868837,0.00003276,15777.00000000,1
1531161412858,1531161412852,2868838,0.00003274,160.00000000,1
1531161412858,1531161412852,2868839,0.00003272,240.00000000,1
1531161412858,1531161412852,2868840,0.00003271,45.00000000,1
1531161412858,1531161412852,2868841,0.00003269,180.00000000,1
1531161412858,1531161412852,2868842,0.00003266,136.00000000,1
1531161412858,1531161412852,2868843,0.00003262,1425.00000000,1
1531161412885,1531161412881,2868844,0.00003258,65.00000000,1
1531161412885,1531161412881,2868845,0.00003257,1671.00000000,1
1531161412885,1531161412881,2868846,0.00003256,310.00000000,1
1531161412885,1531161412881,2868847,0.00003255,91.00000000,1
1531161412986,1531161412982,2868848,0.00003254,128.00000000,1
1531161412986,1531161412982,2868849,0.00003253,643.00000000,1
1531161413428,1531161413422,2868850,0.00003278,1067.00000000,1
1531161413456,1531161413454,2868851,0.00003270,602.00000000,0
1531161413674,1531161413671,2868852,0.00003270,2.00000000,0
1531161413674,1531161413671,2868853,0.00003278,119.00000000,0
1531161414832,1531161414827,2868854,0.00003257,183.00000000,1
1531161414832,1531161414827,2868855,0.00003255,240.00000000,1
1531161414832,1531161414827,2868856,0.00003253,42.00000000,1
1531161416203,1531161416197,2868857,0.00003270,181.00000000,0
1531161417899,1531161417895,2868858,0.00003269,168.00000000,0
1531161427433,1531161427429,2868859,0.00003267,370.00000000,0
1531161432286,1531161432285,2868860,0.00003262,39.00000000,1
1531161438509,1531161438504,2868861,0.00003262,522.00000000,1
1531161449121,1531161449117,2868862,0.00003257,122.00000000,0
1531161450678,1531161450675,2868863,0.00003257,324.00000000,0
1531161450836,1531161450830,2868864,0.00003263,15777.00000000,0
1531161450836,1531161450830,2868865,0.00003264,160.00000000,0
1531161450836,1531161450830,2868866,0.00003269,1246.00000000,0
1531161450836,1531161450830,2868867,0.00003270,42.00000000,0
1531161450836,1531161450830,2868868,0.00003271,65.00000000,0
1531161450836,1531161450830,2868869,0.00003279,124.00000000,0
1531161450836,1531161450830,2868870,0.00003280,362.00000000,0
1531161450836,1531161450830,2868871,0.00003281,128.00000000,0
1531161450836,1531161450830,2868872,0.00003284,124.00000000,0
1531161450860,1531161450856,2868873,0.00003288,60.00000000,0
1531161450860,1531161450856,2868874,0.00003289,241.00000000,0
1531161450860,1531161450856,2868875,0.00003290,180.00000000,0
1531161450860,1531161450856,2868876,0.00003295,555.00000000,0
1531161450860,1531161450856,2868877,0.00003296,121.00000000,0
1531161450860,1531161450856,2868878,0.00003298,91.00000000,0
1531161450860,1531161450856,2868879,0.00003301,34.00000000,0
1531161450881,1531161450878,2868880,0.00003305,523.00000000,0
1531161450881,1531161450878,2868881,0.00003309,181.00000000,0
1531161450901,1531161450898,2868882,0.00003311,2357.00000000,0
1531161450901,1531161450898,2868883,0.00003312,39.00000000,0
1531161450922,1531161450917,2868884,0.00003315,63.00000000,0
1531161450922,1531161450917,2868885,0.00003316,38.00000000,0
1531161451337,1531161451301,2868886,0.00003283,1067.00000000,1
1531161451349,1531161451346,2868887,0.00003283,1142.00000000,1
1531161452021,1531161452020,2868888,0.00003290,47.00000000,1
1531161452827,1531161452825,2868889,0.00003289,571.00000000,0
1531161452827,1531161452825,2868890,0.00003290,47.00000000,0
1531161455114,1531161455108,2868891,0.00003284,1306.00000000,1
1531161455837,1531161455832,2868892,0.00003302,179.00000000,0
1531161456831,1531161456828,2868893,0.00003310,1234.00000000,0
1531161456831,1531161456828,2868894,0.00003311,572.00000000,0
1531161456863,1531161456859,2868895,0.00003313,619.00000000,0
1531161456881,1531161456879,2868896,0.00003316,75.00000000,0
1531161457838,1531161457836,2868897,0.00003310,175.00000000,0
1531161457862,1531161457858,2868898,0.00003321,150.00000000,0
1531161459081,1531161459076,2868899,0.00003285,99.00000000,1
1531161461892,1531161461890,2868900,0.00003318,87.00000000,0
1531161463376,1531161463375,2868901,0.00003315,79.00000000,1
1531161463391,1531161463387,2868902,0.00003293,79.00000000,1
1531161463833,1531161463830,2868903,0.00003310,79.00000000,0
1531161469921,1531161469917,2868904,0.00003297,193.00000000,1
1531161469921,1531161469917,2868905,0.00003286,6.00000000,1
1531161481833,1531161481828,2868906,0.00003292,669.00000000,1
1531161487237,1531161487232,2868907,0.00003301,748.00000000,0
1531161493261,1531161493258,2868908,0.00003287,120.00000000,1
1531161521514,1531161521509,2868909,0.00003301,547.00000000,0
1531161521832,1531161521827,2868910,0.00003302,1067.00000000,0
1531161521832,1531161521827,2868911,0.00003310,400.00000000,0
1531161521832,1531161521827,2868912,0.00003316,193.00000000,0
1531161521832,1531161521827,2868913,0.00003323,498.00000000,0
1531161521855,1531161521851,2868914,0.00003325,436.00000000,0
1531161521855,1531161521851,2868915,0.00003326,424.00000000,0
1531161523828,1531161523823,2868916,0.00003330,170.00000000,0
1531161523860,1531161523856,2868917,0.00003332,268.00000000,0
1531161527227,1531161527223,2868918,0.00003340,144.00000000,0
1531161528162,1531161528159,2868919,0.00003312,490.00000000,1
1531161531122,1531161531117,2868920,0.00003337,134.00000000,0
1531161532332,1531161532327,2868921,0.00003314,651.00000000,1
1531161535386,1531161535383,2868922,0.00003333,130.00000000,0
1531161546443,1531161546437,2868923,0.00003331,450.00000000,0
1531161550583,1531161550579,2868924,0.00003320,192.00000000,1
1531161550583,1531161550579,2868925,0.00003319,636.00000000,1
1531161550977,1531161550972,2868926,0.00003318,33.00000000,1
1531161550977,1531161550972,2868927,0.00003317,15521.00000000,1
1531161566054,1531161566050,2868928,0.00003319,178.00000000,1
1531161566838,1531161566834,2868929,0.00003319,139.00000000,1
1531161584838,1531161584834,2868930,0.00003320,519.00000000,0
1531161587612,1531161587608,2868931,0.00003322,178.00000000,1
1531161588291,1531161588286,2868932,0.00003318,179.00000000,1
1531161589782,1531161589778,2868933,0.00003318,59.00000000,1
1531161591208,1531161591204,2868934,0.00003311,1070.00000000,1
1531161606836,1531161606832,2868935,0.00003317,119.00000000,0
1531161612669,1531161612664,2868936,0.00003310,268.00000000,1
1531161620889,1531161620884,2868937,0.00003322,45.00000000,0
1531161623086,1531161623080,2868938,0.00003321,133.00000000,0
1531161627026,1531161627022,2868939,0.00003310,54.00000000,1
1531161627026,1531161627022,2868940,0.00003307,135.00000000,1
1531161635837,1531161635832,2868941,0.00003309,74.00000000,0
1531161635859,1531161635856,2868942,0.00003310,561.00000000,0
1531161637353,1531161637348,2868943,0.00003305,175.00000000,1
1531161638839,1531161638835,2868944,0.00003311,54.00000000,0
1531161668403,1531161668399,2868945,0.00003308,175.00000000,1
1531161677747,1531161677742,2868946,0.00003317,192.00000000,0
1531161677747,1531161677742,2868947,0.00003318,42.00000000,0
1531161677747,1531161677742,2868948,0.00003322,67.00000000,0
1531161729493,1531161729488,2868949,0.00003319,37.00000000,1
1531161733845,1531161733841,2868950,0.00003322,66.00000000,0
1531161733845,1531161733841,2868951,0.00003324,113.00000000,0
1531161749086,1531161749082,2868952,0.00003324,22.00000000,0
1531161749136,1531161749131,2868953,0.00003324,38.00000000,1
1531161765455,1531161765450,2868954,0.00003312,191.00000000,1
1531161765455,1531161765450,2868955,0.00003311,128.00000000,1
1531161765455,1531161765450,2868956,0.00003305,1795.00000000,1
1531161780745,1531161780741,2868957,0.00003307,938.00000000,1
1531161780745,1531161780741,2868958,0.00003304,401.00000000,1
1531161807558,1531161807554,2868959,0.00003304,1517.00000000,1
1531161834253,1531161834249,2868960,0.00003304,144.00000000,1
1531161837847,1531161837843,2868961,0.00003308,218.00000000,0
1531161846745,1531161846740,2868962,0.00003304,515.00000000,1
1531161846838,1531161846834,2868963,0.00003310,191.00000000,0
1531161874848,1531161874841,2868964,0.00003304,9936.00000000,1
1531161874848,1531161874841,2868965,0.00003303,159.00000000,1
1531161874848,1531161874841,2868966,0.00003302,1211.00000000,1
1531161874848,1531161874841,2868967,0.00003291,136.00000000,1
1531161874848,1531161874841,2868968,0.00003289,208.00000000,1
1531161874848,1531161874841,2868969,0.00003288,151.00000000,1
1531161874871,1531161874865,2868970,0.00003284,418.00000000,1
1531161874871,1531161874865,2868971,0.00003283,645.00000000,1
1531161874871,1531161874865,2868972,0.00003280,45.00000000,1
1531161874871,1531161874865,2868973,0.00003278,307.00000000,1
1531161874871,1531161874865,2868974,0.00003276,440.00000000,1
1531161874871,1531161874865,2868975,0.00003275,312.00000000,1
1531161874871,1531161874865,2868976,0.00003274,1663.00000000,1
1531161874910,1531161874903,2868977,0.00003272,44.00000000,1
1531161874910,1531161874903,2868978,0.00003271,161.00000000,1
1531161874910,1531161874903,2868979,0.00003270,503.00000000,1
1531161874910,1531161874903,2868980,0.00003269,212.00000000,1
1531161874910,1531161874903,2868981,0.00003268,1399.00000000,1
1531161874910,1531161874903,2868982,0.00003267,642.00000000,1
1531161874933,1531161874930,2868983,0.00003265,1073.00000000,1
1531161874933,1531161874930,2868984,0.00003264,122.00000000,1
1531161874933,1531161874930,2868985,0.00003263,272.00000000,1
1531161874933,1531161874930,2868986,0.00003262,673.00000000,1
1531161874933,1531161874930,2868987,0.00003261,42.00000000,1
1531161874960,1531161874953,2868988,0.00003273,152.00000000,1
1531161874960,1531161874953,2868989,0.00003259,183.00000000,1
1531161874960,1531161874953,2868990,0.00003257,853.00000000,1
1531161874960,1531161874953,2868991,0.00003256,1780.00000000,1
1531161874961,1531161874953,2868992,0.00003256,59.00000000,1
1531161874995,1531161874990,2868993,0.00003292,1909.00000000,1
1531161875017,1531161875012,2868994,0.00003292,85.00000000,1
1531161875017,1531161875012,2868995,0.00003280,997.00000000,1
1531161875017,1531161875012,2868996,0.00003257,575.00000000,1
1531161875017,1531161875012,2868997,0.00003256,93.00000000,1
1531161875017,1531161875012,2868998,0.00003254,159.00000000,1
1531161875050,1531161875048,2868999,0.00003273,997.00000000,1
1531161875050,1531161875048,2869000,0.00003254,518.00000000,1
1531161875050,1531161875048,2869001,0.00003253,83.00000000,1
1531161875086,1531161875079,2869002,0.00003267,244.00000000,1
1531161875086,1531161875079,2869003,0.00003253,997.00000000,1
1531161875086,1531161875079,2869004,0.00003252,108.00000000,1
1531161875295,1531161875290,2869005,0.00003278,145.00000000,0
1531161875430,1531161875426,2869006,0.00003278,40.00000000,0
1531161875460,1531161875455,2869007,0.00003278,92.00000000,1
1531161875499,1531161875496,2869008,0.00003278,53.00000000,1
1531161875900,1531161875896,2869009,0.00003277,214.00000000,1
1531161876040,1531161876035,2869010,0.00003277,90.00000000,1
1531161876708,1531161876706,2869011,0.00003258,341.00000000,1
1531161876708,1531161876706,2869012,0.00003257,300.00000000,1
1531161876732,1531161876728,2869013,0.00003257,556.00000000,0
1531161876739,1531161876735,2869014,0.00003257,268.00000000,0
1531161876745,1531161876741,2869015,0.00003257,214.00000000,0
1531161876751,1531161876747,2869016,0.00003257,215.00000000,0
1531161876772,1531161876768,2869017,0.00003257,38.00000000,0
1531161877028,1531161877023,2869018,0.00003257,235.00000000,0
1531161877055,1531161877049,2869019,0.00003274,763.00000000,0
1531161877373,1531161877370,2869020,0.00003274,182.00000000,0
1531161877595,1531161877592,2869021,0.00003271,133.00000000,0
1531161877595,1531161877592,2869022,0.00003273,49.00000000,0
1531161878679,1531161878673,2869023,0.00003258,179.00000000,1
1531161879317,1531161879314,2869024,0.00003273,181.00000000,0
1531161883185,1531161883183,2869025,0.00003253,178.00000000,1
1531161885126,1531161885121,2869026,0.00003253,152.00000000,1
1531161899990,1531161899986,2869027,0.00003255,111.00000000,0
1531161899990,1531161899986,2869028,0.00003256,71.00000000,0
1531161900724,1531161900719,2869029,0.00003256,1724.00000000,0
1531161900724,1531161900719,2869030,0.00003258,10980.00000000,0
1531161901367,1531161901366,2869031,0.00003255,179.00000000,0
1531161904483,1531161904477,2869032,0.00003252,32.00000000,1
1531161911275,1531161911271,2869033,0.00003255,40.00000000,0
1531161917359,1531161917353,2869034,0.00003254,369.00000000,0
1531161917359,1531161917353,2869035,0.00003255,80.00000000,0
1531161918394,1531161918390,2869036,0.00003254,783.00000000,0
1531161919266,1531161919262,2869037,0.00003253,533.00000000,1
1531161919405,1531161919403,2869038,0.00003253,369.00000000,0
1531161920854,1531161920850,2869039,0.00003250,124.00000000,0
1531161920886,1531161920881,2869040,0.00003252,210.00000000,0
1531161920903,1531161920900,2869041,0.00003253,1533.00000000,0
1531161920925,1531161920921,2869042,0.00003255,159.00000000,0
1531161921952,1531161921947,2869043,0.00003250,61.00000000,1
1531161923825,1531161923821,2869044,0.00003250,1.00000000,1
1531161930573,1531161930570,2869045,0.00003252,207.00000000,1
1531161934856,1531161934850,2869046,0.00003258,62.00000000,0
1531161934890,1531161934884,2869047,0.00003259,207.00000000,0
1531161934909,1531161934905,2869048,0.00003260,42.00000000,0
1531161935808,1531161935804,2869049,0.00003249,99.00000000,1
1531161935857,1531161935850,2869050,0.00003249,1564.00000000,0
1531161935887,1531161935883,2869051,0.00003259,488.00000000,0
1531161936871,1531161936854,2869052,0.00003256,1363.00000000,0
1531161936895,1531161936891,2869053,0.00003263,1253.00000000,0
1531161936928,1531161936922,2869054,0.00003266,107.00000000,0
1531161936955,1531161936951,2869055,0.00003267,154.00000000,0
1531161936989,1531161936982,2869056,0.00003268,935.00000000,0
1531161937021,1531161937019,2869057,0.00003269,306.00000000,0
1531161937044,1531161937039,2869058,0.00003271,232.00000000,0
1531161937077,1531161937073,2869059,0.00003272,182.00000000,0
1531161939854,1531161939850,2869060,0.00003274,543.00000000,0
1531161940846,1531161940842,2869061,0.00003273,1066.00000000,0
1531161941604,1531161941599,2869062,0.00003263,207.00000000,1
1531161941604,1531161941599,2869063,0.00003262,182.00000000,1
1531161947364,1531161947360,2869064,0.00003254,185.00000000,1
1531161949875,1531161949872,2869065,0.00003276,2116.00000000,0
1531161949875,1531161949872,2869066,0.00003277,473.00000000,0
1531161949875,1531161949872,2869067,0.00003278,179.00000000,0
1531161950081,1531161950077,2869068,0.00003278,960.00000000,1
1531161950369,1531161950366,2869069,0.00003280,452.00000000,0
1531161950866,1531161950856,2869070,0.00003282,1324.00000000,0
1531161950866,1531161950856,2869071,0.00003283,244.00000000,0
1531161950866,1531161950856,2869072,0.00003285,704.00000000,0
1531161950866,1531161950856,2869073,0.00003286,304.00000000,0
1531161950866,1531161950856,2869074,0.00003288,127.00000000,0
1531161950866,1531161950856,2869075,0.00003289,787.00000000,0
1531161950866,1531161950856,2869076,0.00003291,190.00000000,0
1531161950866,1531161950856,2869077,0.00003292,137.00000000,0
1531161950866,1531161950856,2869078,0.00003293,1099.00000000,0
1531161950866,1531161950856,2869079,0.00003294,122.00000000,0
1531161950866,1531161950856,2869080,0.00003296,245.00000000,0
1531161950866,1531161950856,2869081,0.00003298,132.00000000,0
1531161950866,1531161950856,2869082,0.00003299,577.00000000,0
1531161950866,1531161950856,2869083,0.00003300,180.00000000,0
1531161950866,1531161950856,2869084,0.00003302,181.00000000,0
1531161950903,1531161950895,2869085,0.00003289,40.00000000,0
1531161950903,1531161950895,2869086,0.00003303,360.00000000,0
1531161950903,1531161950895,2869087,0.00003304,304.00000000,0
1531161950903,1531161950895,2869088,0.00003305,258.00000000,0
1531161950903,1531161950895,2869089,0.00003306,182.00000000,0
1531161950903,1531161950895,2869090,0.00003307,227.00000000,0
1531161950903,1531161950895,2869091,0.00003308,180.00000000,0
1531161950903,1531161950895,2869092,0.00003309,181.00000000,0
1531161950903,1531161950895,2869093,0.00003311,181.00000000,0
1531161950903,1531161950895,2869094,0.00003312,181.00000000,0
1531161950903,1531161950895,2869095,0.00003314,425.00000000,0
1531161950903,1531161950895,2869096,0.00003315,44.00000000,0
1531161950903,1531161950895,2869097,0.00003317,268.00000000,0
1531161950903,1531161950895,2869098,0.00003322,87.00000000,0
1531161950927,1531161950927,2869099,0.00003322,40.00000000,0
1531161950958,1531161950953,2869100,0.00003337,417.00000000,0
1531161951017,1531161951014,2869101,0.00003344,152.00000000,0
1531161951017,1531161951014,2869102,0.00003346,47.00000000,0
1531161951230,1531161951225,2869103,0.00003281,453.00000000,1
1531161951230,1531161951225,2869104,0.00003279,440.00000000,1
1531161951270,1531161951265,2869105,0.00003346,35.00000000,0
1531161951585,1531161951582,2869106,0.00003281,181.00000000,1
1531161951640,1531161951635,2869107,0.00003281,179.00000000,0
1531161951802,1531161951797,2869108,0.00003280,1571.00000000,1
1531161951862,1531161951857,2869109,0.00003281,2.00000000,0
1531161951862,1531161951857,2869110,0.00003304,260.00000000,0
1531161951862,1531161951857,2869111,0.00003305,185.00000000,0
1531161951862,1531161951857,2869112,0.00003306,91.00000000,0
1531161951862,1531161951857,2869113,0.00003320,181.00000000,0
1531161951862,1531161951857,2869114,0.00003324,181.00000000,0
1531161951919,1531161951916,2869115,0.00003279,1449.00000000,1
1531161952301,1531161952298,2869116,0.00003282,181.00000000,1
1531161952388,1531161952385,2869117,0.00003279,182.00000000,1
1531161952482,1531161952477,2869118,0.00003280,200.00000000,1
1531161952860,1531161952855,2869119,0.00003301,487.00000000,0
1531161952860,1531161952855,2869120,0.00003302,181.00000000,0
1531161952860,1531161952855,2869121,0.00003308,181.00000000,0
1531161952860,1531161952855,2869122,0.00003312,356.00000000,0
1531161952860,1531161952855,2869123,0.00003314,179.00000000,0
1531161953462,1531161953457,2869124,0.00003282,45.00000000,1
1531161953858,1531161953853,2869125,0.00003299,779.00000000,0
1531161953858,1531161953853,2869126,0.00003301,200.00000000,0
1531161954737,1531161954732,2869127,0.00003313,179.00000000,1
1531161954759,1531161954755,2869128,0.00003313,60.00000000,1
1531161955259,1531161955255,2869129,0.00003311,44.00000000,1
1531161955849,1531161955845,2869130,0.00003330,44.00000000,0
1531161956424,1531161956420,2869131,0.00003309,178.00000000,1
1531161956503,1531161956499,2869132,0.00003302,178.00000000,1
1531161956850,1531161956846,2869133,0.00003329,422.00000000,0
1531161956873,1531161956869,2869134,0.00003331,235.00000000,0
1531161958535,1531161958530,2869135,0.00003317,623.00000000,1
1531161959170,1531161959165,2869136,0.00003304,2015.00000000,1
1531161959335,1531161959332,2869137,0.00003307,45.00000000,0
1531161959335,1531161959332,2869138,0.00003329,130.00000000,0
1531161960856,1531161960854,2869139,0.00003327,1898.00000000,0
1531161960856,1531161960854,2869140,0.00003328,295.00000000,0
1531161960856,1531161960854,2869141,0.00003329,48.00000000,0
1531161961461,1531161961459,2869142,0.00003340,60.00000000,0
1531161962296,1531161962290,2869143,0.00003313,150.00000000,1
1531161963221,1531161963218,2869144,0.00003314,150.00000000,1
1531161963432,1531161963427,2869145,0.00003337,2071.00000000,0
1531161963433,1531161963427,2869146,0.00003338,298.00000000,0
1531161977914,1531161977877,2869147,0.00003312,433.00000000,1
1531161982464,1531161982463,2869148,0.00003302,1747.00000000,1
1531161984707,1531161984702,2869149,0.00003324,59.00000000,0
1531161995893,1531161995888,2869150,0.00003304,150.00000000,0
1531161995918,1531161995916,2869151,0.00003305,1747.00000000,0
1531162000762,1531162000760,2869152,0.00003306,432.00000000,0
1531162000962,1531162000957,2869153,0.00003306,1.00000000,0
1531162000962,1531162000957,2869154,0.00003307,178.00000000,0
1531162002550,1531162002545,2869155,0.00003306,434.00000000,0
1531162017676,1531162017672,2869156,0.00003306,612.00000000,0
1531162017893,1531162017888,2869157,0.00003307,608.00000000,0
1531162017893,1531162017888,2869158,0.00003324,31.00000000,0
1531162021583,1531162021577,2869159,0.00003328,179.00000000,1
1531162027587,1531162027581,2869160,0.00003314,429.00000000,1
1531162027587,1531162027581,2869161,0.00003313,1208.00000000,1
1531162027881,1531162027877,2869162,0.00003310,2915.00000000,0
1531162035281,1531162035278,2869163,0.00003314,66.00000000,1
1531162046896,1531162046895,2869164,0.00003319,492.00000000,1
1531162046896,1531162046895,2869165,0.00003317,3014.00000000,1
1531162047896,1531162047891,2869166,0.00003319,245.00000000,1
1531162066777,1531162066776,2869167,0.00003309,52.00000000,1
1531162066997,1531162066993,2869168,0.00003309,107.00000000,1
1531162067645,1531162067641,2869169,0.00003308,115.00000000,1
1531162071900,1531162071896,2869170,0.00003311,115.00000000,0
1531162098887,1531162098883,2869171,0.00003313,72.00000000,0
1531162099896,1531162099891,2869172,0.00003312,775.00000000,0
1531162100752,1531162100747,2869173,0.00003311,1676.00000000,1
1531162100752,1531162100747,2869174,0.00003310,1219.00000000,1
1531162110895,1531162110891,2869175,0.00003310,1587.00000000,1
1531162110895,1531162110891,2869176,0.00003307,1723.00000000,1
1531162110895,1531162110891,2869177,0.00003300,136.00000000,1
1531162110917,1531162110912,2869178,0.00003288,203.00000000,1
1531162110917,1531162110912,2869179,0.00003286,236.00000000,1
1531162110953,1531162110949,2869180,0.00003298,297.00000000,1
1531162110953,1531162110949,2869181,0.00003284,153.00000000,1
1531162110975,1531162110969,2869182,0.00003284,28.00000000,1
1531162110975,1531162110969,2869183,0.00003283,339.00000000,1
1531162111007,1531162111002,2869184,0.00003282,247.00000000,1
1531162111396,1531162111391,2869185,0.00003295,41.00000000,0
1531162111972,1531162111968,2869186,0.00003295,25.00000000,0
1531162111972,1531162111968,2869187,0.00003296,65.00000000,0
1531162111972,1531162111968,2869188,0.00003302,135.00000000,0
1531162113419,1531162113412,2869189,0.00003302,1.00000000,0
1531162113419,1531162113412,2869190,0.00003310,179.00000000,0
1531162113777,1531162113773,2869191,0.00003289,183.00000000,0
1531162116188,1531162116183,2869192,0.00003295,59.00000000,0
1531162116188,1531162116183,2869193,0.00003299,35.00000000,0
1531162116188,1531162116183,2869194,0.00003311,2.00000000,0
1531162126705,1531162126700,2869195,0.00003305,181.00000000,0
1531162126705,1531162126700,2869196,0.00003307,159.00000000,0
1531162126705,1531162126700,2869197,0.00003311,98.00000000,0
1531162126831,1531162126826,2869198,0.00003311,92.00000000,1
1531162126898,1531162126896,2869199,0.00003313,223.00000000,0
1531162126898,1531162126896,2869200,0.00003314,151.00000000,0
1531162126898,1531162126896,2869201,0.00003316,232.00000000,0
1531162128126,1531162128122,2869202,0.00003326,1742.00000000,0
1531162128126,1531162128122,2869203,0.00003327,326.00000000,0
1531162162960,1531162162954,2869204,0.00003314,30.00000000,1
1531162164955,1531162164951,2869205,0.00003311,30.00000000,1
1531162168242,1531162168237,2869206,0.00003326,31.00000000,0
1531162170885,1531162170882,2869207,0.00003323,61.00000000,1
1531162187897,1531162187889,2869208,0.00003316,61.00000000,1
1531162187897,1531162187889,2869209,0.00003312,158.00000000,1
1531162187897,1531162187889,2869210,0.00003309,61.00000000,1
1531162187897,1531162187889,2869211,0.00003302,61.00000000,1
1531162187897,1531162187889,2869212,0.00003298,42.00000000,1
1531162187897,1531162187889,2869213,0.00003294,1649.00000000,1
1531162187897,1531162187889,2869214,0.00003293,455.00000000,1
1531162188931,1531162188926,2869215,0.00003291,1070.00000000,1
1531162188931,1531162188926,2869216,0.00003289,135.00000000,1
1531162188931,1531162188926,2869217,0.00003288,267.00000000,1
1531162188931,1531162188926,2869218,0.00003287,783.00000000,1
1531162188953,1531162188949,2869219,0.00003287,873.00000000,1
1531162188974,1531162188969,2869220,0.00003286,1355.00000000,1
1531162188996,1531162188992,2869221,0.00003284,152.00000000,1
1531162189036,1531162189034,2869222,0.00003283,355.00000000,1
1531162189062,1531162189056,2869223,0.00003282,721.00000000,1
1531162189089,1531162189083,2869224,0.00003281,413.00000000,1
1531162189109,1531162189106,2869225,0.00003291,380.00000000,1
1531162189109,1531162189106,2869226,0.00003290,71.00000000,1
1531162189143,1531162189138,2869227,0.00003298,377.00000000,1
1531162189143,1531162189138,2869228,0.00003290,74.00000000,1
1531162189170,1531162189165,2869229,0.00003290,62.00000000,1
1531162189170,1531162189165,2869230,0.00003280,389.00000000,1
1531162189199,1531162189197,2869231,0.00003280,10.00000000,1
1531162189199,1531162189197,2869232,0.00003279,87.00000000,1
1531162189233,1531162189230,2869233,0.00003278,117.00000000,1
1531162189896,1531162189891,2869234,0.00003295,61.00000000,1
1531162189896,1531162189891,2869235,0.00003279,1070.00000000,1
1531162189896,1531162189891,2869236,0.00003278,131.00000000,1
1531162190159,1531162190154,2869237,0.00003278,151.00000000,1
1531162190159,1531162190154,2869238,0.00003277,294.00000000,1
1531162190159,1531162190154,2869239,0.00003275,220.00000000,1
1531162190197,1531162190191,2869240,0.00003275,151.00000000,1
1531162190197,1531162190191,2869241,0.00003274,33.00000000,1
1531162191180,1531162191176,2869242,0.00003280,379.00000000,1
1531162191245,1531162191241,2869243,0.00003280,92.00000000,1
1531162191245,1531162191241,2869244,0.00003273,671.00000000,1
1531162191267,1531162191264,2869245,0.00003272,133.00000000,1
1531162191288,1531162191285,2869246,0.00003270,91.00000000,1
1531162192728,1531162192724,2869247,0.00003294,33.00000000,0
1531162192728,1531162192724,2869248,0.00003295,147.00000000,0
1531162204904,1531162204899,2869249,0.00003277,2719.00000000,1
1531162206899,1531162206894,2869250,0.00003276,529.00000000,1
1531162206934,1531162206929,2869251,0.00003276,529.00000000,1
1531162206953,1531162206949,2869252,0.00003276,529.00000000,1
1531162206982,1531162206979,2869253,0.00003276,226.00000000,1
1531162206982,1531162206979,2869254,0.00003271,180.00000000,1
1531162206982,1531162206979,2869255,0.00003269,94.00000000,1
1531162206982,1531162206979,2869256,0.00003268,29.00000000,1
1531162207003,1531162206999,2869257,0.00003268,123.00000000,1
1531162207003,1531162206999,2869258,0.00003266,103.00000000,1
1531162207003,1531162206999,2869259,0.00003264,451.00000000,1
1531162207034,1531162207032,2869260,0.00003262,123.00000000,1
1531162207055,1531162207053,2869261,0.00003261,48.00000000,1
1531162207897,1531162207894,2869262,0.00003267,150.00000000,0
1531162207897,1531162207894,2869263,0.00003268,1355.00000000,0
1531162208904,1531162208899,2869264,0.00003265,42.00000000,0
1531162211572,1531162211568,2869265,0.00003270,61.00000000,0
1531162215602,1531162215599,2869266,0.00003266,180.00000000,0
1531162215602,1531162215599,2869267,0.00003267,66.00000000,0
1531162217957,1531162217952,2869268,0.00003264,100.00000000,0
1531162218408,1531162218402,2869269,0.00003264,51.00000000,0
1531162218408,1531162218402,2869270,0.00003265,10.00000000,0
1531162223489,1531162223484,2869271,0.00003262,180.00000000,1
1531162228135,1531162228132,2869272,0.00003264,65.00000000,0
1531162228462,1531162228456,2869273,0.00003265,117.00000000,1
1531162228462,1531162228456,2869274,0.00003262,279.00000000,1
1531162228881,1531162228826,2869275,0.00003274,207.00000000,0
1531162228881,1531162228826,2869276,0.00003275,45.00000000,0
1531162228881,1531162228826,2869277,0.00003277,158.00000000,0
1531162228881,1531162228826,2869278,0.00003279,52.00000000,0
1531162228881,1531162228826,2869279,0.00003285,123.00000000,0
1531162228881,1531162228826,2869280,0.00003286,102.00000000,0
1531162228881,1531162228826,2869281,0.00003287,36.00000000,0
1531162228881,1531162228826,2869282,0.00003288,44.00000000,0
1531162228881,1531162228826,2869283,0.00003289,129.00000000,0
1531162228881,1531162228826,2869284,0.00003290,33.00000000,0
1531162228881,1531162228826,2869285,0.00003293,340.00000000,0
1531162228881,1531162228826,2869286,0.00003294,165.00000000,0
1531162228881,1531162228826,2869287,0.00003295,178.00000000,0
1531162228881,1531162228826,2869288,0.00003296,671.00000000,0
1531162228881,1531162228826,2869289,0.00003297,103.00000000,0
1531162228881,1531162228826,2869290,0.00003300,1656.00000000,0
1531162228881,1531162228826,2869291,0.00003306,175.00000000,0
1531162228881,1531162228826,2869292,0.00003307,158.00000000,0
1531162228881,1531162228826,2869293,0.00003308,1107.00000000,0
1531162228881,1531162228826,2869294,0.00003310,2229.00000000,0
1531162228881,1531162228826,2869295,0.00003312,135.00000000,0
1531162228881,1531162228826,2869296,0.00003313,181.00000000,0
1531162228881,1531162228826,2869297,0.00003315,182.00000000,0
1531162228881,1531162228826,2869298,0.00003318,201.00000000,0
1531162228881,1531162228826,2869299,0.00003320,180.00000000,0
1531162228881,1531162228826,2869300,0.00003321,181.00000000,0
1531162228881,1531162228826,2869301,0.00003322,1813.00000000,0
1531162228881,1531162228826,2869302,0.00003323,2830.00000000,0
1531162228881,1531162228826,2869303,0.00003325,859.00000000,0
1531162228881,1531162228826,2869304,0.00003326,183.00000000,0
1531162228881,1531162228826,2869305,0.00003327,720.00000000,0
1531162228881,1531162228826,2869306,0.00003328,2068.00000000,0
1531162228881,1531162228826,2869307,0.00003330,7309.00000000,0
1531162228881,1531162228826,2869308,0.00003334,47.00000000,0
1531162228881,1531162228826,2869309,0.00003345,735.00000000,0
1531162228881,1531162228826,2869310,0.00003346,179.00000000,0
1531162228881,1531162228826,2869311,0.00003347,47.00000000,0
1531162228881,1531162228826,2869312,0.00003350,3014.00000000,0
1531162228881,1531162228826,2869313,0.00003360,297.00000000,0
1531162228881,1531162228826,2869314,0.00003363,179.00000000,0
1531162228881,1531162228826,2869315,0.00003366,2177.00000000,0
1531162228881,1531162228826,2869316,0.00003368,1439.00000000,0
1531162228881,1531162228826,2869317,0.00003371,133.00000000,0
1531162228881,1531162228826,2869318,0.00003372,1008.00000000,0
1531162228881,1531162228826,2869319,0.00003377,3008.00000000,0
1531162228881,1531162228826,2869320,0.00003379,69.00000000,0
1531162228881,1531162228826,2869321,0.00003382,137.00000000,0
1531162228881,1531162228826,2869322,0.00003387,69.00000000,0
1531162228881,1531162228826,2869323,0.00003393,181.00000000,0
1531162228881,1531162228826,2869324,0.00003396,2600.00000000,0
1531162228881,1531162228826,2869325,0.00003397,370.00000000,0
1531162228881,1531162228826,2869326,0.00003398,3164.00000000,0
1531162228881,1531162228826,2869327,0.00003399,16705.00000000,0
1531162228881,1531162228826,2869328,0.00003400,4736.00000000,0
1531162228881,1531162228826,2869329,0.00003405,30.00000000,0
1531162228881,1531162228826,2869330,0.00003408,649.00000000,0
1531162228881,1531162228826,2869331,0.00003410,6122.00000000,0
1531162228881,1531162228826,2869332,0.00003412,39.00000000,0
1531162228881,1531162228826,2869333,0.00003414,60.00000000,0
1531162228881,1531162228826,2869334,0.00003417,447.00000000,0
1531162228881,1531162228826,2869335,0.00003420,1890.00000000,0
1531162228881,1531162228826,2869336,0.00003421,98.00000000,0
1531162228881,1531162228826,2869337,0.00003423,170.00000000,0
1531162228881,1531162228826,2869338,0.00003424,1069.00000000,0
1531162228881,1531162228826,2869339,0.00003430,4355.00000000,0
1531162228881,1531162228826,2869340,0.00003432,176.00000000,0
1531162228881,1531162228826,2869341,0.00003437,310.00000000,0
1531162228881,1531162228826,2869342,0.00003440,663.00000000,0
1531162228881,1531162228826,2869343,0.00003446,2823.00000000,0
1531162228881,1531162228826,2869344,0.00003447,759.00000000,0
1531162228881,1531162228826,2869345,0.00003450,481.00000000,0
1531162228881,1531162228826,2869346,0.00003455,10207.00000000,0
1531162228881,1531162228826,2869347,0.00003457,1676.00000000,0
1531162228881,1531162228826,2869348,0.00003458,47.00000000,0
1531162228881,1531162228826,2869349,0.00003460,5017.00000000,0
1531162228881,1531162228826,2869350,0.00003464,3881.00000000,0
1531162228881,1531162228826,2869351,0.00003470,206.00000000,0
1531162228881,1531162228826,2869352,0.00003480,8745.00000000,0
1531162228881,1531162228826,2869353,0.00003481,690.00000000,0
1531162228881,1531162228826,2869354,0.00003482,76.00000000,0
1531162228881,1531162228826,2869355,0.00003484,60.00000000,0
1531162228881,1531162228826,2869356,0.00003485,362.00000000,0
1531162228881,1531162228826,2869357,0.00003490,1071.00000000,0
1531162228881,1531162228826,2869358,0.00003495,146.00000000,0
1531162228881,1531162228826,2869359,0.00003500,18343.00000000,0
1531162228881,1531162228826,2869360,0.00003501,60.00000000,0
1531162228881,1531162228826,2869361,0.00003504,2776.00000000,0
1531162228881,1531162228826,2869362,0.00003507,940.00000000,0
1531162228881,1531162228826,2869363,0.00003515,5932.00000000,0
1531162228881,1531162228826,2869364,0.00003537,1064.00000000,0
1531162228881,1531162228826,2869365,0.00003550,1499.00000000,0
1531162228881,1531162228826,2869366,0.00003565,33.00000000,0
1531162228881,1531162228826,2869367,0.00003569,1419.00000000,0
1531162228881,1531162228826,2869368,0.00003570,162.00000000,0
1531162228881,1531162228826,2869369,0.00003580,4373.00000000,0
1531162228881,1531162228826,2869370,0.00003581,1504.00000000,0
1531162228881,1531162228826,2869371,0.00003590,1465.00000000,0
1531162228881,1531162228826,2869372,0.00003598,91.00000000,0
1531162228881,1531162228826,2869373,0.00003600,4491.00000000,0
1531162228881,1531162228826,2869374,0.00003619,282.00000000,0
1531162228881,1531162228826,2869375,0.00003620,1666.00000000,0
1531162228881,1531162228826,2869376,0.00003622,44.00000000,0
1531162228881,1531162228826,2869377,0.00003623,82.00000000,0
1531162228881,1531162228826,2869378,0.00003632,2705.00000000,0
1531162228881,1531162228826,2869379,0.00003640,4373.00000000,0
1531162228881,1531162228826,2869380,0.00003650,9147.00000000,0
1531162228881,1531162228826,2869381,0.00003658,208.00000000,0
1531162228881,1531162228826,2869382,0.00003659,356.00000000,0
1531162228881,1531162228826,2869383,0.00003660,217.00000000,0
1531162228881,1531162228826,2869384,0.00003663,8695.00000000,0
1531162228881,1531162228826,2869385,0.00003665,1385.00000000,0
1531162228881,1531162228826,2869386,0.00003670,1815.00000000,0
1531162228881,1531162228826,2869387,0.00003677,1197.00000000,0
1531162228881,1531162228826,2869388,0.00003680,2600.00000000,0
1531162228881,1531162228826,2869389,0.00003689,190.00000000,0
1531162228881,1531162228826,2869390,0.00003690,2363.00000000,0
1531162228881,1531162228826,2869391,0.00003692,417.00000000,0
1531162228881,1531162228826,2869392,0.00003695,280.00000000,0
1531162228881,1531162228826,2869393,0.00003696,1160.00000000,0
1531162228881,1531162228826,2869394,0.00003698,2364.00000000,0
1531162228881,1531162228826,2869395,0.00003699,9404.00000000,0
1531162228881,1531162228826,2869396,0.00003700,8983.00000000,0
1531162228881,1531162228826,2869397,0.00003702,599.00000000,0
1531162228881,1531162228826,2869398,0.00003705,87.00000000,0
1531162228881,1531162228826,2869399,0.00003710,33.00000000,0
1531162228881,1531162228826,2869400,0.00003715,1872.00000000,0
1531162228881,1531162228826,2869401,0.00003719,101.00000000,0
1531162228881,1531162228826,2869402,0.00003720,1386.00000000,0
1531162228881,1531162228826,2869403,0.00003724,1633.00000000,0
1531162228881,1531162228826,2869404,0.00003725,6373.00000000,0
1531162228881,1531162228826,2869405,0.00003730,2034.00000000,0
1531162228881,1531162228826,2869406,0.00003741,158.00000000,0
1531162228881,1531162228826,2869407,0.00003745,650.00000000,0
1531162228881,1531162228826,2869408,0.00003749,1164.00000000,0
1531162228881,1531162228826,2869409,0.00003750,1551.00000000,0
1531162228989,1531162228986,2869410,0.00003446,55.00000000,0
1531162229064,1531162229062,2869411,0.00003314,150.00000000,1
1531162229065,1531162229062,2869412,0.00003314,150.00000000,1
1531162229067,1531162229062,2869413,0.00003314,150.00000000,1
1531162229082,1531162229076,2869414,0.00003360,183.00000000,0
1531162229082,1531162229076,2869415,0.00003446,117.00000000,0
1531162229229,1531162229224,2869416,0.00003359,177.00000000,1
1531162229235,1531162229231,2869417,0.00003330,177.00000000,1
1531162229279,1531162229274,2869418,0.00003330,263.00000000,1
1531162229279,1531162229274,2869419,0.00003326,1252.00000000,1
1531162229429,1531162229426,2869420,0.00003326,1917.00000000,1
1531162229570,1531162229567,2869421,0.00003358,177.00000000,1
1531162229585,1531162229581,2869422,0.00003353,178.00000000,1
1531162229585,1531162229581,2869423,0.00003336,59.00000000,1
1531162229593,1531162229587,2869424,0.00003327,3904.00000000,1
1531162229593,1531162229587,2869425,0.00003326,251.00000000,1
1531162229658,1531162229654,2869426,0.00003334,147.00000000,0
1531162229892,1531162229888,2869427,0.00003334,66.00000000,0
1531162229892,1531162229888,2869428,0.00003358,84.00000000,0
1531162229892,1531162229888,2869429,0.00003360,183.00000000,0
1531162229958,1531162229952,2869430,0.00003328,1454.00000000,1
1531162229958,1531162229952,2869431,0.00003327,203.00000000,1
1531162229958,1531162229952,2869432,0.00003326,723.00000000,1
1531162229985,1531162229982,2869433,0.00003326,182.00000000,1
1531162230188,1531162230184,2869434,0.00003330,37.00000000,0
1531162230410,1531162230405,2869435,0.00003330,403.00000000,0
1531162230899,1531162230894,2869436,0.00003347,37.00000000,0
1531162230899,1531162230894,2869437,0.00003357,586.00000000,0
1531162230899,1531162230894,2869438,0.00003368,203.00000000,0
1531162230899,1531162230894,2869439,0.00003369,59.00000000,0
1531162231373,1531162231373,2869440,0.00003388,67.00000000,1
1531162231422,1531162231417,2869441,0.00003388,134.00000000,1
1531162231423,1531162231420,2869442,0.00003388,31.00000000,1
1531162231567,1531162231566,2869443,0.00003388,46.00000000,0
1531162231723,1531162231718,2869444,0.00003388,128.00000000,1
1531162231891,1531162231888,2869445,0.00003388,43.00000000,0
1531162231904,1531162231899,2869446,0.00003388,81.00000000,0
1531162231904,1531162231899,2869447,0.00003420,832.00000000,0
1531162231905,1531162231899,2869448,0.00003422,40.00000000,0
1531162231927,1531162231924,2869449,0.00003422,134.00000000,0
1531162232199,1531162232194,2869450,0.00003332,3.00000000,1
1531162232409,1531162232404,2869451,0.00003400,93.00000000,1
1531162232890,1531162232887,2869452,0.00003422,275.00000000,0
1531162232890,1531162232887,2869453,0.00003431,35.00000000,0
1531162232913,1531162232908,2869454,0.00003434,147.00000000,0
1531162233082,1531162233077,2869455,0.00003401,172.00000000,1
1531162233310,1531162233307,2869456,0.00003401,29.00000000,1
1531162233310,1531162233307,2869457,0.00003399,171.00000000,1
1531162233923,1531162233899,2869458,0.00003401,454.00000000,0
1531162233923,1531162233899,2869459,0.00003434,93.00000000,0
1531162233923,1531162233899,2869460,0.00003443,201.00000000,0
1531162233923,1531162233899,2869461,0.00003445,1454.00000000,0
1531162233923,1531162233899,2869462,0.00003446,4038.00000000,0
1531162234408,1531162234405,2869463,0.00003419,171.00000000,0
1531162234905,1531162234898,2869464,0.00003560,1224.00000000,0
1531162234907,1531162234905,2869465,0.00003513,168.00000000,1
1531162234920,1531162234919,2869466,0.00003415,168.00000000,1
1531162234926,1531162234922,2869467,0.00003415,6.00000000,1
1531162234926,1531162234922,2869468,0.00003410,162.00000000,1
1531162234934,1531162234929,2869469,0.00003700,168.00000000,0
1531162234947,1531162234943,2869470,0.00003411,263.00000000,1
1531162234991,1531162234985,2869471,0.00003411,515.00000000,1
1531162235008,1531162235001,2869472,0.00003411,91.00000000,1
1531162235071,1531162235068,2869473,0.00003459,141.00000000,0
1531162235145,1531162235140,2869474,0.00003458,92.00000000,0
1531162235154,1531162235150,2869475,0.00003458,65.00000000,0
1531162235235,1531162235232,2869476,0.00003411,2.00000000,1
1531162235692,1531162235688,2869477,0.00003422,107.00000000,1
1531162235692,1531162235688,2869478,0.00003416,42.00000000,1
1531162235692,1531162235688,2869479,0.00003411,28.00000000,1
1531162235765,1531162235760,2869480,0.00003411,274.00000000,1
1531162235765,1531162235760,2869481,0.00003410,70.00000000,1
1531162235903,1531162235899,2869482,0.00003451,107.00000000,0
1531162235903,1531162235899,2869483,0.00003457,2340.00000000,0
1531162235903,1531162235899,2869484,0.00003458,1582.00000000,0
1531162235903,1531162235899,2869485,0.00003459,4184.00000000,0
1531162235903,1531162235899,2869486,0.00003480,141.00000000,0
1531162235939,1531162235934,2869487,0.00003489,178.00000000,0
1531162235939,1531162235934,2869488,0.00003548,260.00000000,0
1531162236073,1531162236067,2869489,0.00003417,185.00000000,1
1531162236194,1531162236188,2869490,0.00003413,87.00000000,1
1531162236194,1531162236188,2869491,0.00003411,74.00000000,1
1531162236305,1531162236301,2869492,0.00003417,272.00000000,0
1531162236333,1531162236328,2869493,0.00003439,200.00000000,1
1531162236366,1531162236363,2869494,0.00003439,307.00000000,1
1531162236387,1531162236382,2869495,0.00003439,1083.00000000,1
1531162236394,1531162236390,2869496,0.00003442,160.00000000,0
1531162236434,1531162236428,2869497,0.00003442,14.00000000,0
1531162236434,1531162236428,2869498,0.00003481,87.00000000,0
1531162236434,1531162236428,2869499,0.00003553,42.00000000,0
1531162236434,1531162236428,2869500,0.00003700,32.00000000,0
1531162236523,1531162236520,2869501,0.00003439,177.00000000,1
1531162236565,1531162236560,2869502,0.00003439,476.00000000,1
1531162236662,1531162236658,2869503,0.00003634,190.00000000,1
1531162236677,1531162236671,2869504,0.00003524,169.00000000,1
1531162236677,1531162236671,2869505,0.00003439,21.00000000,1
1531162236708,1531162236704,2869506,0.00003439,144.00000000,1
1531162236712,1531162236708,2869507,0.00003439,169.00000000,1
1531162236719,1531162236715,2869508,0.00003439,149.00000000,1
1531162236900,1531162236895,2869509,0.00003445,74.00000000,0
1531162236900,1531162236895,2869510,0.00003473,169.00000000,0
1531162236930,1531162236927,2869511,0.00003514,140.00000000,1
1531162236935,1531162236934,2869512,0.00003439,140.00000000,1
1531162236957,1531162236956,2869513,0.00003439,151.00000000,1
1531162237012,1531162237008,2869514,0.00003445,3.00000000,1
1531162237783,1531162237779,2869515,0.00003557,137.00000000,0
1531162237890,1531162237889,2869516,0.00003557,679.00000000,0
1531162237890,1531162237889,2869517,0.00003559,169.00000000,0
1531162237914,1531162237908,2869518,0.00003647,160.00000000,0
1531162237914,1531162237908,2869519,0.00003655,1172.00000000,0
1531162237914,1531162237908,2869520,0.00003656,190.00000000,0
1531162237923,1531162237920,2869521,0.00003509,168.00000000,1
1531162237953,1531162237949,2869522,0.00003446,273.00000000,1
1531162238008,1531162238004,2869523,0.00003446,960.00000000,1
1531162238116,1531162238111,2869524,0.00003474,140.00000000,0
1531162238116,1531162238111,2869525,0.00003503,28.00000000,0
1531162238171,1531162238165,2869526,0.00003503,37.00000000,0
1531162238483,1531162238467,2869527,0.00003460,172.00000000,1
1531162238483,1531162238467,2869528,0.00003453,177.00000000,1
1531162238497,1531162238492,2869529,0.00003512,56.00000000,1
1531162238502,1531162238498,2869530,0.00003544,54.00000000,0
1531162238504,1531162238502,2869531,0.00003521,56.00000000,1
1531162238527,1531162238523,2869532,0.00003521,547.00000000,1
1531162238534,1531162238528,2869533,0.00003521,493.00000000,1
1531162238677,1531162238673,2869534,0.00003467,169.00000000,0
1531162238709,1531162238705,2869535,0.00003467,169.00000000,0
1531162238808,1531162238802,2869536,0.00003467,38.00000000,0
1531162238902,1531162238895,2869537,0.00003467,14.00000000,0
1531162238902,1531162238895,2869538,0.00003488,172.00000000,0
1531162238902,1531162238895,2869539,0.00003494,1236.00000000,0
1531162238902,1531162238895,2869540,0.00003495,172.00000000,0
1531162238902,1531162238895,2869541,0.00003544,289.00000000,0
1531162238902,1531162238895,2869542,0.00003551,56.00000000,0
1531162238902,1531162238895,2869543,0.00003575,137.00000000,0
1531162238902,1531162238895,2869544,0.00003583,168.00000000,0
1531162239034,1531162239031,2869545,0.00003598,54.00000000,1
1531162239041,1531162239036,2869546,0.00003598,110.00000000,1
1531162239041,1531162239036,2869547,0.00003511,167.00000000,1
1531162239041,1531162239036,2869548,0.00003454,172.00000000,1
1531162239041,1531162239036,2869549,0.00003453,167.00000000,1
1531162239061,1531162239059,2869550,0.00003447,164.00000000,1
1531162239209,1531162239205,2869551,0.00003511,41.00000000,1
1531162239227,1531162239224,2869552,0.00003505,131.00000000,0
1531162239227,1531162239224,2869553,0.00003529,17.00000000,0
1531162239443,1531162239438,2869554,0.00003508,168.00000000,1
1531162239453,1531162239447,2869555,0.00003529,150.00000000,0
1531162239453,1531162239447,2869556,0.00003541,16.00000000,0
1531162239542,1531162239539,2869557,0.00003528,56.00000000,0
1531162239577,1531162239572,2869558,0.00003509,338.00000000,1
1531162239620,1531162239616,2869559,0.00003528,90.00000000,0
1531162239903,1531162239897,2869560,0.00003523,172.00000000,0
1531162239903,1531162239897,2869561,0.00003528,1118.00000000,0
1531162239903,1531162239897,2869562,0.00003541,20.00000000,0
1531162239903,1531162239897,2869563,0.00003597,164.00000000,0
1531162239903,1531162239897,2869564,0.00003606,169.00000000,0
1531162239903,1531162239897,2869565,0.00003636,166.00000000,0
1531162239940,1531162239933,2869566,0.00003696,41.00000000,0
1531162239940,1531162239933,2869567,0.00003698,190.00000000,0
1531162239940,1531162239933,2869568,0.00003699,5073.00000000,0
1531162239940,1531162239933,2869569,0.00003700,4021.00000000,0
1531162240006,1531162240001,2869570,0.00003523,169.00000000,1
1531162240105,1531162240100,2869571,0.00003522,338.00000000,1
1531162240105,1531162240100,2869572,0.00003515,298.00000000,1
1531162240105,1531162240100,2869573,0.00003509,276.00000000,1
1531162240269,1531162240264,2869574,0.00003523,161.00000000,0
1531162240301,1531162240298,2869575,0.00003523,8.00000000,0
1531162240301,1531162240298,2869576,0.00003557,158.00000000,0
1531162240639,1531162240636,2869577,0.00003551,42.00000000,1
1531162240680,1531162240675,2869578,0.00003523,38.00000000,1
1531162240887,1531162240884,2869579,0.00003523,1909.00000000,1
1531162240887,1531162240884,2869580,0.00003522,71.00000000,1
1531162240925,1531162240919,2869581,0.00003529,148.00000000,0
1531162240925,1531162240919,2869582,0.00003557,11.00000000,0
1531162240925,1531162240919,2869583,0.00003558,330.00000000,0
1531162241079,1531162241075,2869584,0.00003558,2081.00000000,1
1531162241134,1531162241132,2869585,0.00003558,90.00000000,1
1531162241152,1531162241147,2869586,0.00003558,220.00000000,1
1531162241213,1531162241208,2869587,0.00003558,40.00000000,1
1531162241219,1531162241214,2869588,0.00003558,380.00000000,1
1531162241275,1531162241270,2869589,0.00003575,166.00000000,0
1531162241524,1531162241518,2869590,0.00003559,137.00000000,1
1531162241845,1531162241840,2869591,0.00003575,3.00000000,0
1531162241845,1531162241840,2869592,0.00003584,159.00000000,0
1531162241905,1531162241900,2869593,0.00003584,7.00000000,0
1531162241905,1531162241900,2869594,0.00003585,298.00000000,0
1531162241905,1531162241900,2869595,0.00003623,166.00000000,0
1531162241939,1531162241934,2869596,0.00003559,215.00000000,1
1531162242005,1531162242001,2869597,0.00003560,143.00000000,1
1531162242242,1531162242237,2869598,0.00003564,140.00000000,1
1531162242242,1531162242237,2869599,0.00003563,29.00000000,1
1531162242397,1531162242394,2869600,0.00003563,138.00000000,1
1531162242397,1531162242394,2869601,0.00003560,2.00000000,1
1531162242400,1531162242396,2869602,0.00003560,320.00000000,1
1531162242436,1531162242432,2869603,0.00003560,244.00000000,1
1531162242694,1531162242692,2869604,0.00003598,165.00000000,1
1531162242993,1531162242986,2869605,0.00003575,32.00000000,1
1531162242993,1531162242986,2869606,0.00003561,76.00000000,1
1531162243276,1531162243275,2869607,0.00003588,2.00000000,1
1531162243299,1531162243292,2869608,0.00003588,71.00000000,1
1531162243312,1531162243307,2869609,0.00003598,164.00000000,0
1531162244177,1531162244173,2869610,0.00003595,709.00000000,0
1531162244279,1531162244275,2869611,0.00003588,93.00000000,1
1531162244279,1531162244275,2869612,0.00003579,165.00000000,1
1531162244440,1531162244435,2869613,0.00003596,165.00000000,0
1531162245204,1531162245203,2869614,0.00003571,664.00000000,1
1531162245907,1531162245903,2869615,0.00003561,94.00000000,1
1531162246186,1531162246182,2869616,0.00003562,38.00000000,1
1531162246186,1531162246182,2869617,0.00003561,474.00000000,1
1531162246837,1531162246833,2869618,0.00003561,39.00000000,1
1531162247222,1531162247218,2869619,0.00003561,432.00000000,1
1531162249175,1531162249171,2869620,0.00003567,165.00000000,1
1531162249175,1531162249171,2869621,0.00003566,69.00000000,1
1531162249175,1531162249171,2869622,0.00003560,87.00000000,1
1531162249175,1531162249171,2869623,0.00003559,204.00000000,1
1531162249175,1531162249171,2869624,0.00003558,174.00000000,1
1531162249726,1531162249721,2869625,0.00003558,165.00000000,1
1531162249983,1531162249979,2869626,0.00003558,139.00000000,1
1531162250579,1531162250575,2869627,0.00003566,49.00000000,0
1531162251526,1531162251521,2869628,0.00003566,495.00000000,0
1531162251919,1531162251916,2869629,0.00003561,30.00000000,1
1531162252402,1531162252397,2869630,0.00003561,2110.00000000,1
1531162254210,1531162254206,2869631,0.00003562,352.00000000,0
1531162254210,1531162254206,2869632,0.00003563,568.00000000,0
1531162254210,1531162254206,2869633,0.00003564,297.00000000,0
1531162254303,1531162254300,2869634,0.00003553,83.00000000,1
1531162254495,1531162254489,2869635,0.00003550,36.00000000,1
1531162254495,1531162254489,2869636,0.00003538,129.00000000,1
1531162254954,1531162254950,2869637,0.00003538,242.00000000,1
1531162255426,1531162255421,2869638,0.00003557,31.00000000,0
1531162256505,1531162256499,2869639,0.00003556,34.00000000,1
1531162257277,1531162257271,2869640,0.00003538,69.00000000,1
1531162257734,1531162257729,2869641,0.00003538,130.00000000,1
1531162259271,1531162259265,2869642,0.00003538,127.00000000,1
1531162260334,1531162260330,2869643,0.00003538,200.00000000,1
1531162260561,1531162260556,2869644,0.00003538,1423.00000000,1
1531162261181,1531162261179,2869645,0.00003538,1877.00000000,0
1531162262891,1531162262886,2869646,0.00003521,45.00000000,1
1531162262923,1531162262919,2869647,0.00003520,649.00000000,1
1531162263609,1531162263603,2869648,0.00003520,135.00000000,0
1531162263893,1531162263888,2869649,0.00003517,1000.00000000,1
1531162263925,1531162263920,2869650,0.00003512,140.00000000,1
1531162263925,1531162263920,2869651,0.00003511,168.00000000,1
1531162264242,1531162264236,2869652,0.00003530,644.00000000,0
1531162264242,1531162264236,2869653,0.00003531,164.00000000,0
1531162264242,1531162264236,2869654,0.00003534,38.00000000,0
1531162264242,1531162264236,2869655,0.00003537,16.00000000,0
1531162264904,1531162264900,2869656,0.00003504,874.00000000,1
1531162264904,1531162264900,2869657,0.00003503,187.00000000,1
1531162264904,1531162264900,2869658,0.00003502,52.00000000,1
1531162264934,1531162264930,2869659,0.00003498,587.00000000,1
1531162264954,1531162264951,2869660,0.00003497,110.00000000,1
1531162265208,1531162265205,2869661,0.00003502,113.00000000,0
1531162265289,1531162265286,2869662,0.00003502,86.00000000,0
1531162266145,1531162266141,2869663,0.00003501,581.00000000,0
1531162266350,1531162266347,2869664,0.00003501,29.00000000,0
1531162266744,1531162266740,2869665,0.00003500,1.00000000,0
1531162266895,1531162266892,2869666,0.00003493,1043.00000000,1
1531162266918,1531162266912,2869667,0.00003492,133.00000000,1
1531162266918,1531162266912,2869668,0.00003490,141.00000000,1
1531162266942,1531162266937,2869669,0.00003500,39.00000000,0
1531162266953,1531162266950,2869670,0.00003489,42.00000000,1
1531162266953,1531162266950,2869671,0.00003488,150.00000000,1
1531162266982,1531162266977,2869672,0.00003500,583.00000000,0
1531162268089,1531162268084,2869673,0.00003500,29.00000000,0
1531162268566,1531162268561,2869674,0.00003494,142.00000000,0
1531162268896,1531162268891,2869675,0.00003488,356.00000000,1
1531162268896,1531162268891,2869676,0.00003485,90.00000000,1
1531162268926,1531162268922,2869677,0.00003480,115.00000000,1
1531162269004,1531162268999,2869678,0.00003494,22.00000000,0
1531162269004,1531162268999,2869679,0.00003499,36.00000000,0
1531162269018,1531162269014,2869680,0.00003499,29.00000000,0
1531162269155,1531162269150,2869681,0.00003499,29.00000000,0
1531162269437,1531162269432,2869682,0.00003499,29.00000000,0
1531162269848,1531162269842,2869683,0.00003487,44.00000000,0
1531162270164,1531162270161,2869684,0.00003487,121.00000000,0
1531162270329,1531162270325,2869685,0.00003498,119.00000000,0
1531162270402,1531162270397,2869686,0.00003494,31.00000000,1
1531162270720,1531162270717,2869687,0.00003496,29.00000000,0
1531162270896,1531162270892,2869688,0.00003486,157.00000000,1
1531162270896,1531162270892,2869689,0.00003480,58.00000000,1
1531162270896,1531162270892,2869690,0.00003479,755.00000000,1
1531162270896,1531162270892,2869691,0.00003477,143.00000000,1
1531162270928,1531162270924,2869692,0.00003484,428.00000000,1
1531162270959,1531162270954,2869693,0.00003473,29.00000000,1
1531162271494,1531162271488,2869694,0.00003496,158.00000000,0
1531162271494,1531162271488,2869695,0.00003497,45.00000000,0
1531162271667,1531162271662,2869696,0.00003495,302.00000000,0
1531162272832,1531162272826,2869697,0.00003486,166.00000000,0
1531162273366,1531162273361,2869698,0.00003495,107.00000000,0
1531162273912,1531162273903,2869699,0.00003493,229.00000000,0
1531162273912,1531162273903,2869700,0.00003494,361.00000000,0
1531162273912,1531162273903,2869701,0.00003495,1234.00000000,0
1531162273912,1531162273903,2869702,0.00003496,377.00000000,0
1531162273912,1531162273903,2869703,0.00003498,143.00000000,0
1531162273912,1531162273903,2869704,0.00003499,167.00000000,0
1531162273912,1531162273903,2869705,0.00003510,58.00000000,0
1531162273912,1531162273903,2869706,0.00003511,133.00000000,0
1531162273912,1531162273903,2869707,0.00003512,148.00000000,0
1531162273912,1531162273903,2869708,0.00003518,183.00000000,0
1531162273912,1531162273903,2869709,0.00003521,157.00000000,0
1531162273912,1531162273903,2869710,0.00003522,119.00000000,0
1531162273912,1531162273903,2869711,0.00003539,44.00000000,0
1531162273912,1531162273903,2869712,0.00003542,140.00000000,0
1531162273912,1531162273903,2869713,0.00003555,649.00000000,0
1531162273912,1531162273903,2869714,0.00003558,292.00000000,0
1531162273976,1531162273971,2869715,0.00003485,397.00000000,0
1531162273976,1531162273971,2869716,0.00003558,64.00000000,0
1531162273976,1531162273971,2869717,0.00003559,33.00000000,0
1531162273976,1531162273971,2869718,0.00003565,36.00000000,0
1531162273976,1531162273971,2869719,0.00003566,1100.00000000,0
1531162274123,1531162274119,2869720,0.00003558,33.00000000,1
1531162274330,1531162274325,2869721,0.00003527,33.00000000,0
1531162274330,1531162274325,2869722,0.00003558,33.00000000,0
1531162274330,1531162274325,2869723,0.00003566,3.00000000,0
1531162274354,1531162274351,2869724,0.00003505,174.00000000,1
1531162274577,1531162274575,2869725,0.00003505,162.00000000,1
1531162274748,1531162274744,2869726,0.00003505,45.00000000,1
1531162275493,1531162275489,2869727,0.00003524,85.00000000,1
1531162275627,1531162275622,2869728,0.00003527,141.00000000,1
1531162275627,1531162275622,2869729,0.00003525,45.00000000,1
1531162275651,1531162275647,2869730,0.00003525,140.00000000,1
1531162275679,1531162275674,2869731,0.00003525,92.00000000,1
1531162275705,1531162275702,2869732,0.00003525,595.00000000,1
1531162275901,1531162275897,2869733,0.00003527,522.00000000,0
1531162276700,1531162276696,2869734,0.00003537,43.00000000,1
1531162276720,1531162276717,2869735,0.00003537,244.00000000,1
1531162277112,1531162277107,2869736,0.00003537,14.00000000,1
1531162277112,1531162277107,2869737,0.00003530,169.00000000,1
1531162277112,1531162277107,2869738,0.00003526,1258.00000000,1
1531162277112,1531162277107,2869739,0.00003525,1005.00000000,1
1531162277113,1531162277107,2869740,0.00003518,169.00000000,1
1531162277113,1531162277107,2869741,0.00003513,168.00000000,1
1531162277113,1531162277107,2869742,0.00003511,42.00000000,1
1531162277113,1531162277107,2869743,0.00003506,477.00000000,1
1531162277113,1531162277107,2869744,0.00003505,1684.00000000,1
1531162277294,1531162277290,2869745,0.00003505,3290.00000000,0
1531162277402,1531162277396,2869746,0.00003504,336.00000000,1
1531162277518,1531162277514,2869747,0.00003505,169.00000000,0
1531162277887,1531162277882,2869748,0.00003504,170.00000000,0
1531162277898,1531162277891,2869749,0.00003503,224.00000000,1
1531162277898,1531162277891,2869750,0.00003501,168.00000000,1
1531162277898,1531162277891,2869751,0.00003497,66.00000000,1
1531162277898,1531162277891,2869752,0.00003494,39.00000000,1
1531162277898,1531162277891,2869753,0.00003484,169.00000000,1
1531162277920,1531162277916,2869754,0.00003484,56.00000000,1
1531162277920,1531162277916,2869755,0.00003480,65.00000000,1
1531162277920,1531162277916,2869756,0.00003477,86.00000000,1
1531162277943,1531162277939,2869757,0.00003490,203.00000000,1
1531162277943,1531162277939,2869758,0.00003473,29.00000000,1
1531162278035,1531162278029,2869759,0.00003504,162.00000000,0
1531162278275,1531162278271,2869760,0.00003495,65.00000000,0
1531162278484,1531162278479,2869761,0.00003480,85.00000000,1
1531162278504,1531162278500,2869762,0.00003480,365.00000000,0
1531162278779,1531162278775,2869763,0.00003503,128.00000000,0
1531162278903,1531162278900,2869764,0.00003479,178.00000000,1
1531162278903,1531162278900,2869765,0.00003468,43.00000000,1
1531162278903,1531162278900,2869766,0.00003467,34.00000000,1
1531162278926,1531162278921,2869767,0.00003465,63.00000000,1
1531162278926,1531162278921,2869768,0.00003464,306.00000000,1
1531162278958,1531162278953,2869769,0.00003463,58.00000000,1
1531162278958,1531162278953,2869770,0.00003462,432.00000000,1
1531162278987,1531162278984,2869771,0.00003460,172.00000000,1
1531162279016,1531162279012,2869772,0.00003459,163.00000000,1
1531162279191,1531162279187,2869773,0.00003480,131.00000000,0
1531162279297,1531162279293,2869774,0.00003463,147.00000000,0
1531162279297,1531162279293,2869775,0.00003480,22.00000000,0
1531162279843,1531162279841,2869776,0.00003480,4.00000000,0
1531162279843,1531162279841,2869777,0.00003493,166.00000000,0
1531162279898,1531162279894,2869778,0.00003478,142.00000000,1
1531162279926,1531162279922,2869779,0.00003493,3.00000000,0
1531162279926,1531162279922,2869780,0.00003503,167.00000000,0
1531162280074,1531162280070,2869781,0.00003473,165.00000000,0
1531162280074,1531162280070,2869782,0.00003503,5.00000000,0
1531162280587,1531162280581,2869783,0.00003457,2.00000000,1
1531162282895,1531162282890,2869784,0.00003461,2542.00000000,1
1531162282895,1531162282890,2869785,0.00003457,142.00000000,1
1531162282929,1531162282925,2869786,0.00003456,134.00000000,1
1531162282929,1531162282925,2869787,0.00003453,44.00000000,1
1531162283315,1531162283312,2869788,0.00003449,246.00000000,0
1531162283337,1531162283332,2869789,0.00003449,410.00000000,0
1531162283356,1531162283353,2869790,0.00003449,243.00000000,0
1531162283364,1531162283360,2869791,0.00003449,213.00000000,0
1531162283381,1531162283380,2869792,0.00003449,444.00000000,0
1531162283383,1531162283380,2869793,0.00003449,509.00000000,0
1531162283383,1531162283380,2869794,0.00003469,169.00000000,0
1531162283383,1531162283380,2869795,0.00003478,488.00000000,0
1531162283450,1531162283446,2869796,0.00003459,213.00000000,1
1531162283906,1531162283901,2869797,0.00003464,288.00000000,1
1531162283906,1531162283901,2869798,0.00003459,549.00000000,1
1531162284220,1531162284216,2869799,0.00003474,487.00000000,0
1531162284398,1531162284394,2869800,0.00003447,34.00000000,1
1531162284905,1531162284901,2869801,0.00003448,1566.00000000,1
1531162284905,1531162284901,2869802,0.00003447,994.00000000,1
1531162284931,1531162284924,2869803,0.00003444,141.00000000,1
1531162284931,1531162284924,2869804,0.00003442,136.00000000,1
1531162284931,1531162284924,2869805,0.00003441,525.00000000,1
1531162284931,1531162284924,2869806,0.00003440,75.00000000,1
1531162284931,1531162284924,2869807,0.00003439,633.00000000,1
1531162284960,1531162284957,2869808,0.00003438,950.00000000,1
1531162284960,1531162284957,2869809,0.00003435,202.00000000,1
1531162284960,1531162284957,2869810,0.00003434,135.00000000,1
1531162284995,1531162284987,2869811,0.00003432,46.00000000,1
1531162284995,1531162284987,2869812,0.00003431,634.00000000,1
1531162284995,1531162284987,2869813,0.00003430,250.00000000,1
1531162284995,1531162284987,2869814,0.00003429,573.00000000,1
1531162285031,1531162285025,2869815,0.00003432,609.00000000,1
1531162285031,1531162285025,2869816,0.00003428,172.00000000,1
1531162285031,1531162285025,2869817,0.00003426,170.00000000,1
1531162285031,1531162285025,2869818,0.00003425,305.00000000,1
1531162285066,1531162285058,2869819,0.00003425,135.00000000,1
1531162285066,1531162285058,2869820,0.00003423,82.00000000,1
1531162285066,1531162285058,2869821,0.00003422,344.00000000,1
1531162285066,1531162285058,2869822,0.00003421,102.00000000,1
1531162285066,1531162285058,2869823,0.00003420,207.00000000,1
1531162285100,1531162285092,2869824,0.00003419,223.00000000,1
1531162285100,1531162285092,2869825,0.00003418,44.00000000,1
1531162285100,1531162285092,2869826,0.00003417,356.00000000,1
1531162285100,1531162285092,2869827,0.00003415,347.00000000,1
1531162285100,1531162285092,2869828,0.00003414,223.00000000,1
1531162285100,1531162285092,2869829,0.00003413,1623.00000000,1
1531162285100,1531162285092,2869830,0.00003412,49.00000000,1
1531162285135,1531162285120,2869831,0.00003414,65.00000000,1
1531162285135,1531162285120,2869832,0.00003411,139.00000000,1
1531162285135,1531162285120,2869833,0.00003410,6256.00000000,1
1531162285135,1531162285120,2869834,0.00003409,174.00000000,1
1531162285135,1531162285120,2869835,0.00003408,417.00000000,1
1531162285135,1531162285120,2869836,0.00003407,1242.00000000,1
1531162285135,1531162285120,2869837,0.00003406,564.00000000,1
1531162285135,1531162285120,2869838,0.00003405,1702.00000000,1
1531162285135,1531162285120,2869839,0.00003404,814.00000000,1
1531162285135,1531162285120,2869840,0.00003403,824.00000000,1
1531162285135,1531162285120,2869841,0.00003402,345.00000000,1
1531162285135,1531162285120,2869842,0.00003401,420.00000000,1
1531162285173,1531162285161,2869843,0.00003411,368.00000000,1
1531162285173,1531162285161,2869844,0.00003401,65.00000000,1
1531162285173,1531162285161,2869845,0.00003400,199.00000000,1
1531162285173,1531162285161,2869846,0.00003399,647.00000000,1
1531162285173,1531162285161,2869847,0.00003398,488.00000000,1
1531162285173,1531162285161,2869848,0.00003397,707.00000000,1
1531162285173,1531162285161,2869849,0.00003396,34.00000000,1
1531162285173,1531162285161,2869850,0.00003395,159.00000000,1
1531162285173,1531162285161,2869851,0.00003394,458.00000000,1
1531162285173,1531162285161,2869852,0.00003393,1187.00000000,1
1531162285476,1531162285475,2869853,0.00003429,106.00000000,0
1531162285658,1531162285653,2869854,0.00003421,87.00000000,0
1531162285658,1531162285653,2869855,0.00003425,163.00000000,0
1531162285658,1531162285653,2869856,0.00003426,22.00000000,0
1531162286012,1531162286008,2869857,0.00003406,1054.00000000,1
1531162286022,1531162286017,2869858,0.00003415,31.00000000,0
1531162286022,1531162286017,2869859,0.00003421,203.00000000,0
1531162286214,1531162286207,2869860,0.00003410,4.00000000,0
1531162286238,1531162286234,2869861,0.00003410,33.00000000,0
1531162286238,1531162286234,2869862,0.00003415,35.00000000,0
1531162286238,1531162286234,2869863,0.00003418,54.00000000,0
1531162286238,1531162286234,2869864,0.00003406,174.00000000,1
1531162286395,1531162286391,2869865,0.00003410,29.00000000,0
1531162286401,1531162286398,2869866,0.00003410,145.00000000,0
1531162286401,1531162286398,2869867,0.00003418,100.00000000,0
1531162286401,1531162286398,2869868,0.00003419,1.00000000,0
1531162286540,1531162286538,2869869,0.00003409,142.00000000,0
1531162286551,1531162286547,2869870,0.00003418,131.00000000,0
1531162286887,1531162286884,2869871,0.00003408,43.00000000,0
1531162287119,1531162287114,2869872,0.00003406,1824.00000000,1
1531162287613,1531162287607,2869873,0.00003408,341.00000000,0
1531162287956,1531162287953,2869874,0.00003408,677.00000000,0
1531162288050,1531162288045,2869875,0.00003408,29.00000000,0
1531162288120,1531162288117,2869876,0.00003405,86.00000000,1
1531162288147,1531162288142,2869877,0.00003408,426.00000000,0
1531162288356,1531162288352,2869878,0.00003408,652.00000000,0
1531162288489,1531162288485,2869879,0.00003408,29.00000000,0
1531162288744,1531162288739,2869880,0.00003405,56.00000000,1
1531162288965,1531162288962,2869881,0.00003405,42.00000000,1
1531162289051,1531162289047,2869882,0.00003407,187.00000000,0
1531162289070,1531162289065,2869883,0.00003407,1.00000000,0
1531162289070,1531162289065,2869884,0.00003408,135.00000000,0
1531162289070,1531162289065,2869885,0.00003411,131.00000000,0
1531162289070,1531162289065,2869886,0.00003412,168.00000000,0
1531162289288,1531162289285,2869887,0.00003406,85.00000000,0
1531162289461,1531162289457,2869888,0.00003405,102.00000000,1
1531162289624,1531162289618,2869889,0.00003405,55.00000000,1
1531162289712,1531162289707,2869890,0.00003414,30.00000000,0
1531162289996,1531162289991,2869891,0.00003414,59.00000000,0
1531162290354,1531162290347,2869892,0.00003414,690.00000000,0
1531162290354,1531162290347,2869893,0.00003416,310.00000000,0
1531162290354,1531162290347,2869894,0.00003417,864.00000000,0
1531162290354,1531162290347,2869895,0.00003419,172.00000000,0
1531162290354,1531162290347,2869896,0.00003420,42.00000000,0
1531162290354,1531162290347,2869897,0.00003421,1920.00000000,0
1531162290354,1531162290347,2869898,0.00003423,426.00000000,0
1531162290477,1531162290472,2869899,0.00003406,37.00000000,1
1531162291111,1531162291105,2869900,0.00003423,52.00000000,0
1531162291111,1531162291105,2869901,0.00003425,7.00000000,0
1531162291277,1531162291274,2869902,0.00003422,95.00000000,1
1531162291412,1531162291407,2869903,0.00003422,80.00000000,1
1531162292068,1531162292062,2869904,0.00003417,69.00000000,0
1531162292206,1531162292200,2869905,0.00003416,227.00000000,1
1531162292349,1531162292344,2869906,0.00003416,347.00000000,1
1531162292349,1531162292348,2869907,0.00003416,290.00000000,1
1531162293400,1531162293395,2869908,0.00003416,166.00000000,1
1531162294316,1531162294311,2869909,0.00003421,1566.00000000,0
1531162294316,1531162294311,2869910,0.00003422,1267.00000000,0
1531162294703,1531162294698,2869911,0.00003425,95.00000000,0
1531162294736,1531162294731,2869912,0.00003422,66.00000000,1
1531162294903,1531162294899,2869913,0.00003422,243.00000000,1
1531162294915,1531162294911,2869914,0.00003422,69.00000000,1
1531162295005,1531162295000,2869915,0.00003422,291.00000000,1
1531162295359,1531162295354,2869916,0.00003425,67.00000000,0
1531162295387,1531162295365,2869917,0.00003425,172.00000000,0
1531162295387,1531162295365,2869918,0.00003426,482.00000000,0
1531162295387,1531162295365,2869919,0.00003427,311.00000000,0
1531162295387,1531162295365,2869920,0.00003428,1515.00000000,0
1531162295387,1531162295365,2869921,0.00003431,220.00000000,0
1531162295387,1531162295365,2869922,0.00003432,212.00000000,0
1531162295387,1531162295365,2869923,0.00003434,328.00000000,0
1531162295387,1531162295365,2869924,0.00003436,102.00000000,0
1531162295387,1531162295365,2869925,0.00003437,352.00000000,0
1531162295387,1531162295365,2869926,0.00003439,814.00000000,0
1531162295387,1531162295365,2869927,0.00003440,217.00000000,0
1531162295387,1531162295365,2869928,0.00003441,495.00000000,0
1531162295387,1531162295365,2869929,0.00003443,170.00000000,0
1531162295387,1531162295365,2869930,0.00003444,201.00000000,0
1531162295387,1531162295365,2869931,0.00003445,308.00000000,0
1531162295387,1531162295365,2869932,0.00003446,133.00000000,0
1531162295387,1531162295365,2869933,0.00003447,419.00000000,0
1531162295387,1531162295365,2869934,0.00003448,1129.00000000,0
1531162295387,1531162295365,2869935,0.00003449,305.00000000,0
1531162295387,1531162295365,2869936,0.00003450,72.00000000,0
1531162295387,1531162295365,2869937,0.00003451,275.00000000,0
1531162295387,1531162295365,2869938,0.00003452,130.00000000,0
1531162295387,1531162295365,2869939,0.00003453,234.00000000,0
1531162295387,1531162295365,2869940,0.00003454,57.00000000,0
1531162295387,1531162295365,2869941,0.00003456,305.00000000,0
1531162295387,1531162295365,2869942,0.00003457,322.00000000,0
1531162295387,1531162295365,2869943,0.00003458,86.00000000,0
1531162295387,1531162295365,2869944,0.00003460,288.00000000,0
1531162295421,1531162295416,2869945,0.00003460,80.00000000,1
1531162295462,1531162295460,2869946,0.00003460,139.00000000,1
1531162295534,1531162295529,2869947,0.00003461,200.00000000,0
1531162295559,1531162295556,2869948,0.00003460,31.00000000,1
1531162295619,1531162295613,2869949,0.00003460,134.00000000,1
1531162295707,1531162295702,2869950,0.00003460,960.00000000,1
1531162295908,1531162295902,2869951,0.00003461,5766.00000000,0
1531162295908,1531162295902,2869952,0.00003463,911.00000000,0
1531162295908,1531162295902,2869953,0.00003464,46.00000000,0
1531162295933,1531162295924,2869954,0.00003466,1233.00000000,0
1531162295933,1531162295924,2869955,0.00003468,59.00000000,0
1531162295933,1531162295924,2869956,0.00003469,2681.00000000,0
1531162295933,1531162295924,2869957,0.00003472,131.00000000,0
1531162295933,1531162295924,2869958,0.00003473,116.00000000,0
1531162295966,1531162295960,2869959,0.00003478,31.00000000,0
1531162295966,1531162295960,2869960,0.00003480,67.00000000,0
1531162295966,1531162295960,2869961,0.00003481,174.00000000,0
1531162295966,1531162295960,2869962,0.00003482,86.00000000,0
1531162295966,1531162295960,2869963,0.00003484,435.00000000,0
1531162295966,1531162295960,2869964,0.00003485,29.00000000,0
1531162295966,1531162295960,2869965,0.00003488,172.00000000,0
1531162295966,1531162295960,2869966,0.00003489,83.00000000,0
1531162295989,1531162295984,2869967,0.00003493,612.00000000,0
1531162295989,1531162295984,2869968,0.00003495,172.00000000,0
1531162295989,1531162295984,2869969,0.00003498,34.00000000,0
1531162295989,1531162295984,2869970,0.00003499,514.00000000,0
1531162295989,1531162295984,2869971,0.00003500,1621.00000000,0
1531162296014,1531162296010,2869972,0.00003504,265.00000000,0
1531162296039,1531162296035,2869973,0.00003519,169.00000000,0
1531162296340,1531162296336,2869974,0.00003484,160.00000000,0
1531162296556,1531162296550,2869975,0.00003484,70.00000000,0
1531162296621,1531162296616,2869976,0.00003462,294.00000000,1
1531162296775,1531162296770,2869977,0.00003463,358.00000000,1
1531162296775,1531162296770,2869978,0.00003462,1699.00000000,1
1531162296864,1531162296862,2869979,0.00003484,42.00000000,0
1531162296897,1531162296893,2869980,0.00003483,175.00000000,0
1531162296897,1531162296893,2869981,0.00003484,758.00000000,0
1531162296897,1531162296893,2869982,0.00003528,127.00000000,0
1531162296923,1531162296918,2869983,0.00003528,7.00000000,0
1531162296923,1531162296918,2869984,0.00003529,168.00000000,0
1531162296958,1531162296955,2869985,0.00003539,624.00000000,0
1531162296984,1531162296978,2869986,0.00003540,58.00000000,0
1531162296984,1531162296978,2869987,0.00003541,142.00000000,0
1531162296984,1531162296978,2869988,0.00003542,114.00000000,0
1531162297116,1531162297112,2869989,0.00003511,169.00000000,1
1531162297118,1531162297116,2869990,0.00003462,169.00000000,1
1531162297202,1531162297197,2869991,0.00003463,144.00000000,1
1531162297202,1531162297197,2869992,0.00003462,30.00000000,1
1531162297204,1531162297199,2869993,0.00003462,123.00000000,1
1531162297295,1531162297291,2869994,0.00003506,150.00000000,1
1531162297304,1531162297300,2869995,0.00003511,150.00000000,1
1531162297311,1531162297306,2869996,0.00003511,19.00000000,1
1531162297319,1531162297315,2869997,0.00003462,169.00000000,1
1531162297350,1531162297346,2869998,0.00003462,150.00000000,1
1531162297391,1531162297388,2869999,0.00003507,93.00000000,1
1531162297391,1531162297388,2870000,0.00003499,41.00000000,1
1531162297421,1531162297416,2870001,0.00003499,129.00000000,1
1531162297431,1531162297428,2870002,0.00003463,107.00000000,1
1531162297457,1531162297451,2870003,0.00003499,168.00000000,0
1531162297694,1531162297689,2870004,0.00003480,170.00000000,0
1531162297898,1531162297892,2870005,0.00003480,2280.00000000,0
1531162297898,1531162297892,2870006,0.00003481,172.00000000,0
1531162297898,1531162297892,2870007,0.00003499,2.00000000,0
1531162297898,1531162297892,2870008,0.00003524,41.00000000,0
1531162297898,1531162297892,2870009,0.00003526,42.00000000,0
1531162297898,1531162297892,2870010,0.00003532,169.00000000,0
1531162297898,1531162297892,2870011,0.00003537,93.00000000,0
1531162297924,1531162297917,2870012,0.00003548,144.00000000,0
1531162297924,1531162297917,2870013,0.00003549,168.00000000,0
1531162297924,1531162297917,2870014,0.00003552,155.00000000,0
1531162297960,1531162297954,2870015,0.00003515,170.00000000,0
1531162297960,1531162297954,2870016,0.00003554,509.00000000,0
1531162297984,1531162297978,2870017,0.00003554,170.00000000,0
1531162298035,1531162298031,2870018,0.00003531,169.00000000,1
1531162298083,1531162298079,2870019,0.00003513,169.00000000,1
1531162298088,1531162298083,2870020,0.00003476,143.00000000,1
1531162298141,1531162298137,2870021,0.00003476,162.00000000,1
1531162298274,1531162298269,2870022,0.00003477,227.00000000,1
1531162298902,1531162298895,2870023,0.00003515,107.00000000,0
1531162298902,1531162298895,2870024,0.00003516,170.00000000,0
1531162298902,1531162298895,2870025,0.00003532,169.00000000,0
1531162298902,1531162298895,2870026,0.00003541,169.00000000,0
1531162298935,1531162298931,2870027,0.00003556,169.00000000,0
1531162298972,1531162298968,2870028,0.00003497,51.00000000,1
1531162299017,1531162299014,2870029,0.00003481,38.00000000,1
1531162299017,1531162299014,2870030,0.00003477,7.00000000,1
1531162299080,1531162299075,2870031,0.00003477,118.00000000,1
1531162299080,1531162299075,2870032,0.00003476,769.00000000,1
1531162299080,1531162299076,2870033,0.00003493,169.00000000,0
1531162299093,1531162299092,2870034,0.00003493,49.00000000,0
1531162299108,1531162299106,2870035,0.00003513,169.00000000,1
1531162299108,1531162299106,2870036,0.00003512,120.00000000,1
1531162299446,1531162299441,2870037,0.00003474,118.00000000,1
1531162299474,1531162299469,2870038,0.00003492,63.00000000,0
1531162299488,1531162299483,2870039,0.00003492,30.00000000,1
1531162299557,1531162299553,2870040,0.00003492,38.00000000,1
1531162299909,1531162299905,2870041,0.00003501,1074.00000000,0
1531162299909,1531162299905,2870042,0.00003521,169.00000000,0
1531162299909,1531162299905,2870043,0.00003528,51.00000000,0
1531162299909,1531162299905,2870044,0.00003535,169.00000000,0
1531162299909,1531162299905,2870045,0.00003541,169.00000000,0
1531162299956,1531162299949,2870046,0.00003499,142.00000000,1
1531162299956,1531162299949,2870047,0.00003492,120.00000000,1
1531162300170,1531162300165,2870048,0.00003509,118.00000000,0
1531162300247,1531162300241,2870049,0.00003513,28.00000000,1
1531162300812,1531162300807,2870050,0.00003513,23.00000000,1
1531162300812,1531162300807,2870051,0.00003502,314.00000000,1
1531162300895,1531162300890,2870052,0.00003521,184.00000000,0
1531162300895,1531162300890,2870053,0.00003522,86.00000000,0
1531162300895,1531162300890,2870054,0.00003525,100.00000000,0
1531162300895,1531162300890,2870055,0.00003527,142.00000000,0
1531162300895,1531162300890,2870056,0.00003542,70.00000000,0
1531162301180,1531162301176,2870057,0.00003502,26.00000000,1
1531162301180,1531162301176,2870058,0.00003495,3.00000000,1
1531162301551,1531162301545,2870059,0.00003520,93.00000000,0
1531162301676,1531162301671,2870060,0.00003496,228.00000000,1
1531162301907,1531162301902,2870061,0.00003520,265.00000000,0
1531162301907,1531162301902,2870062,0.00003530,170.00000000,0
1531162301907,1531162301902,2870063,0.00003538,169.00000000,0
1531162301907,1531162301902,2870064,0.00003541,170.00000000,0
1531162302333,1531162302329,2870065,0.00003555,175.00000000,1
1531162302623,1531162302619,2870066,0.00003555,162.00000000,1
1531162302653,1531162302648,2870067,0.00003555,1.00000000,1
1531162302914,1531162302907,2870068,0.00003563,228.00000000,0
1531162302914,1531162302907,2870069,0.00003564,169.00000000,0
1531162302914,1531162302907,2870070,0.00003566,114.00000000,0
1531162302914,1531162302907,2870071,0.00003567,93.00000000,0
1531162302914,1531162302907,2870072,0.00003570,96.00000000,0
1531162302914,1531162302907,2870073,0.00003572,301.00000000,0
1531162302914,1531162302907,2870074,0.00003576,63.00000000,0
1531162302914,1531162302907,2870075,0.00003577,115.00000000,0
1531162302948,1531162302944,2870076,0.00003586,34.00000000,0
1531162302948,1531162302944,2870077,0.00003587,32.00000000,0
1531162302948,1531162302944,2870078,0.00003589,6589.00000000,0
1531162302948,1531162302944,2870079,0.00003596,24.00000000,0
1531162302948,1531162302944,2870080,0.00003598,1.00000000,0
1531162302978,1531162302973,2870081,0.00003604,32.00000000,0
1531162302978,1531162302973,2870082,0.00003605,69.00000000,0
1531162302978,1531162302973,2870083,0.00003623,123.00000000,0
1531162302998,1531162302993,2870084,0.00003628,2140.00000000,0
1531162303023,1531162303017,2870085,0.00003632,4646.00000000,0
1531162303023,1531162303017,2870086,0.00003638,165.00000000,0
1531162303023,1531162303017,2870087,0.00003639,168.00000000,0
1531162303028,1531162303023,2870088,0.00003555,29.00000000,1
1531162303150,1531162303145,2870089,0.00003558,84.00000000,1
1531162303150,1531162303145,2870090,0.00003555,224.00000000,1
1531162303173,1531162303168,2870091,0.00003602,87.00000000,0
1531162303173,1531162303168,2870092,0.00003696,156.00000000,0
1531162303173,1531162303168,2870093,0.00003700,2242.00000000,0
1531162303285,1531162303278,2870094,0.00003555,3248.00000000,1
1531162303285,1531162303278,2870095,0.00003526,1438.00000000,1
1531162303285,1531162303278,2870096,0.00003525,47.00000000,1
1531162303285,1531162303278,2870097,0.00003523,340.00000000,1
1531162303285,1531162303278,2870098,0.00003522,92.00000000,1
1531162303285,1531162303278,2870099,0.00003520,167.00000000,1
1531162303285,1531162303278,2870100,0.00003519,425.00000000,1
1531162303285,1531162303278,2870101,0.00003513,1014.00000000,1
1531162303285,1531162303278,2870102,0.00003512,405.00000000,1
1531162303285,1531162303278,2870103,0.00003508,1979.00000000,1
1531162303285,1531162303278,2870104,0.00003507,170.00000000,1
1531162303285,1531162303278,2870105,0.00003503,170.00000000,1
1531162303285,1531162303278,2870106,0.00003502,168.00000000,1
1531162303285,1531162303278,2870107,0.00003501,56.00000000,1
1531162303285,1531162303278,2870108,0.00003499,71.00000000,1
1531162303285,1531162303278,2870109,0.00003498,15.00000000,1
1531162303297,1531162303292,2870110,0.00003500,169.00000000,0
1531162303314,1531162303310,2870111,0.00003500,1019.00000000,0
1531162303314,1531162303311,2870112,0.00003500,1020.00000000,0
1531162303315,1531162303311,2870113,0.00003500,167.00000000,0
1531162303328,1531162303324,2870114,0.00003500,167.00000000,0
1531162303338,1531162303333,2870115,0.00003500,1547.00000000,0
1531162303345,1531162303343,2870116,0.00003500,1020.00000000,0
1531162303366,1531162303362,2870117,0.00003500,1237.00000000,0
1531162303392,1531162303387,2870118,0.00003500,1020.00000000,0
1531162303441,1531162303434,2870119,0.00003498,184.00000000,1
1531162303441,1531162303434,2870120,0.00003496,158.00000000,1
1531162303441,1531162303434,2870121,0.00003495,234.00000000,1
1531162303441,1531162303434,2870122,0.00003492,178.00000000,1
1531162303441,1531162303434,2870123,0.00003484,105.00000000,1
1531162303441,1531162303434,2870124,0.00003477,34.00000000,1
1531162303441,1531162303434,2870125,0.00003476,127.00000000,1
1531162303477,1531162303473,2870126,0.00003476,43.00000000,1
1531162303477,1531162303473,2870127,0.00003471,7.00000000,1
1531162303507,1531162303504,2870128,0.00003499,142.00000000,0
1531162303510,1531162303509,2870129,0.00003499,16.00000000,0
1531162303510,1531162303509,2870130,0.00003500,40.00000000,0
1531162303534,1531162303529,2870131,0.00003500,106.00000000,0
1531162303554,1531162303550,2870132,0.00003500,2801.00000000,0
1531162303569,1531162303566,2870133,0.00003500,105.00000000,0
1531162303625,1531162303620,2870134,0.00003473,1008.00000000,1
1531162303625,1531162303620,2870135,0.00003472,2.00000000,1
1531162303907,1531162303903,2870136,0.00003500,629.00000000,0
1531162303997,1531162303995,2870137,0.00003500,167.00000000,0
1531162304011,1531162304010,2870138,0.00003480,62.00000000,1
1531162304304,1531162304300,2870139,0.00003480,1208.00000000,1
1531162304360,1531162304354,2870140,0.00003500,701.00000000,0
1531162304524,1531162304519,2870141,0.00003500,84.00000000,0
1531162304582,1531162304578,2870142,0.00003481,203.00000000,1
1531162304631,1531162304628,2870143,0.00003482,74.00000000,1
1531162304638,1531162304632,2870144,0.00003493,34.00000000,0
1531162304638,1531162304632,2870145,0.00003500,20.00000000,0
1531162304661,1531162304656,2870146,0.00003500,299.00000000,0
1531162304906,1531162304903,2870147,0.00003500,799.00000000,0
1531162304932,1531162304927,2870148,0.00003500,807.00000000,0
1531162305094,1531162305089,2870149,0.00003500,142.00000000,0
1531162305102,1531162305097,2870150,0.00003481,185.00000000,1
1531162305250,1531162305248,2870151,0.00003481,175.00000000,0
1531162305257,1531162305252,2870152,0.00003471,88.00000000,1
1531162305296,1531162305291,2870153,0.00003481,3044.00000000,0
1531162305597,1531162305590,2870154,0.00003480,121.00000000,0
1531162305607,1531162305603,2870155,0.00003480,85.00000000,0
1531162305946,1531162305941,2870156,0.00003480,182.00000000,0
1531162305946,1531162305941,2870157,0.00003481,3928.00000000,0
1531162306081,1531162306074,2870158,0.00003479,188.00000000,0
1531162306141,1531162306136,2870159,0.00003479,157.00000000,0
1531162306432,1531162306427,2870160,0.00003479,167.00000000,0
1531162306637,1531162306631,2870161,0.00003471,95.00000000,1
1531162306639,1531162306634,2870162,0.00003471,248.00000000,1
1531162306639,1531162306634,2870163,0.00003468,559.00000000,1
1531162306731,1531162306726,2870164,0.00003479,171.00000000,0
1531162306819,1531162306814,2870165,0.00003468,171.00000000,1
1531162306823,1531162306819,2870166,0.00003468,243.00000000,1
1531162306985,1531162306979,2870167,0.00003479,47.00000000,0
1531162306992,1531162306988,2870168,0.00003479,170.00000000,0
1531162307086,1531162307081,2870169,0.00003479,294.00000000,0
1531162307156,1531162307152,2870170,0.00003481,4367.00000000,0
1531162307596,1531162307590,2870171,0.00003500,2278.00000000,0
1531162308176,1531162308172,2870172,0.00003487,200.00000000,1
1531162308268,1531162308264,2870173,0.00003498,1270.00000000,0
1531162308268,1531162308264,2870174,0.00003499,479.00000000,0
1531162308382,1531162308377,2870175,0.00003487,169.00000000,1
1531162308450,1531162308445,2870176,0.00003487,92.00000000,1
1531162308468,1531162308464,2870177,0.00003487,169.00000000,1
1531162308559,1531162308553,2870178,0.00003487,84.00000000,1
1531162308646,1531162308640,2870179,0.00003487,169.00000000,1
1531162308813,1531162308807,2870180,0.00003498,303.00000000,0
1531162308865,1531162308860,2870181,0.00003500,665.00000000,0
1531162308901,1531162308898,2870182,0.00003500,29.00000000,0
1531162308914,1531162308911,2870183,0.00003498,47.00000000,1
1531162308972,1531162308966,2870184,0.00003498,1438.00000000,1
1531162308977,1531162308971,2870185,0.00003498,140.00000000,1
1531162309193,1531162309188,2870186,0.00003498,167.00000000,1
1531162309234,1531162309231,2870187,0.00003498,142.00000000,1
1531162309239,1531162309235,2870188,0.00003498,167.00000000,1
1531162309660,1531162309655,2870189,0.00003500,643.00000000,0
1531162309660,1531162309655,2870190,0.00003504,121.00000000,0
1531162309660,1531162309655,2870191,0.00003511,168.00000000,0
1531162309668,1531162309665,2870192,0.00003511,49.00000000,1
1531162309683,1531162309678,2870193,0.00003511,2257.00000000,1
1531162309713,1531162309712,2870194,0.00003511,119.00000000,1
1531162309714,1531162309712,2870195,0.00003511,119.00000000,1
1531162309744,1531162309738,2870196,0.00003511,689.00000000,1
1531162309762,1531162309757,2870197,0.00003514,157.00000000,0
1531162309807,1531162309802,2870198,0.00003518,689.00000000,1
1531162310121,1531162310117,2870199,0.00003518,624.00000000,1
1531162310277,1531162310273,2870200,0.00003518,1.00000000,1
1531162310277,1531162310273,2870201,0.00003511,624.00000000,1
1531162310282,1531162310278,2870202,0.00003511,2000.00000000,1
1531162310512,1531162310506,2870203,0.00003520,142.00000000,0
1531162310512,1531162310506,2870204,0.00003521,105.00000000,0
1531162310512,1531162310506,2870205,0.00003524,106.00000000,0
1531162310512,1531162310506,2870206,0.00003526,167.00000000,0
1531162310512,1531162310506,2870207,0.00003527,170.00000000,0
1531162310512,1531162310506,2870208,0.00003528,142.00000000,0
1531162310512,1531162310506,2870209,0.00003531,54.00000000,0
1531162310512,1531162310506,2870210,0.00003535,114.00000000,0
1531162311522,1531162311517,2870211,0.00003521,160.00000000,1
1531162312447,1531162312443,2870212,0.00003535,37.00000000,0
1531162313109,1531162313104,2870213,0.00003535,16.00000000,0
1531162313109,1531162313104,2870214,0.00003537,19.00000000,0
1531162313113,1531162313111,2870215,0.00003537,167.00000000,0
1531162313277,1531162313271,2870216,0.00003530,43.00000000,1
1531162313277,1531162313271,2870217,0.00003523,42.00000000,1
1531162313356,1531162313352,2870218,0.00003523,99.00000000,1
1531162313356,1531162313352,2870219,0.00003522,138.00000000,1
1531162313962,1531162313958,2870220,0.00003529,94.00000000,0
1531162314230,1531162314225,2870221,0.00003529,56.00000000,0
1531162314230,1531162314225,2870222,0.00003535,367.00000000,0
1531162314348,1531162314342,2870223,0.00003535,165.00000000,0
1531162314351,1531162314347,2870224,0.00003535,358.00000000,0
1531162314922,1531162314919,2870225,0.00003535,128.00000000,0
1531162315508,1531162315503,2870226,0.00003535,500.00000000,0
1531162315870,1531162315864,2870227,0.00003534,138.00000000,0
1531162315870,1531162315864,2870228,0.00003535,4862.00000000,0
1531162316160,1531162316155,2870229,0.00003529,35.00000000,1
1531162316160,1531162316155,2870230,0.00003520,279.00000000,1
1531162316707,1531162316702,2870231,0.00003521,71.00000000,1
1531162317175,1531162317171,2870232,0.00003535,3443.00000000,0
1531162317183,1531162317177,2870233,0.00003522,170.00000000,1
1531162317455,1531162317450,2870234,0.00003535,4841.00000000,0
1531162317456,1531162317450,2870235,0.00003522,17.00000000,1
1531162317456,1531162317450,2870236,0.00003521,2286.00000000,1
1531162317456,1531162317450,2870237,0.00003513,1139.00000000,1
1531162317556,1531162317551,2870238,0.00003511,100.00000000,0
1531162317572,1531162317568,2870239,0.00003511,243.00000000,0
1531162317775,1531162317771,2870240,0.00003511,325.00000000,0
1531162317775,1531162317771,2870241,0.00003534,187.00000000,0
1531162317775,1531162317771,2870242,0.00003535,677.00000000,0
1531162317780,1531162317776,2870243,0.00003535,1186.00000000,0
1531162317796,1531162317791,2870244,0.00003535,1189.00000000,0
1531162318421,1531162318417,2870245,0.00003511,325.00000000,1
1531162318449,1531162318444,2870246,0.00003510,123.00000000,0
1531162318470,1531162318467,2870247,0.00003510,123.00000000,0
1531162321058,1531162321053,2870248,0.00003504,356.00000000,1
1531162321058,1531162321053,2870249,0.00003502,1894.00000000,1
1531162322741,1531162322735,2870250,0.00003502,2803.00000000,1
1531162323122,1531162323120,2870251,0.00003507,93.00000000,0
1531162323122,1531162323120,2870252,0.00003508,170.00000000,0
1531162323122,1531162323120,2870253,0.00003510,1707.00000000,0
1531162323122,1531162323120,2870254,0.00003511,29.00000000,0
1531162324294,1531162324290,2870255,0.00003520,1122.00000000,0
1531162324377,1531162324372,2870256,0.00003513,72.00000000,1
1531162324518,1531162324513,2870257,0.00003520,125.00000000,0
1531162325116,1531162325112,2870258,0.00003513,639.00000000,1
1531162325903,1531162325898,2870259,0.00003514,114.00000000,1
1531162325903,1531162325898,2870260,0.00003513,169.00000000,1
1531162325903,1531162325898,2870261,0.00003503,213.00000000,1
1531162325903,1531162325898,2870262,0.00003500,626.00000000,1
1531162328403,1531162328399,2870263,0.00003500,500.00000000,1
1531162329597,1531162329593,2870264,0.00003511,116.00000000,1
1531162329631,1531162329625,2870265,0.00003501,191.00000000,1
1531162329661,1531162329660,2870266,0.00003497,688.00000000,0
1531162329997,1531162329995,2870267,0.00003497,44.00000000,0
1531162330017,1531162330013,2870268,0.00003497,29.00000000,0
1531162330017,1531162330015,2870269,0.00003497,29.00000000,0
1531162330198,1531162330193,2870270,0.00003497,301.00000000,0
1531162334912,1531162334907,2870271,0.00003500,8159.00000000,1
1531162334937,1531162334933,2870272,0.00003492,150.00000000,1
1531162335934,1531162335930,2870273,0.00003507,285.00000000,1
1531162335934,1531162335930,2870274,0.00003493,698.00000000,1
1531162335934,1531162335930,2870275,0.00003491,517.00000000,1
1531162337384,1531162337381,2870276,0.00003484,495.00000000,1
1531162337903,1531162337898,2870277,0.00003490,169.00000000,0
1531162338929,1531162338896,2870278,0.00003493,169.00000000,0
1531162339153,1531162339148,2870279,0.00003507,160.00000000,0
1531162339278,1531162339272,2870280,0.00003509,348.00000000,1
1531162339633,1531162339630,2870281,0.00003509,88.00000000,1
1531162339847,1531162339841,2870282,0.00003506,191.00000000,0
1531162339871,1531162339867,2870283,0.00003508,1051.00000000,0
1531162339904,1531162339899,2870284,0.00003485,143.00000000,1
1531162339904,1531162339899,2870285,0.00003484,944.00000000,1
1531162339904,1531162339899,2870286,0.00003483,438.00000000,1
1531162339928,1531162339922,2870287,0.00003479,43.00000000,1
1531162339928,1531162339922,2870288,0.00003476,54.00000000,1
1531162340586,1531162340581,2870289,0.00003500,42.00000000,0
1531162340914,1531162340909,2870290,0.00003473,1459.00000000,1
1531162340949,1531162340944,2870291,0.00003472,1805.00000000,1
1531162340949,1531162340944,2870292,0.00003471,190.00000000,1
1531162340973,1531162340969,2870293,0.00003470,170.00000000,1
1531162340973,1531162340969,2870294,0.00003469,479.00000000,1
1531162340997,1531162340995,2870295,0.00003466,94.00000000,1
1531162340997,1531162340995,2870296,0.00003465,235.00000000,1
1531162341027,1531162341022,2870297,0.00003463,44.00000000,1
1531162341027,1531162341022,2870298,0.00003462,2206.00000000,1
1531162341051,1531162341049,2870299,0.00003461,134.00000000,1
1531162341070,1531162341065,2870300,0.00003458,222.00000000,1
1531162341091,1531162341088,2870301,0.00003474,193.00000000,1
1531162341091,1531162341088,2870302,0.00003457,235.00000000,1
1531162341116,1531162341109,2870303,0.00003457,140.00000000,1
1531162341116,1531162341109,2870304,0.00003456,433.00000000,1
1531162341142,1531162341140,2870305,0.00003455,262.00000000,1
1531162341142,1531162341140,2870306,0.00003454,171.00000000,1
1531162341165,1531162341160,2870307,0.00003453,105.00000000,1
1531162341165,1531162341160,2870308,0.00003452,257.00000000,1
1531162341188,1531162341185,2870309,0.00003451,172.00000000,1
1531162341188,1531162341185,2870310,0.00003450,1049.00000000,1
1531162341223,1531162341217,2870311,0.00003449,208.00000000,1
1531162341223,1531162341217,2870312,0.00003448,315.00000000,1
1531162341259,1531162341253,2870313,0.00003446,511.00000000,1
1531162341259,1531162341253,2870314,0.00003445,263.00000000,1
1531162341259,1531162341253,2870315,0.00003444,593.00000000,1
1531162341291,1531162341286,2870316,0.00003444,169.00000000,1
1531162341291,1531162341286,2870317,0.00003443,448.00000000,1
1531162341291,1531162341286,2870318,0.00003442,171.00000000,1
1531162341291,1531162341286,2870319,0.00003441,171.00000000,1
1531162342044,1531162342038,2870320,0.00003464,158.00000000,1
