event_time,trade_time,trade_id,price,quantity,maker
1531160300923,1531160300921,3687855,0.00136000,4.40000000,1
1531160308597,1531160308596,3687856,0.00136000,7.96000000,1
1531160308868,1531160308863,3687857,0.00136000,0.81000000,1
1531160357200,1531160357196,3687858,0.00136300,1.89000000,0
1531160362545,1531160362541,3687859,0.00136300,0.43000000,0
1531160362545,1531160362541,3687860,0.00136400,0.14000000,0
1531160362545,1531160362541,3687861,0.00136500,6.08000000,0
1531160362545,1531160362541,3687862,0.00136600,68.89000000,0
1531160362545,1531160362541,3687863,0.00136700,4.46000000,0
1531160383613,1531160383610,3687864,0.00136100,3.10000000,1
1531160383888,1531160383886,3687865,0.00136100,4.01000000,1
1531160385060,1531160385056,3687866,0.00136100,4.00000000,1
1531160388025,1531160388024,3687867,0.00136100,1.84000000,1
1531160399187,1531160399183,3687868,0.00136600,50.00000000,0
1531160414921,1531160414918,3687869,0.00136200,3.18000000,1
1531160434142,1531160434139,3687870,0.00136200,8.07000000,1
1531160442631,1531160442629,3687871,0.00136400,1.00000000,0
1531160444606,1531160444603,3687872,0.00136600,3.62000000,0
1531160450478,1531160450475,3687873,0.00136300,4.33000000,0
1531160474308,1531160474305,3687874,0.00136300,20.00000000,0
1531160475037,1531160475034,3687875,0.00136400,61.35000000,0
1531160483395,1531160483392,3687876,0.00136500,15.42000000,0
1531160578011,1531160578007,3687877,0.00136500,1.25000000,0
1531160611376,1531160611371,3687878,0.00136300,20.01000000,1
1531160612354,1531160612354,3687879,0.00136300,20.01000000,1
1531160612966,1531160612962,3687880,0.00136300,153.19000000,1
1531160613100,1531160613097,3687881,0.00136300,61.66000000,1
1531160616155,1531160616151,3687882,0.00136400,22.45000000,1
1531160640782,1531160640777,3687883,0.00136500,24.39000000,0
1531160640782,1531160640777,3687884,0.00136600,129.41000000,0
1531160653574,1531160653569,3687885,0.00136200,11.23000000,1
1531160653574,1531160653569,3687886,0.00136100,1.49000000,1
1531160653574,1531160653569,3687887,0.00136000,21.11000000,1
1531160653574,1531160653569,3687888,0.00135900,7.35000000,1
1531160654046,1531160654043,3687889,0.00135800,69.40000000,1
1531160654046,1531160654043,3687890,0.00135700,20.01000000,1
1531160654046,1531160654043,3687891,0.00135500,1.11000000,1
1531160654049,1531160654043,3687892,0.00135500,28.22000000,1
1531160654364,1531160654360,3687893,0.00135400,161.92000000,1
1531160655314,1531160655309,3687894,0.00135500,8.49000000,1
1531160657460,1531160657457,3687895,0.00136100,38.55000000,0
1531160664429,1531160664425,3687896,0.00135900,0.75000000,0
1531160690389,1531160690385,3687897,0.00135900,0.24000000,0
1531160690389,1531160690385,3687898,0.00136100,6.10000000,0
1531160690389,1531160690385,3687899,0.00136200,11.20000000,0
1531160690389,1531160690385,3687900,0.00136300,32.46000000,0
1531160739576,1531160739573,3687901,0.00136300,1.00000000,0
1531160781057,1531160781051,3687902,0.00135800,18.88000000,1
1531160798245,1531160798240,3687903,0.00135900,0.88000000,1
1531160839152,1531160839148,3687904,0.00136300,5.09000000,0
1531160839152,1531160839148,3687905,0.00136600,2.78000000,0
1531160839152,1531160839148,3687906,0.00136700,5.18000000,0
1531160882159,1531160882156,3687907,0.00136600,1.37000000,0
1531160920775,1531160920772,3687908,0.00136600,3.50000000,0
1531160960585,1531160960581,3687909,0.00136100,6.10000000,1
1531160964217,1531160964212,3687910,0.00136000,20.01000000,1
1531160966621,1531160966618,3687911,0.00135900,4.46000000,1
1531160993741,1531160993736,3687912,0.00135900,6.11000000,1
1531160997004,1531160997000,3687913,0.00135800,4.46000000,1
1531161007934,1531161007930,3687914,0.00135900,10.65000000,0
1531161046284,1531161046281,3687915,0.00136300,6.07000000,0
1531161046288,1531161046285,3687916,0.00136300,0.02000000,0
1531161046289,1531161046285,3687917,0.00136400,20.01000000,0
1531161048030,1531161048025,3687918,0.00136300,6.09000000,1
1531161048030,1531161048025,3687919,0.00136200,6.10000000,1
1531161048030,1531161048025,3687920,0.00135900,57.86000000,1
1531161083154,1531161083151,3687921,0.00136200,0.80000000,0
1531161098034,1531161098030,3687922,0.00136100,3.94000000,0
1531161111303,1531161111298,3687923,0.00136100,2.26000000,0
1531161113086,1531161113084,3687924,0.00136100,50.86000000,0
1531161113086,1531161113084,3687925,0.00136200,14.37000000,0
1531161115784,1531161115781,3687926,0.00136300,7.34000000,0
1531161194235,1531161194231,3687927,0.00136200,30.85000000,0
1531161205350,1531161205346,3687928,0.00135800,6.65000000,1
1531161205440,1531161205437,3687929,0.00135800,0.80000000,0
1531161286114,1531161286082,3687930,0.00135800,5.00000000,0
1531161306117,1531161306114,3687931,0.00135800,1.60000000,0
1531161330731,1531161330726,3687932,0.00135700,13.88000000,1
1531161372083,1531161372078,3687933,0.00135700,208.63000000,1
1531161399045,1531161399040,3687934,0.00135700,0.88000000,0
1531161446115,1531161446111,3687935,0.00135700,1.60000000,0
1531161496469,1531161496463,3687936,0.00135700,20.01000000,1
1531161496469,1531161496463,3687937,0.00135600,204.22000000,1
1531161512962,1531161512958,3687938,0.00135600,45.75000000,1
1531161516858,1531161516855,3687939,0.00135500,21.02000000,1
1531161518393,1531161518388,3687940,0.00135500,197.96000000,1
1531161518393,1531161518388,3687941,0.00135400,257.14000000,1
1531161519178,1531161519174,3687942,0.00135800,0.56000000,0
1531161568538,1531161568533,3687943,0.00135800,22.19000000,0
1531161568538,1531161568533,3687944,0.00136000,6.11000000,0
1531161570037,1531161570032,3687945,0.00136000,51.32000000,1
1531161575790,1531161575786,3687946,0.00136000,2.41000000,0
1531161595262,1531161595257,3687947,0.00135500,6.13000000,1
1531161595262,1531161595257,3687948,0.00135400,22.93000000,1
1531161616810,1531161616806,3687949,0.00135800,0.88000000,0
1531161616810,1531161616806,3687950,0.00136000,3.70000000,0
1531161616810,1531161616806,3687951,0.00136100,0.40000000,0
1531161658277,1531161658274,3687952,0.00136100,18.24000000,0
1531161797488,1531161797484,3687953,0.00135800,12.20000000,1
1531161889217,1531161889213,3687954,0.00135900,0.56000000,1
1531161895556,1531161895552,3687955,0.00136100,20.01000000,0
1531161895906,1531161895900,3687956,0.00136100,42.67000000,1
1531161907986,1531161907982,3687957,0.00136200,51.85000000,0
1531161907986,1531161907982,3687958,0.00136300,294.87000000,0
1531161907986,1531161907982,3687959,0.00136400,340.78000000,0
1531161907986,1531161907982,3687960,0.00136500,206.93000000,0
1531161908062,1531161908058,3687961,0.00136500,2.94000000,1
1531161908288,1531161908284,3687962,0.00136500,115.95000000,1
1531161908688,1531161908684,3687963,0.00136500,2.09000000,1
1531161908919,1531161908914,3687964,0.00136600,4.32000000,0
1531161911369,1531161911364,3687965,0.00136500,2.08000000,1
1531161913044,1531161913040,3687966,0.00136600,7.05000000,1
1531161957063,1531161957059,3687967,0.00136700,18.10000000,0
1531161991810,1531161991805,3687968,0.00136700,2.67000000,0
1531162007279,1531162007274,3687969,0.00136700,9.48000000,1
1531162007282,1531162007277,3687970,0.00136500,15.07000000,1
1531162007282,1531162007281,3687971,0.00136500,5.59000000,1
1531162007850,1531162007847,3687972,0.00136800,5.08000000,0
1531162009545,1531162009543,3687973,0.00136800,10.00000000,0
1531162047672,1531162047668,3687974,0.00136800,8.63000000,0
1531162097460,1531162097449,3687975,0.00136800,68.40000000,0
1531162097460,1531162097449,3687976,0.00136900,34.16000000,0
1531162097460,1531162097449,3687977,0.00137000,70.87000000,0
1531162097460,1531162097449,3687978,0.00137100,99.46000000,0
1531162097460,1531162097449,3687979,0.00137300,9.01000000,0
1531162097460,1531162097449,3687980,0.00137400,15.95000000,0
1531162097460,1531162097449,3687981,0.00137500,230.00000000,0
1531162097460,1531162097449,3687982,0.00137600,16.03000000,0
1531162097460,1531162097449,3687983,0.00137700,4.32000000,0
1531162097460,1531162097449,3687984,0.00138000,169.72000000,0
1531162097460,1531162097449,3687985,0.00138400,71.86000000,0
1531162097460,1531162097449,3687986,0.00138500,15.18000000,0
1531162097460,1531162097449,3687987,0.00138900,306.04000000,0
1531162097737,1531162097734,3687988,0.00137300,4.34000000,1
1531162097744,1531162097740,3687989,0.00136600,4.34000000,1
1531162097749,1531162097748,3687990,0.00137300,4.34000000,1
1531162097761,1531162097757,3687991,0.00138800,4.34000000,0
1531162097782,1531162097778,3687992,0.00137300,8.68000000,1
1531162097818,1531162097815,3687993,0.00137300,4.21000000,1
1531162097826,1531162097822,3687994,0.00137300,4.00000000,1
1531162097889,1531162097885,3687995,0.00137800,0.56000000,0
1531162097996,1531162097990,3687996,0.00137300,1.56000000,1
1531162098010,1531162098004,3687997,0.00137300,4.63000000,1
1531162098010,1531162098004,3687998,0.00137200,4.34000000,1
1531162098015,1531162098010,3687999,0.00137200,1.53000000,0
1531162098060,1531162098054,3688000,0.00137800,0.86000000,0
1531162098070,1531162098064,3688001,0.00137200,2.81000000,1
1531162098070,1531162098064,3688002,0.00137000,32.96000000,1
1531162098127,1531162098124,3688003,0.00137000,4.29000000,0
1531162098416,1531162098411,3688004,0.00136800,0.55000000,1
1531162098549,1531162098547,3688005,0.00137000,3.43000000,0
1531162098958,1531162098953,3688006,0.00137300,6.19000000,0
1531162099111,1531162099106,3688007,0.00137200,9.00000000,1
1531162099313,1531162099308,3688008,0.00137200,5.72000000,1
1531162100793,1531162100787,3688009,0.00137000,6.05000000,1
1531162100809,1531162100803,3688010,0.00137000,0.01000000,1
1531162100953,1531162100948,3688011,0.00137000,6.05000000,0
1531162103827,1531162103822,3688012,0.00136900,11.78000000,1
1531162103950,1531162103946,3688013,0.00137200,5.37000000,0
1531162105150,1531162105147,3688014,0.00137000,57.53000000,1
1531162106047,1531162106042,3688015,0.00137000,28.36000000,1
1531162106677,1531162106672,3688016,0.00136900,9.80000000,1
1531162107262,1531162107257,3688017,0.00137000,20.01000000,1
1531162107262,1531162107257,3688018,0.00136900,3.54000000,1
1531162107787,1531162107782,3688019,0.00136900,5.00000000,1
1531162107846,1531162107840,3688020,0.00137300,0.77000000,0
1531162107846,1531162107840,3688021,0.00137400,5.39000000,0
1531162108266,1531162108262,3688022,0.00137400,33.06000000,1
1531162108334,1531162108330,3688023,0.00137400,50.20000000,1
1531162108648,1531162108644,3688024,0.00137400,20.01000000,1
1531162109183,1531162109177,3688025,0.00137500,1.00000000,1
1531162109549,1531162109544,3688026,0.00137500,3.99000000,1
1531162110226,1531162110224,3688027,0.00137000,3.99000000,1
1531162110286,1531162110281,3688028,0.00137500,3.99000000,0
1531162110286,1531162110281,3688029,0.00137900,6.00000000,0
1531162110286,1531162110281,3688030,0.00138000,39.69000000,0
1531162110840,1531162110835,3688031,0.00137500,6.04000000,1
1531162110965,1531162110961,3688032,0.00137000,1.34000000,0
1531162111382,1531162111378,3688033,0.00137000,2.89000000,1
1531162111382,1531162111378,3688034,0.00136800,0.54000000,1
1531162111382,1531162111378,3688035,0.00136700,19.34000000,1
1531162120313,1531162120308,3688036,0.00137000,6.34000000,1
1531162123957,1531162123952,3688037,0.00137200,4.99000000,0
1531162124184,1531162124178,3688038,0.00137400,1.02000000,0
1531162126409,1531162126404,3688039,0.00137400,2.65000000,0
1531162127964,1531162127962,3688040,0.00137300,26.10000000,0
1531162140944,1531162140940,3688041,0.00136900,0.88000000,1
1531162146316,1531162146313,3688042,0.00136900,5.19000000,1
1531162146560,1531162146556,3688043,0.00137300,7.36000000,0
1531162148389,1531162148384,3688044,0.00137000,6.00000000,1
1531162149259,1531162149255,3688045,0.00137000,5.09000000,1
1531162149447,1531162149443,3688046,0.00137300,0.74000000,0
1531162154138,1531162154133,3688047,0.00137100,0.73000000,1
1531162154138,1531162154133,3688048,0.00137000,40.58000000,1
1531162154138,1531162154133,3688049,0.00136800,101.56000000,1
1531162154138,1531162154133,3688050,0.00136700,25.52000000,1
1531162154138,1531162154133,3688051,0.00136600,135.08000000,1
1531162172912,1531162172907,3688052,0.00137300,2.70000000,0
1531162173952,1531162173946,3688053,0.00137300,1.34000000,1
1531162174527,1531162174523,3688054,0.00136700,0.89000000,1
1531162175125,1531162175120,3688055,0.00136800,0.89000000,1
1531162183404,1531162183396,3688056,0.00137200,0.89000000,0
1531162183404,1531162183396,3688057,0.00137300,24.87000000,0
1531162183404,1531162183396,3688058,0.00137400,15.35000000,0
1531162183404,1531162183396,3688059,0.00137500,6.04000000,0
1531162183404,1531162183396,3688060,0.00137600,38.00000000,0
1531162183404,1531162183396,3688061,0.00137700,3.63000000,0
1531162183404,1531162183396,3688062,0.00137900,20.86000000,0
1531162183404,1531162183396,3688063,0.00138000,20.01000000,0
1531162183404,1531162183396,3688064,0.00138100,120.35000000,0
1531162189022,1531162189016,3688065,0.00137200,9.89000000,1
1531162189022,1531162189016,3688066,0.00137100,7.23000000,1
1531162189022,1531162189016,3688067,0.00136800,3.64000000,1
1531162189022,1531162189016,3688068,0.00136600,7.49000000,1
1531162192763,1531162192758,3688069,0.00137400,9.89000000,0
1531162192763,1531162192758,3688070,0.00137500,2.26000000,0
1531162192798,1531162192793,3688071,0.00137500,25.37000000,1
1531162205230,1531162205227,3688072,0.00137400,7.00000000,1
1531162211250,1531162211242,3688073,0.00137600,0.74000000,0
1531162213284,1531162213281,3688074,0.00136900,10.99000000,1
1531162226300,1531162226295,3688075,0.00136800,1.83000000,1
1531162228603,1531162228598,3688076,0.00136700,16.15000000,1
1531162228603,1531162228598,3688077,0.00136600,4.36000000,1
1531162228603,1531162228598,3688078,0.00136500,129.49000000,1
1531162232380,1531162232375,3688079,0.00137000,0.80000000,0
1531162246034,1531162246020,3688080,0.00137000,10.19000000,0
1531162246034,1531162246020,3688081,0.00137100,4.36000000,0
1531162246034,1531162246020,3688082,0.00137200,20.84000000,0
1531162246034,1531162246020,3688083,0.00137500,7.34000000,0
1531162246034,1531162246020,3688084,0.00137600,33.91000000,0
1531162246034,1531162246020,3688085,0.00137700,159.96000000,0
1531162246034,1531162246020,3688086,0.00137800,62.81000000,0
1531162246034,1531162246020,3688087,0.00137900,251.66000000,0
1531162246034,1531162246020,3688088,0.00138000,55.00000000,0
1531162246034,1531162246020,3688089,0.00138100,12.00000000,0
1531162246034,1531162246020,3688090,0.00138400,0.87000000,0
1531162246034,1531162246020,3688091,0.00138700,4.34000000,0
1531162246034,1531162246020,3688092,0.00138900,106.22000000,0
1531162246034,1531162246020,3688093,0.00139000,12.45000000,0
1531162246034,1531162246020,3688094,0.00139100,9.62000000,0
1531162246034,1531162246020,3688095,0.00139200,48.18000000,0
1531162246034,1531162246020,3688096,0.00139300,47.41000000,0
1531162246034,1531162246020,3688097,0.00139400,118.21000000,0
1531162246034,1531162246020,3688098,0.00139500,46.63000000,0
1531162246034,1531162246020,3688099,0.00139700,155.70000000,0
1531162246034,1531162246020,3688100,0.00139800,478.30000000,0
1531162246131,1531162246126,3688101,0.00137500,2.72000000,0
1531162246157,1531162246154,3688102,0.00138000,11.74000000,1
1531162246161,1531162246156,3688103,0.00136700,3.65000000,1
1531162246161,1531162246156,3688104,0.00136600,8.09000000,1
1531162246195,1531162246191,3688105,0.00137900,4.32000000,1
1531162246350,1531162246349,3688106,0.00137600,3.84000000,0
1531162246425,1531162246421,3688107,0.00137600,0.48000000,0
1531162246426,1531162246421,3688108,0.00137700,4.32000000,0
1531162246426,1531162246421,3688109,0.00137800,4.32000000,0
1531162246426,1531162246421,3688110,0.00137900,4.31000000,0
1531162246426,1531162246421,3688111,0.00138000,0.77000000,0
1531162246467,1531162246462,3688112,0.00138000,0.56000000,0
1531162246509,1531162246503,3688113,0.00137600,1.80000000,1
1531162246560,1531162246556,3688114,0.00138000,4.27000000,0
1531162246582,1531162246576,3688115,0.00138000,6.40000000,0
1531162246582,1531162246576,3688116,0.00139000,4.32000000,0
1531162246582,1531162246576,3688117,0.00139700,12.16000000,0
1531162246582,1531162246576,3688118,0.00139800,9.30000000,0
1531162246878,1531162246874,3688119,0.00138600,1.00000000,1
1531162246919,1531162246913,3688120,0.00137800,1.59000000,1
1531162246919,1531162246913,3688121,0.00137600,0.01000000,1
1531162246981,1531162246977,3688122,0.00138500,1.08000000,0
1531162247014,1531162247010,3688123,0.00138500,2.96000000,0
1531162247014,1531162247010,3688124,0.00138600,1.28000000,0
1531162247124,1531162247119,3688125,0.00137900,1.44000000,1
1531162247176,1531162247171,3688126,0.00137800,1.44000000,1
1531162247249,1531162247244,3688127,0.00137900,2.18000000,1
1531162247291,1531162247287,3688128,0.00137900,1.44000000,1
1531162247291,1531162247287,3688129,0.00137800,2.18000000,1
1531162247385,1531162247378,3688130,0.00137600,3.62000000,0
1531162247385,1531162247378,3688131,0.00137900,0.69000000,0
1531162247508,1531162247504,3688132,0.00137900,2.92000000,0
1531162247913,1531162247912,3688133,0.00137900,5.78000000,1
1531162247913,1531162247912,3688134,0.00137800,3.62000000,1
1531162248659,1531162248655,3688135,0.00137800,1.09000000,0
1531162248916,1531162248911,3688136,0.00137800,2.52000000,1
1531162249145,1531162249140,3688137,0.00137900,5.98000000,1
1531162249927,1531162249924,3688138,0.00137800,0.01000000,1
1531162249927,1531162249924,3688139,0.00137700,18.50000000,1
1531162250867,1531162250859,3688140,0.00137400,1.09000000,1
1531162250867,1531162250859,3688141,0.00137200,4.00000000,1
1531162250867,1531162250859,3688142,0.00137100,6.52000000,1
1531162250867,1531162250859,3688143,0.00137000,30.80000000,1
1531162250867,1531162250859,3688144,0.00136900,4.31000000,1
1531162250867,1531162250859,3688145,0.00136800,27.82000000,1
1531162250867,1531162250859,3688146,0.00136700,2.19000000,1
1531162250867,1531162250859,3688147,0.00136600,4.03000000,1
1531162250867,1531162250859,3688148,0.00136500,18.45000000,1
1531162250867,1531162250859,3688149,0.00136400,3.62000000,1
1531162250867,1531162250859,3688150,0.00136300,16.85000000,1
1531162250867,1531162250859,3688151,0.00136200,4.69000000,1
1531162250867,1531162250859,3688152,0.00136100,8.72000000,1
1531162250867,1531162250859,3688153,0.00136000,11.99000000,1
1531162250867,1531162250859,3688154,0.00135900,2.30000000,1
1531162250967,1531162250964,3688155,0.00136100,25.73000000,1
1531162250967,1531162250964,3688156,0.00136000,0.28000000,1
1531162251181,1531162251176,3688157,0.00136100,0.55000000,1
1531162251301,1531162251297,3688158,0.00137300,1.07000000,0
1531162251301,1531162251297,3688159,0.00137400,2.83000000,0
1531162251724,1531162251719,3688160,0.00136700,4.05000000,1
1531162251724,1531162251719,3688161,0.00136300,7.69000000,1
1531162251925,1531162251920,3688162,0.00136700,4.32000000,1
1531162251925,1531162251920,3688163,0.00136600,1.40000000,1
1531162251925,1531162251920,3688164,0.00136300,1.23000000,1
1531162251925,1531162251920,3688165,0.00136200,25.23000000,1
1531162251927,1531162251924,3688166,0.00137200,3.62000000,0
1531162251927,1531162251924,3688167,0.00137300,1.71000000,0
1531162251927,1531162251924,3688168,0.00137400,3.85000000,0
1531162251927,1531162251924,3688169,0.00137700,2.88000000,0
1531162251927,1531162251924,3688170,0.00137800,8.51000000,0
1531162251930,1531162251924,3688171,0.00137900,6.71000000,0
1531162251930,1531162251924,3688172,0.00138000,2.19000000,0
1531162251930,1531162251924,3688173,0.00138300,0.28000000,0
1531162252281,1531162252275,3688174,0.00137200,4.32000000,0
1531162252281,1531162252275,3688175,0.00137400,2.46000000,0
1531162252281,1531162252275,3688176,0.00137800,5.14000000,0
1531162253956,1531162253952,3688177,0.00136900,5.60000000,0
1531162254960,1531162254956,3688178,0.00136700,2.09000000,0
1531162255141,1531162255137,3688179,0.00136800,1.09000000,0
1531162255631,1531162255630,3688180,0.00136900,2.91000000,0
1531162255752,1531162255748,3688181,0.00136600,3.66000000,1
1531162256087,1531162256082,3688182,0.00136600,3.99000000,1
1531162256266,1531162256260,3688183,0.00136700,3.62000000,1
1531162256285,1531162256280,3688184,0.00136900,19.93000000,0
1531162256285,1531162256280,3688185,0.00137000,3.62000000,0
1531162256285,1531162256280,3688186,0.00137100,16.85000000,0
1531162256285,1531162256280,3688187,0.00137300,26.82000000,0
1531162256719,1531162256712,3688188,0.00137300,1.09000000,1
1531162257514,1531162257510,3688189,0.00137300,1.00000000,1
1531162258792,1531162258787,3688190,0.00137300,4.38000000,1
1531162258904,1531162258901,3688191,0.00137400,1.23000000,0
1531162258904,1531162258901,3688192,0.00137500,2.91000000,0
1531162261900,1531162261895,3688193,0.00137500,4.05000000,1
1531162266747,1531162266742,3688194,0.00137500,15.76000000,1
1531162266747,1531162266742,3688195,0.00137100,38.83000000,1
1531162266747,1531162266742,3688196,0.00137000,45.41000000,1
1531162269203,1531162269197,3688197,0.00137500,7.88000000,1
1531162269203,1531162269197,3688198,0.00137000,2.86000000,1
1531162272894,1531162272890,3688199,0.00137000,3.84000000,0
1531162272894,1531162272890,3688200,0.00137200,4.06000000,0
1531162273729,1531162273721,3688201,0.00136800,19.53000000,1
1531162273729,1531162273721,3688202,0.00136700,1.46000000,1
1531162273729,1531162273721,3688203,0.00136500,4.64000000,1
1531162273729,1531162273721,3688204,0.00136400,2.65000000,1
1531162273729,1531162273721,3688205,0.00136200,78.25000000,1
1531162273729,1531162273721,3688206,0.00136100,40.56000000,1
1531162273955,1531162273950,3688207,0.00136800,23.70000000,0
1531162278523,1531162278518,3688208,0.00136500,0.72000000,1
1531162293899,1531162293893,3688209,0.00136800,11.74000000,0
1531162293899,1531162293893,3688210,0.00136900,3.27000000,0
1531162293899,1531162293893,3688211,0.00137100,6.11000000,0
1531162293899,1531162293893,3688212,0.00137200,2.66000000,0
1531162313654,1531162313648,3688213,0.00136800,3.62000000,0
1531162314087,1531162314082,3688214,0.00137200,0.76000000,0
1531162327614,1531162327610,3688215,0.00136900,0.74000000,1
1531162330601,1531162330594,3688216,0.00136800,1.11000000,1
1531162333907,1531162333903,3688217,0.00137200,0.74000000,0
1531162340549,1531162340543,3688218,0.00137200,1.08000000,0
1531162347637,1531162347631,3688219,0.00137000,0.73000000,1
1531162364586,1531162364581,3688220,0.00137000,31.30000000,1
1531162371867,1531162371863,3688221,0.00136800,9.20000000,0
1531162376071,1531162376065,3688222,0.00136700,0.80000000,1
1531162376071,1531162376065,3688223,0.00136600,0.86000000,1
1531162376071,1531162376065,3688224,0.00136500,1.50000000,1
1531162376071,1531162376065,3688225,0.00136400,0.46000000,1
1531162381684,1531162381680,3688226,0.00136400,63.44000000,1
1531162381684,1531162381680,3688227,0.00136300,5.20000000,1
1531162385297,1531162385293,3688228,0.00136300,13.24000000,1
1531162385589,1531162385584,3688229,0.00136600,1.08000000,0
1531162435545,1531162435539,3688230,0.00136800,0.06000000,0
1531162435545,1531162435539,3688231,0.00137000,6.06000000,0
1531162435545,1531162435539,3688232,0.00137200,6.90000000,0
1531162441809,1531162441807,3688233,0.00137200,6.05000000,0
1531162441844,1531162441839,3688234,0.00137200,7.83000000,1
1531162441886,1531162441882,3688235,0.00137200,3.88000000,1
1531162442263,1531162442259,3688236,0.00137200,4.09000000,1
1531162449252,1531162449248,3688237,0.00137400,4.08000000,0
1531162450097,1531162450091,3688238,0.00137200,61.97000000,1
1531162450097,1531162450091,3688239,0.00137000,6.06000000,1
1531162450097,1531162450091,3688240,0.00136600,58.57000000,1
1531162450097,1531162450091,3688241,0.00136400,0.93000000,1
1531162450097,1531162450091,3688242,0.00136300,6.80000000,1
1531162457134,1531162457128,3688243,0.00137300,0.79000000,0
1531162475965,1531162475961,3688244,0.00137300,7.09000000,0
1531162476992,1531162476988,3688245,0.00137300,0.91000000,1
1531162478580,1531162478575,3688246,0.00136800,0.93000000,1
1531162480916,1531162480912,3688247,0.00136800,4.88000000,0
1531162481035,1531162481032,3688248,0.00136800,19.46000000,0
1531162481199,1531162481192,3688249,0.00136700,4.88000000,1
1531162481361,1531162481356,3688250,0.00136800,19.50000000,0
1531162482039,1531162482035,3688251,0.00136800,5.79000000,0
1531162490369,1531162490365,3688252,0.00136700,1.19000000,1
1531162490369,1531162490365,3688253,0.00136600,2.92000000,1
1531162490369,1531162490365,3688254,0.00136400,27.77000000,1
1531162491532,1531162491527,3688255,0.00137200,0.74000000,0
1531162503994,1531162503989,3688256,0.00137000,0.73000000,1
1531162571127,1531162571122,3688257,0.00136900,1.10000000,0
1531162585532,1531162585529,3688258,0.00136900,4.23000000,0
1531162601763,1531162601759,3688259,0.00136700,0.11000000,1
1531162610597,1531162610593,3688260,0.00136700,0.69000000,1
1531162610597,1531162610593,3688261,0.00136600,0.86000000,1
1531162610597,1531162610593,3688262,0.00136500,6.08000000,1
1531162610597,1531162610593,3688263,0.00136300,13.39000000,1
1531162625655,1531162625650,3688264,0.00136300,107.46000000,1
1531162625685,1531162625679,3688265,0.00136300,17.53000000,0
1531162629631,1531162629628,3688266,0.00136300,0.01000000,0
1531162632851,1531162632844,3688267,0.00136500,2.04000000,0
1531162633013,1531162633010,3688268,0.00136500,3.83000000,0
1531162634542,1531162634537,3688269,0.00136400,0.89000000,1
1531162648687,1531162648682,3688270,0.00136400,0.04000000,1
1531162648687,1531162648682,3688271,0.00136300,30.88000000,1
1531162696101,1531162696097,3688272,0.00136600,0.80000000,0
1531162716621,1531162716617,3688273,0.00136500,4.18000000,0
1531162720422,1531162720417,3688274,0.00136600,14.50000000,0
1531162722504,1531162722499,3688275,0.00136600,23.53000000,1
1531162722940,1531162722935,3688276,0.00136400,20.00000000,0
1531162723166,1531162723162,3688277,0.00136400,1.07000000,0
1531162726054,1531162726050,3688278,0.00136400,29.07000000,0
1531162754091,1531162754085,3688279,0.00136400,0.02000000,0
1531162787280,1531162787274,3688280,0.00136800,2.00000000,0
1531162804468,1531162804465,3688281,0.00136300,1.00000000,1
1531162810182,1531162810178,3688282,0.00136800,2.19000000,0
1531162814176,1531162814172,3688283,0.00136800,0.74000000,0
1531162817126,1531162817120,3688284,0.00136800,2.19000000,0
1531162818911,1531162818906,3688285,0.00136800,6.63000000,0
1531162822068,1531162822063,3688286,0.00136800,3.66000000,1
1531162824123,1531162824120,3688287,0.00136800,13.97000000,1
1531162860931,1531162860924,3688288,0.00136800,0.93000000,0
1531162860945,1531162860939,3688289,0.00136800,1.50000000,0
1531162861892,1531162861888,3688290,0.00136800,0.93000000,0
1531162874377,1531162874372,3688291,0.00136800,2.51000000,0
1531162922072,1531162922068,3688292,0.00136800,0.93000000,0
1531162922216,1531162922210,3688293,0.00136800,24.47000000,0
1531162922216,1531162922210,3688294,0.00137000,2.65000000,0
1531162922216,1531162922210,3688295,0.00137100,4.02000000,0
1531162922216,1531162922210,3688296,0.00137200,2.18000000,0
1531162922216,1531162922210,3688297,0.00137300,7.57000000,0
1531162933373,1531162933338,3688298,0.00136600,0.04000000,1
1531162934715,1531162934709,3688299,0.00136500,0.04000000,1
1531162985230,1531162985226,3688300,0.00137200,6.05000000,0
1531162985230,1531162985226,3688301,0.00137300,20.20000000,0
1531162985230,1531162985226,3688302,0.00137400,83.82000000,0
1531162985230,1531162985226,3688303,0.00137500,18.10000000,0
1531162985230,1531162985226,3688304,0.00137600,27.01000000,0
1531162985230,1531162985226,3688305,0.00137800,24.53000000,0
1531162985230,1531162985226,3688306,0.00137900,7.71000000,0
1531162995242,1531162995237,3688307,0.00137800,20.01000000,0
1531162995242,1531162995237,3688308,0.00137900,5.99000000,0
1531163002715,1531163002710,3688309,0.00137300,1.00000000,1
1531163007748,1531163007746,3688310,0.00137200,1.00000000,1
1531163013177,1531163013171,3688311,0.00137200,1.00000000,1
1531163038863,1531163038857,3688312,0.00137200,4.05000000,1
1531163044554,1531163044550,3688313,0.00136900,4.29000000,0
1531163048561,1531163048555,3688314,0.00136800,1.00000000,0
1531163093340,1531163093334,3688315,0.00136900,0.01000000,0
1531163093340,1531163093334,3688316,0.00137000,0.73000000,0
1531163095890,1531163095884,3688317,0.00137200,0.74000000,0
1531163105961,1531163105955,3688318,0.00137200,5.84000000,0
1531163105961,1531163105955,3688319,0.00137300,5.36000000,0
1531163105961,1531163105955,3688320,0.00137600,17.10000000,0
1531163113133,1531163113129,3688321,0.00137300,0.80000000,1
1531163232343,1531163232341,3688322,0.00137800,0.10000000,0
1531163268859,1531163268853,3688323,0.00137800,54.47000000,0
1531163268878,1531163268874,3688324,0.00137800,3.76000000,1
1531163268884,1531163268879,3688325,0.00137800,3.76000000,1
1531163268907,1531163268902,3688326,0.00137800,6.03000000,1
1531163268969,1531163268964,3688327,0.00137800,16.32000000,1
1531163268969,1531163268964,3688328,0.00137300,3.93000000,1
1531163292922,1531163292917,3688329,0.00137800,37.68000000,0
1531163292922,1531163292917,3688330,0.00137900,136.25000000,0
1531163293126,1531163293123,3688331,0.00137900,4.50000000,1
1531163293254,1531163293249,3688332,0.00137900,3.55000000,1
1531163297917,1531163297911,3688333,0.00137900,0.87000000,1
1531163298109,1531163298102,3688334,0.00137900,1.09000000,1
1531163304201,1531163304194,3688335,0.00137900,3.95000000,1
1531163308887,1531163308882,3688336,0.00137900,40.38000000,1
1531163309805,1531163309798,3688337,0.00137900,1.09000000,1
1531163318325,1531163318320,3688338,0.00137900,7.35000000,1
1531163332713,1531163332707,3688339,0.00137900,38.66000000,1
1531163337095,1531163337091,3688340,0.00137400,4.06000000,1
1531163340283,1531163340275,3688341,0.00137300,1.10000000,1
1531163360592,1531163360586,3688342,0.00137800,4.06000000,0
1531163376445,1531163376439,3688343,0.00137900,3.19000000,1
1531163376908,1531163376904,3688344,0.00137900,3.67000000,0
1531163395173,1531163395167,3688345,0.00137900,9.46000000,0
1531163403558,1531163403554,3688346,0.00137800,14.44000000,1
1531163405407,1531163405402,3688347,0.00137800,41.89000000,1
1531163408518,1531163408512,3688348,0.00137800,82.55000000,0
1531163408518,1531163408512,3688349,0.00137900,5.80000000,0
1531163411040,1531163411035,3688350,0.00137900,4.39000000,1
1531163428721,1531163428714,3688351,0.00138000,1.81000000,0
1531163428721,1531163428714,3688352,0.00138100,1.48000000,0
1531163428721,1531163428714,3688353,0.00138200,18.25000000,0
1531163429633,1531163429629,3688354,0.00138200,0.86000000,1
1531163434954,1531163434950,3688355,0.00138200,2.63000000,1
1531163439540,1531163439535,3688356,0.00138200,1.09000000,1
1531163446968,1531163446962,3688357,0.00138300,2.92000000,0
1531163447224,1531163447221,3688358,0.00138300,0.73000000,0
1531163447304,1531163447301,3688359,0.00138300,1.75000000,0
1531163447304,1531163447301,3688360,0.00138400,0.44000000,0
1531163447925,1531163447921,3688361,0.00138200,6.91000000,1
1531163448628,1531163448622,3688362,0.00138200,0.79000000,1
1531163448644,1531163448640,3688363,0.00138400,0.73000000,0
1531163450799,1531163450794,3688364,0.00138200,4.05000000,1
1531163453093,1531163453086,3688365,0.00138400,34.84000000,0
1531163453251,1531163453247,3688366,0.00138400,2.18000000,1
1531163453508,1531163453505,3688367,0.00138400,50.79000000,1
1531163453717,1531163453712,3688368,0.00138400,0.79000000,1
1531163457911,1531163457905,3688369,0.00138500,2.00000000,0
1531163458654,1531163458648,3688370,0.00138500,3.18000000,0
1531163458655,1531163458648,3688371,0.00138600,4.67000000,0
1531163458704,1531163458699,3688372,0.00138600,22.16000000,1
1531163459410,1531163459405,3688373,0.00138600,19.69000000,1
1531163464566,1531163464561,3688374,0.00138500,0.73000000,1
1531163464567,1531163464561,3688375,0.00138400,0.35000000,1
1531163466925,1531163466920,3688376,0.00138400,1.45000000,1
1531163468142,1531163468136,3688377,0.00138600,0.02000000,0
1531163468181,1531163468177,3688378,0.00138700,3.23000000,1
1531163469095,1531163469090,3688379,0.00138700,6.23000000,1
1531163473063,1531163473057,3688380,0.00138800,26.54000000,0
1531163476400,1531163476394,3688381,0.00138800,24.78000000,0
1531163480481,1531163480476,3688382,0.00138600,1.08000000,1
1531163480749,1531163480744,3688383,0.00138600,5.00000000,1
1531163481023,1531163481019,3688384,0.00138600,2.00000000,1
1531163481509,1531163481504,3688385,0.00138600,4.64000000,1
1531163485426,1531163485420,3688386,0.00138600,14.36000000,0
1531163488940,1531163488935,3688387,0.00138800,0.73000000,0
1531163489670,1531163489664,3688388,0.00138800,1.46000000,0
1531163490150,1531163490144,3688389,0.00138600,3.00000000,1
1531163492394,1531163492387,3688390,0.00138600,6.24000000,1
1531163498521,1531163498516,3688391,0.00138800,1.46000000,0
1531163502803,1531163502800,3688392,0.00138600,7.36000000,1
1531163502894,1531163502889,3688393,0.00138600,4.87000000,1
1531163503886,1531163503881,3688394,0.00138600,5.00000000,1
1531163515524,1531163515519,3688395,0.00138700,0.52000000,0
1531163523393,1531163523388,3688396,0.00138600,0.10000000,1
1531163523729,1531163523724,3688397,0.00138700,0.96000000,0
1531163525145,1531163525141,3688398,0.00138600,1.59000000,1
1531163530746,1531163530740,3688399,0.00138700,2.76000000,0
1531163530746,1531163530740,3688400,0.00138800,10.64000000,0
1531163534368,1531163534362,3688401,0.00138800,3.34000000,0
1531163536174,1531163536170,3688402,0.00138800,16.05000000,0
1531163537159,1531163537153,3688403,0.00138800,1.11000000,0
1531163538550,1531163538544,3688404,0.00138800,124.67000000,0
1531163544590,1531163544585,3688405,0.00138800,2.75000000,1
1531163547456,1531163547452,3688406,0.00138900,2.19000000,0
1531163550837,1531163550831,3688407,0.00139000,28.13000000,0
1531163560406,1531163560401,3688408,0.00139000,45.82000000,0
1531163560577,1531163560571,3688409,0.00138900,1.08000000,1
1531163564261,1531163564256,3688410,0.00139000,32.03000000,0
1531163570038,1531163570032,3688411,0.00139000,37.56000000,0
1531163570038,1531163570032,3688412,0.00139200,6.55000000,0
1531163570038,1531163570032,3688413,0.00139300,3.65000000,0
1531163570038,1531163570032,3688414,0.00139400,10.11000000,0
1531163570038,1531163570032,3688415,0.00139500,60.83000000,0
1531163570038,1531163570032,3688416,0.00139600,80.06000000,0
1531163570038,1531163570032,3688417,0.00139600,10.02000000,0
1531163572121,1531163572116,3688418,0.00139000,4.71000000,1
1531163572121,1531163572116,3688419,0.00138900,16.52000000,1
1531163584006,1531163584000,3688420,0.00139100,20.00000000,1
1531163590392,1531163590387,3688421,0.00139100,2.18000000,0
1531163590591,1531163590587,3688422,0.00139000,4.71000000,1
1531163591005,1531163591001,3688423,0.00139400,0.73000000,0
1531163591259,1531163591234,3688424,0.00139400,1.45000000,0
1531163592001,1531163591998,3688425,0.00139000,1.08000000,1
1531163593748,1531163593742,3688426,0.00139200,0.72000000,1
1531163595170,1531163595167,3688427,0.00139400,11.62000000,0
1531163600265,1531163600259,3688428,0.00139400,24.19000000,0
1531163600265,1531163600259,3688429,0.00139600,2.85000000,0
1531163601662,1531163601659,3688430,0.00139100,5.00000000,1
1531163601963,1531163601957,3688431,0.00139600,6.76000000,0
1531163603913,1531163603907,3688432,0.00139600,2.24000000,0
1531163608657,1531163608652,3688433,0.00139100,0.67000000,1
1531163611788,1531163611781,3688434,0.00139100,1.45000000,0
1531163612074,1531163612071,3688435,0.00139100,0.73000000,0
1531163612526,1531163612521,3688436,0.00139100,0.73000000,0
1531163615588,1531163615582,3688437,0.00139100,0.86000000,0
1531163630840,1531163630835,3688438,0.00139000,44.94000000,1
1531163631489,1531163631484,3688439,0.00139000,4.84000000,1
1531163633163,1531163633153,3688440,0.00139100,3.72000000,0
1531163633163,1531163633153,3688441,0.00139500,73.48000000,0
1531163633163,1531163633153,3688442,0.00139600,71.23000000,0
1531163633163,1531163633153,3688443,0.00139700,125.55000000,0
1531163633163,1531163633153,3688444,0.00139800,237.38000000,0
1531163633163,1531163633153,3688445,0.00139900,6.52000000,0
1531163633163,1531163633153,3688446,0.00140000,290.27000000,0
1531163633163,1531163633153,3688447,0.00140000,207.86000000,1
1531163633651,1531163633646,3688448,0.00139400,1.07000000,1
1531163633651,1531163633646,3688449,0.00139100,3.93000000,1
1531163641008,1531163641004,3688450,0.00139200,0.66000000,1
1531163651363,1531163651357,3688451,0.00139700,0.73000000,0
1531163651608,1531163651601,3688452,0.00139700,0.21000000,0
1531163651608,1531163651601,3688453,0.00139800,0.52000000,0
1531163651676,1531163651671,3688454,0.00139800,0.73000000,0
1531163652089,1531163652084,3688455,0.00139800,1.45000000,0
1531163652328,1531163652324,3688456,0.00139800,0.73000000,0
1531163654741,1531163654735,3688457,0.00139400,9.24000000,1
1531163656649,1531163656642,3688458,0.00139400,9.24000000,0
1531163656649,1531163656642,3688459,0.00139800,4.92000000,0
1531163656649,1531163656642,3688460,0.00139900,6.95000000,0
1531163656649,1531163656642,3688461,0.00140000,67.89000000,0
1531163658426,1531163658424,3688462,0.00139400,3.09000000,1
1531163669171,1531163669166,3688463,0.00139800,3.09000000,0
1531163669214,1531163669209,3688464,0.00139800,1.60000000,1
1531163669843,1531163669836,3688465,0.00139800,1.08000000,1
1531163669903,1531163669896,3688466,0.00139800,1.60000000,1
1531163670622,1531163670618,3688467,0.00139800,24.77000000,1
1531163672251,1531163672244,3688468,0.00139800,2.17000000,0
1531163672360,1531163672353,3688469,0.00139800,0.73000000,0
1531163674055,1531163674049,3688470,0.00139400,51.17000000,1
1531163674973,1531163674966,3688471,0.00139400,1.09000000,1
1531163675030,1531163675021,3688472,0.00139800,9.01000000,0
1531163675030,1531163675021,3688473,0.00140000,23.30000000,0
1531163675030,1531163675021,3688474,0.00140100,3.59000000,0
1531163675030,1531163675021,3688475,0.00140200,135.10000000,0
1531163675030,1531163675021,3688476,0.00140300,0.73000000,0
1531163675030,1531163675021,3688477,0.00140400,12.74000000,0
1531163675030,1531163675021,3688478,0.00140500,65.98000000,0
1531163675030,1531163675021,3688479,0.00140600,3.45000000,0
1531163675636,1531163675632,3688480,0.00139800,1.95000000,1
1531163676145,1531163676141,3688481,0.00139800,1.18000000,1
1531163676248,1531163676242,3688482,0.00139800,1.12000000,1
1531163676248,1531163676242,3688483,0.00139600,3.21000000,1
1531163676867,1531163676861,3688484,0.00139600,1.06000000,1
1531163676867,1531163676861,3688485,0.00139500,4.18000000,1
1531163680053,1531163680048,3688486,0.00139900,10.03000000,1
1531163680967,1531163680961,3688487,0.00139900,1.08000000,1
1531163681315,1531163681309,3688488,0.00139900,1.51000000,1
1531163682859,1531163682856,3688489,0.00139900,39.00000000,1
1531163685525,1531163685520,3688490,0.00139900,15.61000000,1
1531163685546,1531163685540,3688491,0.00139600,0.72000000,1
1531163685546,1531163685540,3688492,0.00139500,1.29000000,1
1531163685546,1531163685540,3688493,0.00139400,13.74000000,1
1531163687441,1531163687435,3688494,0.00139400,17.48000000,1
1531163687599,1531163687593,3688495,0.00139300,2.20000000,1
1531163687933,1531163687930,3688496,0.00139300,0.81000000,1
1531163690596,1531163690590,3688497,0.00139400,0.96000000,1
1531163690596,1531163690590,3688498,0.00139300,1.83000000,1
1531163691162,1531163691157,3688499,0.00139300,1.96000000,1
1531163692181,1531163692174,3688500,0.00139300,6.11000000,1
1531163692515,1531163692508,3688501,0.00139700,0.72000000,0
1531163692544,1531163692540,3688502,0.00139300,1.62000000,1
1531163692659,1531163692652,3688503,0.00139700,0.72000000,0
1531163692697,1531163692694,3688504,0.00139700,1.44000000,0
1531163693240,1531163693236,3688505,0.00139700,1.44000000,0
1531163694049,1531163694044,3688506,0.00139300,34.18000000,1
1531163694049,1531163694044,3688507,0.00139200,10.70000000,1
1531163694049,1531163694044,3688508,0.00139000,12.47000000,1
1531163695431,1531163695426,3688509,0.00139300,2.27000000,0
1531163699564,1531163699558,3688510,0.00139300,1.59000000,0
1531163699564,1531163699558,3688511,0.00139700,13.16000000,0
1531163699952,1531163699947,3688512,0.00139700,20.14000000,1
1531163700150,1531163700146,3688513,0.00139700,0.80000000,1
1531163700920,1531163700915,3688514,0.00139700,20.14000000,1
1531163702684,1531163702682,3688515,0.00139700,3.68000000,1
1531163704266,1531163704260,3688516,0.00139800,0.72000000,0
1531163704441,1531163704436,3688517,0.00139700,53.36000000,1
1531163705243,1531163705238,3688518,0.00139800,4.46000000,0
1531163705281,1531163705275,3688519,0.00139800,57.59000000,1
1531163705937,1531163705930,3688520,0.00139800,20.20000000,1
1531163706932,1531163706927,3688521,0.00139800,20.20000000,1
1531163707933,1531163707928,3688522,0.00139800,27.80000000,1
1531163708926,1531163708919,3688523,0.00139800,7.60000000,1
1531163709221,1531163709214,3688524,0.00139800,12.14000000,1
1531163709221,1531163709214,3688525,0.00139700,0.86000000,1
1531163709664,1531163709658,3688526,0.00139700,1.11000000,1
1531163712157,1531163712152,3688527,0.00139700,54.96000000,1
1531163713724,1531163713717,3688528,0.00139400,4.59000000,1
1531163713724,1531163713717,3688529,0.00139300,0.78000000,1
1531163713724,1531163713717,3688530,0.00139200,0.84000000,1
1531163713724,1531163713717,3688531,0.00139000,1.18000000,1
1531163719560,1531163719557,3688532,0.00139300,7.26000000,1
1531163726698,1531163726692,3688533,0.00139800,4.59000000,0
1531163727154,1531163727150,3688534,0.00139800,20.14000000,1
1531163732794,1531163732792,3688535,0.00139800,2.17000000,0
1531163741752,1531163741748,3688536,0.00139500,1.48000000,1
1531163744866,1531163744861,3688537,0.00139500,2.26000000,1
1531163752141,1531163752135,3688538,0.00139500,21.87000000,1
1531163753300,1531163753295,3688539,0.00139800,0.73000000,0
1531163758516,1531163758510,3688540,0.00139300,13.05000000,1
1531163766104,1531163766101,3688541,0.00139200,31.37000000,1
1531163769243,1531163769236,3688542,0.00139000,7.37000000,1
1531163770261,1531163770255,3688543,0.00139000,7.33000000,1
1531163772662,1531163772657,3688544,0.00139500,1.00000000,0
1531163779256,1531163779251,3688545,0.00139500,1.80000000,0
1531163784788,1531163784782,3688546,0.00139000,2.06000000,1
1531163787348,1531163787343,3688547,0.00139000,7.24000000,1
1531163790621,1531163790617,3688548,0.00138900,1.17000000,1
1531163795912,1531163795905,3688549,0.00138900,3.50000000,1
1531163796606,1531163796600,3688550,0.00138900,7.68000000,1
1531163798405,1531163798402,3688551,0.00139000,7.15000000,0
1531163802683,1531163802679,3688552,0.00138900,1.09000000,1
1531163802978,1531163802975,3688553,0.00139000,9.14000000,0
1531163810583,1531163810578,3688554,0.00139000,17.64000000,1
1531163814379,1531163814375,3688555,0.00139100,1.46000000,0
1531163814474,1531163814470,3688556,0.00139100,0.19000000,0
1531163818449,1531163818444,3688557,0.00139000,0.72000000,1
1531163823021,1531163823015,3688558,0.00139200,1.08000000,0
1531163823021,1531163823015,3688559,0.00139600,16.65000000,0
1531163835533,1531163835527,3688560,0.00139100,7.09000000,1
1531163838886,1531163838877,3688561,0.00139100,37.51000000,0
1531163838886,1531163838877,3688562,0.00139600,5.58000000,0
1531163838886,1531163838877,3688563,0.00139700,5.23000000,0
1531163838886,1531163838877,3688564,0.00139800,3.46000000,0
1531163838886,1531163838877,3688565,0.00139900,34.80000000,0
1531163838886,1531163838877,3688566,0.00140000,89.00000000,0
1531163838886,1531163838877,3688567,0.00140100,75.08000000,0
1531163838886,1531163838877,3688568,0.00140200,1.44000000,0
1531163838886,1531163838877,3688569,0.00140300,1.44000000,0
1531163838886,1531163838877,3688570,0.00140400,2.17000000,0
1531163838886,1531163838877,3688571,0.00140600,41.76000000,0
1531163838886,1531163838877,3688572,0.00140700,6.30000000,0
1531163839183,1531163839176,3688573,0.00140700,0.85000000,0
1531163840620,1531163840614,3688574,0.00140500,10.00000000,0
1531163840620,1531163840614,3688575,0.00140600,88.18000000,0
1531163848700,1531163848694,3688576,0.00140400,0.38000000,0
1531163849812,1531163849807,3688577,0.00140300,0.08000000,0
1531163850197,1531163850191,3688578,0.00140300,0.13000000,0
1531163853508,1531163853502,3688579,0.00139800,28.63000000,1
1531163853508,1531163853502,3688580,0.00139600,16.31000000,1
1531163853508,1531163853502,3688581,0.00139500,1.07000000,1
1531163854850,1531163854845,3688582,0.00139500,2.88000000,0
1531163855131,1531163855125,3688583,0.00139500,0.72000000,0
1531163856166,1531163856162,3688584,0.00139500,83.50000000,0
1531163859283,1531163859277,3688585,0.00139500,13.45000000,0
1531163861049,1531163861043,3688586,0.00139400,16.31000000,1
1531163867361,1531163867356,3688587,0.00139400,4.49000000,0
1531163872981,1531163872975,3688588,0.00139400,11.18000000,0
1531163874085,1531163874080,3688589,0.00139500,2.18000000,0
1531163874386,1531163874379,3688590,0.00139500,0.73000000,0
1531163874466,1531163874462,3688591,0.00139500,1.45000000,0
1531163875093,1531163875089,3688592,0.00139500,0.73000000,0
1531163877608,1531163877602,3688593,0.00139400,2.72000000,1
1531163884162,1531163884160,3688594,0.00139400,10.38000000,1
1531163885585,1531163885580,3688595,0.00139500,15.17000000,0
1531163891202,1531163891196,3688596,0.00139500,0.78000000,0
1531163898582,1531163898577,3688597,0.00139500,4.71000000,0
1531163899703,1531163899697,3688598,0.00139500,48.37000000,0
1531163909282,1531163909276,3688599,0.00140000,1.46000000,0
1531163909282,1531163909276,3688600,0.00140100,3.41000000,0
1531163910954,1531163910949,3688601,0.00140100,1.60000000,0
1531163913661,1531163913655,3688602,0.00139700,0.72000000,1
1531163922635,1531163922630,3688603,0.00140100,0.68000000,0
1531163922635,1531163922630,3688604,0.00140200,0.94000000,0
1531163933397,1531163933391,3688605,0.00139800,5.01000000,1
1531163933397,1531163933391,3688606,0.00139800,10.02000000,1
1531163934727,1531163934721,3688607,0.00140200,0.72000000,0
1531163934913,1531163934907,3688608,0.00140200,0.72000000,0
1531163935502,1531163935496,3688609,0.00140200,0.72000000,0
1531163943410,1531163943404,3688610,0.00140100,5.98000000,0
1531163943410,1531163943404,3688611,0.00140200,19.49000000,0
1531163943428,1531163943425,3688612,0.00140200,28.83000000,1
1531163943438,1531163943437,3688613,0.00139800,28.83000000,1
1531163951896,1531163951891,3688614,0.00140200,0.96000000,0
1531163954639,1531163954637,3688615,0.00140200,2.16000000,0
1531163955531,1531163955525,3688616,0.00139800,3.62000000,1
1531163959886,1531163959880,3688617,0.00140000,9.21000000,1
1531163959888,1531163959882,3688618,0.00139800,9.21000000,1
1531163963379,1531163963373,3688619,0.00139800,7.00000000,1
1531163967114,1531163967109,3688620,0.00139800,12.00000000,1
1531163971156,1531163971151,3688621,0.00139900,1.08000000,0
1531163972326,1531163972319,3688622,0.00139800,14.09000000,1
1531163976838,1531163976832,3688623,0.00140300,1.44000000,0
1531163984772,1531163984769,3688624,0.00139900,1.17000000,1
1531163985130,1531163985125,3688625,0.00139900,13.44000000,1
1531163985286,1531163985280,3688626,0.00140300,7.20000000,0
1531163985358,1531163985351,3688627,0.00139900,25.85000000,1
1531163985358,1531163985351,3688628,0.00139800,10.09000000,1
1531163985358,1531163985351,3688629,0.00139700,60.52000000,1
1531163985674,1531163985668,3688630,0.00139600,2.67000000,1
1531163988327,1531163988322,3688631,0.00139700,4.62000000,1
1531163990175,1531163990170,3688632,0.00139600,0.96000000,1
1531163996418,1531163996411,3688633,0.00139900,4.62000000,0
1531163996418,1531163996411,3688634,0.00140000,1.06000000,0
1531163996418,1531163996411,3688635,0.00140200,29.84000000,0
1531164002647,1531164002642,3688636,0.00140200,3.66000000,1
1531164005341,1531164005335,3688637,0.00139500,0.51000000,1
1531164005624,1531164005618,3688638,0.00139500,1.72000000,1
1531164008054,1531164008048,3688639,0.00139700,15.58000000,1
1531164016878,1531164016874,3688640,0.00140100,0.73000000,0
1531164017828,1531164017822,3688641,0.00140100,1.00000000,0
1531164034824,1531164034821,3688642,0.00139900,0.88000000,1
1531164036276,1531164036271,3688643,0.00139900,1.10000000,1
1531164037686,1531164037682,3688644,0.00140000,55.44000000,1
1531164037712,1531164037707,3688645,0.00139900,55.45000000,1
1531164039589,1531164039585,3688646,0.00139800,0.87000000,1
1531164042198,1531164042194,3688647,0.00139900,3.47000000,1
1531164046616,1531164046611,3688648,0.00139900,4.70000000,1
1531164046995,1531164046989,3688649,0.00139900,0.87000000,1
1531164049809,1531164049803,3688650,0.00139900,20.01000000,1
1531164049809,1531164049803,3688651,0.00139800,29.44000000,1
1531164051265,1531164051258,3688652,0.00139800,74.41000000,1
1531164053868,1531164053863,3688653,0.00139800,0.86000000,1
1531164056785,1531164056781,3688654,0.00139900,97.15000000,1
1531164058498,1531164058494,3688655,0.00140000,7.71000000,1
1531164062392,1531164062386,3688656,0.00140100,39.31000000,0
1531164062392,1531164062386,3688657,0.00140300,19.05000000,0
1531164062392,1531164062386,3688658,0.00140400,0.96000000,0
1531164062412,1531164062410,3688659,0.00140400,26.18000000,1
1531164062417,1531164062411,3688660,0.00139900,26.18000000,1
1531164071053,1531164071047,3688661,0.00140000,182.01000000,0
1531164071088,1531164071082,3688662,0.00140000,75.34000000,1
1531164071098,1531164071095,3688663,0.00140000,0.01000000,1
1531164071153,1531164071148,3688664,0.00140000,26.98000000,0
1531164071303,1531164071297,3688665,0.00140000,98.61000000,1
1531164071493,1531164071488,3688666,0.00140000,24.41000000,1
1531164072492,1531164072487,3688667,0.00140000,98.61000000,1
1531164072715,1531164072710,3688668,0.00140000,9.17000000,1
1531164073172,1531164073169,3688669,0.00139900,4.83000000,1
1531164074814,1531164074809,3688670,0.00139900,1.16000000,1
1531164082153,1531164082148,3688671,0.00139900,5.53000000,1
1531164093986,1531164093981,3688672,0.00140200,32.18000000,0
1531164093998,1531164093993,3688673,0.00140200,29.54000000,1
1531164094016,1531164094013,3688674,0.00139900,29.54000000,1
1531164096131,1531164096126,3688675,0.00140000,7.28000000,1
1531164097168,1531164097164,3688676,0.00139900,8.62000000,1
1531164098755,1531164098750,3688677,0.00140200,73.51000000,0
1531164105349,1531164105343,3688678,0.00140200,4.68000000,0
1531164113732,1531164113727,3688679,0.00140100,9.12000000,0
1531164113732,1531164113727,3688680,0.00140300,9.10000000,0
1531164121148,1531164121142,3688681,0.00140300,0.10000000,0
1531164121148,1531164121142,3688682,0.00140400,5.97000000,0
1531164122868,1531164122864,3688683,0.00140000,4.00000000,1
1531164127963,1531164127958,3688684,0.00139900,4.25000000,1
1531164127963,1531164127958,3688685,0.00139800,58.17000000,1
1531164138131,1531164138126,3688686,0.00139900,4.68000000,1
1531164145846,1531164145840,3688687,0.00140300,4.00000000,0
1531164145846,1531164145840,3688688,0.00140400,3.70000000,0
1531164155540,1531164155538,3688689,0.00140400,6.30000000,0
1531164155540,1531164155538,3688690,0.00140500,26.20000000,0
1531164155785,1531164155779,3688691,0.00139900,1.27000000,1
1531164157383,1531164157377,3688692,0.00140400,8.14000000,0
1531164158009,1531164158004,3688693,0.00139900,1.61000000,1
1531164159060,1531164159055,3688694,0.00140500,2.01000000,0
1531164159644,1531164159639,3688695,0.00140500,45.60000000,0
1531164161101,1531164161097,3688696,0.00140600,0.49000000,0
1531164162903,1531164162897,3688697,0.00140500,0.17000000,0
1531164173205,1531164173199,3688698,0.00140400,4.63000000,0
1531164186462,1531164186460,3688699,0.00140200,0.72000000,0
1531164206931,1531164206924,3688700,0.00140000,1.00000000,1
1531164217429,1531164217423,3688701,0.00140000,17.83000000,1
1531164222163,1531164222158,3688702,0.00140000,36.35000000,1
1531164229936,1531164229930,3688703,0.00140300,7.71000000,0
1531164229936,1531164229930,3688704,0.00140500,49.49000000,0
1531164229936,1531164229930,3688705,0.00140600,6.48000000,0
1531164231865,1531164231858,3688706,0.00140000,8.00000000,1
1531164245716,1531164245710,3688707,0.00140400,15.75000000,0
1531164261146,1531164261141,3688708,0.00140300,5.55000000,0
1531164262377,1531164262370,3688709,0.00140000,85.02000000,1
1531164263143,1531164263136,3688710,0.00140000,53.57000000,1
1531164265915,1531164265911,3688711,0.00140000,7.12000000,1
1531164267590,1531164267587,3688712,0.00140000,19.44000000,1
1531164270484,1531164270479,3688713,0.00140000,10.77000000,1
1531164276879,1531164276873,3688714,0.00140000,5.43000000,1
1531164276918,1531164276909,3688715,0.00140000,20.99000000,1
1531164277436,1531164277430,3688716,0.00140000,5.03000000,1
1531164280751,1531164280744,3688717,0.00140000,7.76000000,1
1531164281838,1531164281833,3688718,0.00140000,5.47000000,1
1531164282855,1531164282851,3688719,0.00140000,1.25000000,1
1531164282881,1531164282878,3688720,0.00140000,76.42000000,1
1531164289059,1531164289053,3688721,0.00140000,24.71000000,1
1531164290305,1531164290300,3688722,0.00140100,4.47000000,1
1531164290315,1531164290308,3688723,0.00140000,4.47000000,1
1531164292795,1531164292791,3688724,0.00140100,7.89000000,1
1531164292808,1531164292802,3688725,0.00140000,2.49000000,1
1531164294972,1531164294967,3688726,0.00140000,4.47000000,1
1531164295833,1531164295827,3688727,0.00140000,49.65000000,1
1531164300892,1531164300889,3688728,0.00140000,28.77000000,1
1531164316023,1531164316016,3688729,0.00140600,18.05000000,0
1531164316246,1531164316241,3688730,0.00140100,1.56000000,1
1531164323679,1531164323674,3688731,0.00140000,0.88000000,1
1531164370601,1531164370594,3688732,0.00140500,2.56000000,0
1531164370601,1531164370594,3688733,0.00140600,10.13000000,0
1531164371029,1531164371022,3688734,0.00140600,7.11000000,0
1531164371789,1531164371788,3688735,0.00140600,4.16000000,0
1531164387993,1531164387988,3688736,0.00140100,1.01000000,1
1531164391699,1531164391693,3688737,0.00140200,19.10000000,1
1531164392330,1531164392324,3688738,0.00140200,1.10000000,1
1531164397383,1531164397376,3688739,0.00140500,4.59000000,1
1531164397780,1531164397776,3688740,0.00140300,1.07000000,1
1531164398478,1531164398477,3688741,0.00140300,13.64000000,1
1531164399245,1531164399239,3688742,0.00140300,11.85000000,1
1531164400251,1531164400246,3688743,0.00140200,21.16000000,1
1531164404441,1531164404435,3688744,0.00140200,19.92000000,0
1531164406898,1531164406892,3688745,0.00140200,1.24000000,0
1531164406898,1531164406892,3688746,0.00140400,5.91000000,0
1531164406898,1531164406892,3688747,0.00140500,4.20000000,0
1531164407238,1531164407234,3688748,0.00140500,205.32000000,1
1531164408231,1531164408229,3688749,0.00140100,3.60000000,1
1531164408715,1531164408710,3688750,0.00140100,5.00000000,1
1531164410246,1531164410241,3688751,0.00140200,14.95000000,1
1531164411361,1531164411358,3688752,0.00140100,6.50000000,1
1531164412254,1531164412249,3688753,0.00140100,37.10000000,1
1531164416395,1531164416388,3688754,0.00140200,11.21000000,1
1531164418382,1531164418376,3688755,0.00140100,4.50000000,1
1531164420237,1531164420230,3688756,0.00140000,12.52000000,1
1531164422385,1531164422379,3688757,0.00140100,8.42000000,1
1531164424002,1531164423996,3688758,0.00139800,3.87000000,1
1531164424002,1531164423996,3688759,0.00139700,7.09000000,1
1531164426400,1531164426399,3688760,0.00139900,5.94000000,1
1531164431399,1531164431393,3688761,0.00139900,12.65000000,1
1531164434173,1531164434166,3688762,0.00139700,5.94000000,1
1531164437875,1531164437870,3688763,0.00139600,0.84000000,1
1531164439243,1531164439236,3688764,0.00139800,6.33000000,1
1531164445827,1531164445820,3688765,0.00139800,0.78000000,0
1531164448811,1531164448807,3688766,0.00139600,1.58000000,1
1531164453398,1531164453395,3688767,0.00139400,1.09000000,1
1531164453418,1531164453413,3688768,0.00139400,1.53000000,0
1531164453452,1531164453445,3688769,0.00139400,1.53000000,0
1531164453803,1531164453797,3688770,0.00139400,1.53000000,0
1531164454047,1531164454043,3688771,0.00139400,1.19000000,0
1531164454816,1531164454811,3688772,0.00139300,0.72000000,1
1531164455826,1531164455819,3688773,0.00139300,0.98000000,0
1531164455919,1531164455911,3688774,0.00139200,9.57000000,1
1531164456405,1531164456400,3688775,0.00139100,0.72000000,1
1531164456405,1531164456400,3688776,0.00139000,5.74000000,1
1531164459051,1531164459046,3688777,0.00139000,12.72000000,1
1531164459532,1531164459527,3688778,0.00139000,7.37000000,1
1531164459960,1531164459956,3688779,0.00139000,7.34000000,1
1531164460212,1531164460204,3688780,0.00139000,2.91000000,1
1531164460212,1531164460204,3688781,0.00138900,4.44000000,1
1531164460901,1531164460896,3688782,0.00138900,7.36000000,1
1531164465361,1531164465357,3688783,0.00139100,1.79000000,1
1531164471242,1531164471237,3688784,0.00139100,1.79000000,1
1531164474032,1531164474026,3688785,0.00139300,4.02000000,0
1531164475241,1531164475239,3688786,0.00139200,1.06000000,1
1531164477240,1531164477238,3688787,0.00139200,1.14000000,1
1531164479320,1531164479316,3688788,0.00139300,0.73000000,0
1531164487536,1531164487531,3688789,0.00139200,5.59000000,0
1531164487536,1531164487531,3688790,0.00139300,11.91000000,0
1531164487536,1531164487531,3688791,0.00139400,14.42000000,0
1531164487536,1531164487531,3688792,0.00139600,1.85000000,0
1531164487537,1531164487531,3688793,0.00139700,33.29000000,0
1531164489608,1531164489601,3688794,0.00139200,6.17000000,0
1531164489608,1531164489601,3688795,0.00139700,16.01000000,0
1531164493743,1531164493739,3688796,0.00139700,0.02000000,0
1531164502267,1531164502261,3688797,0.00139700,10.98000000,0
1531164520042,1531164520035,3688798,0.00139700,0.73000000,0
1531164527518,1531164527512,3688799,0.00139100,9.27000000,1
1531164527518,1531164527512,3688800,0.00138900,3.12000000,1
1531164551725,1531164551719,3688801,0.00139000,5.97000000,1
1531164552254,1531164552250,3688802,0.00138900,5.67000000,0
1531164554944,1531164554941,3688803,0.00139100,3.85000000,0
1531164555248,1531164555247,3688804,0.00139000,4.53000000,0
1531164555421,1531164555415,3688805,0.00139100,0.89000000,0
1531164555421,1531164555415,3688806,0.00139200,5.97000000,0
1531164555421,1531164555415,3688807,0.00139400,3.14000000,0
1531164559705,1531164559699,3688808,0.00139400,0.32000000,0
1531164559706,1531164559699,3688809,0.00139600,3.12000000,0
1531164559706,1531164559699,3688810,0.00139700,2.72000000,0
1531164586136,1531164586132,3688811,0.00139600,5.95000000,0
1531164586136,1531164586132,3688812,0.00139700,7.64000000,0
1531164586262,1531164586257,3688813,0.00139700,1.96000000,1
1531164605457,1531164605449,3688814,0.00139200,11.34000000,1
1531164605457,1531164605449,3688815,0.00138900,69.09000000,1
1531164605457,1531164605449,3688816,0.00138800,9.26000000,1
1531164605457,1531164605449,3688817,0.00138700,6.47000000,1
1531164605457,1531164605449,3688818,0.00138600,40.83000000,1
1531164605475,1531164605474,3688819,0.00138600,36.52000000,0
1531164605480,1531164605477,3688820,0.00138600,59.97000000,0
1531164605482,1531164605477,3688821,0.00138600,59.97000000,0
1531164605486,1531164605484,3688822,0.00138600,36.52000000,0
1531164605503,1531164605498,3688823,0.00138600,12.54000000,0
1531164608629,1531164608623,3688824,0.00138800,5.98000000,1
1531164608629,1531164608623,3688825,0.00138700,30.54000000,1
1531164616209,1531164616203,3688826,0.00138800,0.78000000,0
1531164616505,1531164616502,3688827,0.00138800,4.59000000,0
1531164616686,1531164616682,3688828,0.00138700,43.31000000,1
1531164618389,1531164618385,3688829,0.00138900,7.16000000,0
1531164619088,1531164619083,3688830,0.00138900,12.82000000,0
1531164620036,1531164620033,3688831,0.00138700,14.00000000,1
1531164623524,1531164623518,3688832,0.00138900,2.91000000,0
1531164623655,1531164623650,3688833,0.00138900,0.88000000,0
1531164645088,1531164645082,3688834,0.00138700,0.86000000,1
1531164645088,1531164645082,3688835,0.00138600,35.15000000,1
1531164648326,1531164648319,3688836,0.00138900,69.78000000,0
1531164648370,1531164648369,3688837,0.00138900,7.44000000,1
1531164674396,1531164674392,3688838,0.00138900,8.52000000,0
1531164675261,1531164675255,3688839,0.00139000,19.14000000,0
1531164677402,1531164677399,3688840,0.00138900,17.50000000,0
1531164689259,1531164689252,3688841,0.00138900,1.06000000,0
1531164705074,1531164705069,3688842,0.00138800,96.92000000,1
1531164705393,1531164705390,3688843,0.00138800,106.93000000,0
1531164710729,1531164710724,3688844,0.00139100,7.19000000,0
1531164710964,1531164710957,3688845,0.00139100,11.32000000,0
1531164734367,1531164734366,3688846,0.00138800,3.82000000,1
1531164736387,1531164736384,3688847,0.00139200,1.00000000,0
1531164744169,1531164744165,3688848,0.00139200,0.73000000,0
1531164753322,1531164753317,3688849,0.00138800,2.20000000,1
1531164780452,1531164780448,3688850,0.00139200,2.52000000,0
1531164781266,1531164781260,3688851,0.00139300,21.43000000,0
1531164783408,1531164783404,3688852,0.00139500,0.86000000,0
1531164800281,1531164800276,3688853,0.00139700,67.89000000,0
1531164801419,1531164801419,3688854,0.00139800,7.88000000,0
1531164803351,1531164803344,3688855,0.00139900,1.46000000,0
1531164823821,1531164823815,3688856,0.00140000,0.73000000,0
1531164830229,1531164830223,3688857,0.00140000,0.26000000,0
1531164830251,1531164830247,3688858,0.00140000,19.73000000,1
1531164830253,1531164830248,3688859,0.00140000,0.01000000,1
1531164830263,1531164830257,3688860,0.00139800,0.72000000,1
1531164830263,1531164830257,3688861,0.00139500,13.44000000,1
1531164830263,1531164830257,3688862,0.00139400,5.58000000,1
1531164831092,1531164831086,3688863,0.00139500,13.23000000,1
1531164833696,1531164833690,3688864,0.00140100,19.00000000,0
1531164844682,1531164844680,3688865,0.00140100,0.73000000,0
1531164845729,1531164845723,3688866,0.00140200,0.51000000,0
1531164846602,1531164846594,3688867,0.00140200,2.37000000,0
1531164846602,1531164846594,3688868,0.00140300,9.57000000,0
1531164846602,1531164846594,3688869,0.00140400,7.31000000,0
1531164846602,1531164846594,3688870,0.00140500,19.03000000,0
1531164850921,1531164850918,3688871,0.00139800,0.02000000,1
1531164851223,1531164851217,3688872,0.00140500,4.45000000,0
1531164851223,1531164851217,3688873,0.00140600,5.03000000,0
1531164852437,1531164852431,3688874,0.00139900,1.28000000,1
1531164856191,1531164856186,3688875,0.00140500,1.28000000,0
1531164856191,1531164856186,3688876,0.00140600,1.08000000,0
1531164856508,1531164856505,3688877,0.00140600,2.00000000,0
1531164860002,1531164859997,3688878,0.00140200,0.59000000,0
1531164861523,1531164861518,3688879,0.00140200,0.21000000,0
1531164863035,1531164863029,3688880,0.00140200,1.43000000,0
1531164863035,1531164863029,3688881,0.00140600,4.60000000,0
1531164868950,1531164868945,3688882,0.00140300,1.44000000,1
1531164880152,1531164880151,3688883,0.00140000,4.69000000,1
1531164880152,1531164880151,3688884,0.00139900,0.89000000,1
1531164882114,1531164882110,3688885,0.00139900,0.72000000,1
1531164884343,1531164884338,3688886,0.00140500,1.44000000,0
1531164884643,1531164884638,3688887,0.00140400,0.72000000,0
1531164884643,1531164884638,3688888,0.00140500,1.44000000,0
1531164884790,1531164884785,3688889,0.00140500,0.72000000,0
1531164885329,1531164885323,3688890,0.00140500,0.72000000,0
1531164898739,1531164898734,3688891,0.00139800,30.57000000,1
1531164900606,1531164900601,3688892,0.00139700,0.37000000,1
1531164905225,1531164905218,3688893,0.00140400,0.72000000,0
1531164905292,1531164905291,3688894,0.00139900,0.72000000,1
1531164909275,1531164909272,3688895,0.00140200,0.72000000,1
1531164911666,1531164911658,3688896,0.00140300,13.59000000,0
1531164911666,1531164911658,3688897,0.00140400,20.01000000,0
1531164911666,1531164911658,3688898,0.00140500,16.28000000,0
1531164911666,1531164911658,3688899,0.00140600,141.97000000,0
1531164911666,1531164911658,3688900,0.00140700,195.38000000,0
1531164911666,1531164911658,3688901,0.00140800,10.58000000,0
1531164911666,1531164911658,3688902,0.00140900,11.00000000,0
1531164911666,1531164911658,3688903,0.00141000,9.92000000,0
1531164911667,1531164911658,3688904,0.00140900,17.81000000,1
1531164911703,1531164911698,3688905,0.00140900,6.03000000,1
1531164911704,1531164911698,3688906,0.00140900,36.94000000,1
1531164911726,1531164911720,3688907,0.00140900,94.53000000,1
1531164911726,1531164911720,3688908,0.00140900,5.47000000,1
1531164911760,1531164911756,3688909,0.00140900,150.00000000,1
1531164911828,1531164911827,3688910,0.00140900,39.90000000,1
1531164911907,1531164911902,3688911,0.00140900,24.90000000,1
1531164912071,1531164912062,3688912,0.00140900,4.45000000,1
1531164912389,1531164912387,3688913,0.00140900,344.05000000,1
1531164912546,1531164912540,3688914,0.00141000,32.18000000,0
1531164941045,1531164941039,3688915,0.00140200,4.72000000,1
1531164941045,1531164941039,3688916,0.00140100,0.78000000,1
1531164943967,1531164943966,3688917,0.00140700,0.72000000,0
1531164944459,1531164944455,3688918,0.00140700,0.72000000,0
1531164944590,1531164944583,3688919,0.00140700,1.44000000,0
1531164947675,1531164947669,3688920,0.00140700,0.73000000,0
1531164947987,1531164947982,3688921,0.00140100,5.00000000,1
1531164948556,1531164948550,3688922,0.00140700,1.11000000,0
1531164948556,1531164948550,3688923,0.00140800,8.59000000,0
1531164948884,1531164948879,3688924,0.00140100,1.00000000,1
1531164950357,1531164950350,3688925,0.00140200,3.00000000,1
1531164950389,1531164950383,3688926,0.00140200,1.74000000,1
1531164951253,1531164951247,3688927,0.00140200,0.94000000,0
1531164951253,1531164951247,3688928,0.00140800,1.45000000,0
1531164952878,1531164952872,3688929,0.00140800,0.79000000,0
1531164964016,1531164964010,3688930,0.00140800,3.71000000,0
1531164979658,1531164979654,3688931,0.00140500,45.85000000,0
1531164980500,1531164980497,3688932,0.00140800,5.00000000,0
1531164985439,1531164985436,3688933,0.00140800,0.72000000,0
1531164985937,1531164985931,3688934,0.00140500,1.07000000,1
1531165008293,1531165008288,3688935,0.00140600,21.26000000,1
1531165009294,1531165009293,3688936,0.00140700,10.60000000,1
1531165023624,1531165023619,3688937,0.00140700,51.42000000,0
1531165027464,1531165027459,3688938,0.00140200,0.80000000,1
1531165045827,1531165045820,3688939,0.00140700,0.72000000,0
1531165073880,1531165073873,3688940,0.00140700,94.29000000,0
1531165107339,1531165107333,3688941,0.00140700,91.76000000,0
1531165120904,1531165120897,3688942,0.00140700,19.98000000,1
1531165122131,1531165122127,3688943,0.00140700,1.14000000,1
1531165125578,1531165125571,3688944,0.00140900,1.44000000,0
1531165130511,1531165130504,3688945,0.00140900,22.90000000,0
1531165145998,1531165145993,3688946,0.00140900,0.72000000,0
1531165166233,1531165166229,3688947,0.00140900,0.72000000,0
1531165186621,1531165186615,3688948,0.00140900,50.39000000,0
1531165186621,1531165186615,3688949,0.00141000,24.32000000,0
1531165186621,1531165186615,3688950,0.00141100,3.77000000,0
1531165196226,1531165196221,3688951,0.00140900,1.00000000,0
1531165196266,1531165196259,3688952,0.00140900,7.18000000,1
1531165196293,1531165196289,3688953,0.00140700,7.18000000,1
1531165211471,1531165211470,3688954,0.00140700,3.63000000,1
1531165220659,1531165220655,3688955,0.00140900,3.00000000,0
1531165227861,1531165227855,3688956,0.00140700,5.11000000,1
1531165228098,1531165228090,3688957,0.00140800,5.74000000,0
1531165228416,1531165228410,3688958,0.00140800,0.72000000,0
1531165234868,1531165234861,3688959,0.00140800,14.45000000,0
1531165234868,1531165234861,3688960,0.00140900,10.35000000,0
1531165237433,1531165237428,3688961,0.00140800,5.65000000,0
1531165237433,1531165237428,3688962,0.00140900,2.61000000,0
1531165240376,1531165240369,3688963,0.00140900,85.00000000,0
1531165240376,1531165240369,3688964,0.00141100,106.27000000,0
1531165244272,1531165244265,3688965,0.00141100,85.00000000,0
1531165248023,1531165248017,3688966,0.00141100,177.61000000,0
1531165255037,1531165255030,3688967,0.00141200,1.91000000,0
1531165257866,1531165257860,3688968,0.00141200,125.45000000,0
1531165260109,1531165260106,3688969,0.00141200,1.41000000,0
1531165263075,1531165263071,3688970,0.00140900,2.93000000,1
1531165263931,1531165263924,3688971,0.00140900,10.00000000,1
1531165264018,1531165264013,3688972,0.00140900,2.93000000,1
1531165265325,1531165265319,3688973,0.00141200,9.68000000,0
1531165265325,1531165265319,3688974,0.00141300,5.50000000,0
1531165266056,1531165266049,3688975,0.00140900,1.10000000,1
1531165266329,1531165266325,3688976,0.00140900,8.00000000,1
1531165267139,1531165267134,3688977,0.00141300,1.43000000,0
1531165272785,1531165272781,3688978,0.00140900,1.06000000,1
1531165288829,1531165288823,3688979,0.00140900,4.82000000,1
1531165291229,1531165291224,3688980,0.00140900,4.78000000,1
1531165293328,1531165293323,3688981,0.00141300,0.72000000,0
1531165293590,1531165293588,3688982,0.00140900,37.57000000,1
1531165295066,1531165295061,3688983,0.00140900,28.36000000,1
1531165298494,1531165298490,3688984,0.00140900,73.52000000,1
1531165302326,1531165302320,3688985,0.00140900,13.36000000,0
1531165304175,1531165304169,3688986,0.00140900,4.46000000,0
1531165313862,1531165313855,3688987,0.00140900,2.15000000,0
1531165316302,1531165316297,3688988,0.00140900,5.00000000,0
1531165327329,1531165327324,3688989,0.00140900,0.72000000,0
1531165331047,1531165331042,3688990,0.00140900,0.79000000,0
1531165332687,1531165332682,3688991,0.00140900,3.59000000,1
1531165332687,1531165332682,3688992,0.00140700,4.89000000,1
1531165332899,1531165332893,3688993,0.00140700,4.01000000,1
1531165343715,1531165343708,3688994,0.00141300,8.00000000,0
1531165393148,1531165393142,3688995,0.00141300,15.38000000,0
1531165395436,1531165395434,3688996,0.00141300,3.37000000,0
1531165404663,1531165404657,3688997,0.00140800,0.72000000,1
1531165404663,1531165404657,3688998,0.00140700,45.09000000,1
1531165404734,1531165404729,3688999,0.00140700,2.00000000,0
1531165406228,1531165406217,3689000,0.00140400,3.54000000,1
1531165406228,1531165406217,3689001,0.00140300,6.43000000,1
1531165406228,1531165406217,3689002,0.00140200,12.39000000,1
1531165406228,1531165406217,3689003,0.00140100,25.16000000,1
1531165406228,1531165406217,3689004,0.00140000,20.49000000,1
1531165406228,1531165406217,3689005,0.00139900,43.80000000,1
1531165406452,1531165406446,3689006,0.00140600,15.10000000,0
1531165406616,1531165406608,3689007,0.00140100,12.23000000,1
1531165406616,1531165406608,3689008,0.00139900,31.28000000,1
1531165406616,1531165406608,3689009,0.00139800,140.55000000,1
1531165407055,1531165407051,3689010,0.00140500,1.80000000,1
1531165407217,1531165407211,3689011,0.00140500,4.22000000,1
1531165407217,1531165407211,3689012,0.00140000,28.74000000,1
1531165407391,1531165407385,3689013,0.00140600,1.38000000,0
1531165407556,1531165407552,3689014,0.00140300,1.42000000,0
1531165407609,1531165407604,3689015,0.00140600,1.42000000,0
1531165408061,1531165408056,3689016,0.00140200,1.78000000,1
1531165408695,1531165408688,3689017,0.00140200,2.46000000,1
1531165408810,1531165408804,3689018,0.00140200,0.92000000,1
1531165408810,1531165408804,3689019,0.00140100,3.32000000,1
1531165408967,1531165408963,3689020,0.00140100,1.54000000,1
1531165410050,1531165410047,3689021,0.00140100,2.16000000,1
1531165411478,1531165411473,3689022,0.00140400,5.90000000,0
1531165419121,1531165419116,3689023,0.00139900,3.48000000,1
1531165426893,1531165426886,3689024,0.00140300,0.72000000,0
1531165426893,1531165426886,3689025,0.00140400,17.44000000,0
1531165427444,1531165427439,3689026,0.00139900,7.78000000,1
1531165428435,1531165428434,3689027,0.00140000,4.71000000,1
1531165428435,1531165428434,3689028,0.00139900,24.85000000,1
1531165430226,1531165430222,3689029,0.00140300,4.70000000,0
1531165430950,1531165430945,3689030,0.00140300,0.01000000,0
1531165430950,1531165430945,3689031,0.00140400,3.38000000,0
1531165431176,1531165431172,3689032,0.00140400,1.00000000,0
1531165433663,1531165433656,3689033,0.00140300,6.70000000,0
1531165435354,1531165435347,3689034,0.00139700,7.29000000,1
1531165446541,1531165446537,3689035,0.00140500,0.72000000,0
1531165446645,1531165446641,3689036,0.00140500,12.22000000,0
1531165480573,1531165480569,3689037,0.00140400,3.38000000,0
1531165488359,1531165488353,3689038,0.00140300,0.84000000,0
1531165489355,1531165489351,3689039,0.00140400,1.94000000,1
1531165493341,1531165493333,3689040,0.00140400,1.00000000,1
1531165495868,1531165495863,3689041,0.00140000,4.34000000,1
1531165499746,1531165499742,3689042,0.00139900,0.73000000,1
1531165511817,1531165511811,3689043,0.00139900,0.07000000,1
1531165511994,1531165511991,3689044,0.00139900,8.30000000,0
1531165512724,1531165512717,3689045,0.00140000,5.93000000,0
1531165520974,1531165520969,3689046,0.00140200,3.39000000,0
1531165523212,1531165523208,3689047,0.00140200,0.95000000,0
1531165523212,1531165523208,3689048,0.00140300,1.21000000,0
1531165523212,1531165523208,3689049,0.00140400,4.84000000,0
1531165526757,1531165526756,3689050,0.00140400,1.07000000,0
1531165526757,1531165526756,3689051,0.00140500,3.91000000,0
1531165535110,1531165535103,3689052,0.00140500,58.05000000,0
1531165546923,1531165546917,3689053,0.00140500,0.72000000,0
1531165592393,1531165592390,3689054,0.00140300,10.67000000,0
1531165592393,1531165592390,3689055,0.00140400,2.98000000,0
1531165592393,1531165592390,3689056,0.00140500,63.37000000,0
1531165597614,1531165597609,3689057,0.00140600,30.63000000,0
1531165597614,1531165597609,3689058,0.00140700,11.05000000,0
1531165600036,1531165600030,3689059,0.00140100,4.85000000,1
1531165606046,1531165606040,3689060,0.00140600,3.38000000,0
1531165608122,1531165608116,3689061,0.00140100,1.08000000,1
1531165608122,1531165608116,3689062,0.00140000,5.00000000,1
1531165608122,1531165608116,3689063,0.00139900,8.30000000,1
1531165608122,1531165608116,3689064,0.00139700,9.37000000,1
1531165608159,1531165608153,3689065,0.00139700,0.65000000,1
1531165609353,1531165609348,3689066,0.00140200,17.85000000,1
1531165630766,1531165630760,3689067,0.00140200,3.39000000,0
1531165659266,1531165659265,3689068,0.00140200,3.21000000,0
1531165662793,1531165662787,3689069,0.00140200,0.57000000,0
1531165662793,1531165662787,3689070,0.00140300,8.77000000,0
1531165662793,1531165662787,3689071,0.00140500,4.06000000,0
1531165662793,1531165662787,3689072,0.00140600,2.32000000,0
1531165662793,1531165662787,3689073,0.00140700,12.19000000,0
1531165668377,1531165668373,3689074,0.00140600,1.87000000,0
1531165682866,1531165682862,3689075,0.00140100,2.86000000,1
1531165693723,1531165693717,3689076,0.00140600,1.36000000,0
1531165693879,1531165693876,3689077,0.00140600,0.72000000,0
1531165730580,1531165730573,3689078,0.00140600,0.72000000,0
1531165733363,1531165733357,3689079,0.00140500,1.43000000,1
1531165743448,1531165743441,3689080,0.00140200,6.76000000,1
1531165743448,1531165743441,3689081,0.00140100,3.07000000,1
1531165743448,1531165743441,3689082,0.00139900,4.26000000,1
1531165743448,1531165743441,3689083,0.00139700,6.28000000,1
1531165743448,1531165743441,3689084,0.00139600,4.44000000,1
1531165743448,1531165743441,3689085,0.00139500,10.98000000,1
1531165743448,1531165743441,3689086,0.00139400,10.38000000,1
1531165747209,1531165747202,3689087,0.00140000,4.23000000,0
1531165747209,1531165747202,3689088,0.00140500,2.54000000,0
1531165750250,1531165750249,3689089,0.00140300,0.72000000,0
1531165784370,1531165784366,3689090,0.00140300,203.60000000,1
1531165849329,1531165849322,3689091,0.00140500,3.19000000,0
1531165849329,1531165849322,3689092,0.00140600,1.81000000,0
1531165851958,1531165851954,3689093,0.00140600,7.03000000,0
1531165860687,1531165860681,3689094,0.00140600,12.52000000,0
1531165873022,1531165873018,3689095,0.00140700,0.72000000,0
1531165889519,1531165889512,3689096,0.00140600,0.97000000,1
1531165914653,1531165914646,3689097,0.00140600,0.72000000,0
1531165923449,1531165923443,3689098,0.00140200,0.95000000,1
1531165923610,1531165923607,3689099,0.00140200,17.12000000,1
1531165925386,1531165925385,3689100,0.00140200,9.02000000,1
1531165934960,1531165934956,3689101,0.00140100,2.00000000,1
1531165939529,1531165939522,3689102,0.00140100,8.18000000,1
1531166015986,1531166015979,3689103,0.00139800,20.01000000,1
1531166015986,1531166015979,3689104,0.00139700,27.70000000,1
1531166033442,1531166033437,3689105,0.00139800,6.30000000,0
1531166035189,1531166035182,3689106,0.00140000,1.22000000,0
1531166041508,1531166041502,3689107,0.00139900,2.00000000,0
1531166052710,1531166052705,3689108,0.00139600,0.72000000,1
1531166052710,1531166052705,3689109,0.00139500,35.06000000,1
1531166064401,1531166064396,3689110,0.00139900,20.01000000,1
1531166065033,1531166065027,3689111,0.00139600,15.00000000,1
1531166075181,1531166075177,3689112,0.00140100,0.73000000,0
1531166085205,1531166085203,3689113,0.00140100,1.08000000,0
1531166096997,1531166096990,3689114,0.00139700,78.61000000,1
1531166096997,1531166096990,3689115,0.00139600,15.03000000,1
1531166096997,1531166096990,3689116,0.00139400,2.84000000,1
1531166096997,1531166096990,3689117,0.00139300,10.89000000,1
1531166164416,1531166164409,3689118,0.00139500,4.60000000,1
1531166164416,1531166164409,3689119,0.00139400,5.96000000,1
1531166164416,1531166164409,3689120,0.00139300,30.98000000,1
1531166180061,1531166180054,3689121,0.00139300,21.69000000,1
1531166180061,1531166180054,3689122,0.00139200,10.57000000,1
1531166180108,1531166180103,3689123,0.00139100,2.00000000,0
1531166180140,1531166180139,3689124,0.00139100,2.00000000,0
1531166180246,1531166180240,3689125,0.00139100,2.00000000,0
1531166180308,1531166180304,3689126,0.00139100,39.90000000,0
1531166180490,1531166180485,3689127,0.00139100,24.90000000,0
1531166180637,1531166180630,3689128,0.00139100,2.69000000,0
1531166180692,1531166180687,3689129,0.00139100,52.70000000,0
1531166196606,1531166196600,3689130,0.00139000,6.30000000,1
1531166196606,1531166196600,3689131,0.00139000,1.37000000,1
1531166196607,1531166196600,3689132,0.00139000,9.40000000,1
1531166197425,1531166197417,3689133,0.00139000,99.56000000,1
1531166198430,1531166198425,3689134,0.00138900,0.89000000,1
1531166200428,1531166200421,3689135,0.00138800,13.35000000,1
1531166201432,1531166201425,3689136,0.00138700,19.33000000,1
1531166203002,1531166202997,3689137,0.00138700,2.35000000,1
1531166204099,1531166204091,3689138,0.00138700,4.25000000,1
1531166204806,1531166204800,3689139,0.00138700,4.60000000,1
1531166205361,1531166205360,3689140,0.00138800,1.07000000,0
1531166209454,1531166209449,3689141,0.00138700,7.99000000,1
1531166209863,1531166209857,3689142,0.00138900,10.00000000,0
1531166211550,1531166211517,3689143,0.00138900,0.55000000,0
1531166221212,1531166221206,3689144,0.00139700,1.15000000,0
1531166235806,1531166235800,3689145,0.00139100,42.79000000,1
1531166247142,1531166247139,3689146,0.00138900,9.45000000,1
1531166247142,1531166247139,3689147,0.00138800,6.00000000,1
1531166247738,1531166247732,3689148,0.00139100,7.21000000,0
1531166252846,1531166252840,3689149,0.00139100,1.19000000,1
1531166285171,1531166285166,3689150,0.00139500,0.02000000,0
1531166344388,1531166344382,3689151,0.00139300,1.23000000,0
1531166346444,1531166346439,3689152,0.00139100,2.85000000,1
1531166346694,1531166346687,3689153,0.00139100,12.18000000,1
1531166409345,1531166409341,3689154,0.00139100,20.99000000,1
1531166442489,1531166442482,3689155,0.00139100,2.28000000,1
1531166448660,1531166448654,3689156,0.00139300,0.88000000,0
1531166460514,1531166460508,3689157,0.00139300,0.04000000,0
1531166493229,1531166493223,3689158,0.00139300,6.84000000,0
1531166500420,1531166500414,3689159,0.00139300,0.01000000,0
1531166500783,1531166500777,3689160,0.00139300,0.79000000,1
1531166533998,1531166533991,3689161,0.00139300,0.79000000,1
1531166535650,1531166535649,3689162,0.00139300,2.73000000,1
1531166536047,1531166536041,3689163,0.00139300,5.67000000,1
1531166549985,1531166549979,3689164,0.00139600,11.95000000,0
1531166578324,1531166578319,3689165,0.00139700,7.00000000,0
1531166578347,1531166578340,3689166,0.00139700,0.78000000,1
1531166578564,1531166578558,3689167,0.00139700,1.70000000,1
1531166622758,1531166622752,3689168,0.00139800,0.84000000,0
1531166624993,1531166624986,3689169,0.00139700,19.20000000,1
1531166673661,1531166673657,3689170,0.00139800,2.34000000,0
1531166689533,1531166689527,3689171,0.00139900,14.42000000,0
1531166691535,1531166691530,3689172,0.00140000,2.84000000,0
1531166704796,1531166704792,3689173,0.00140100,6.12000000,0
1531166704837,1531166704831,3689174,0.00140100,4.05000000,1
1531166704854,1531166704849,3689175,0.00140100,20.41000000,1
1531166704854,1531166704849,3689176,0.00139800,4.09000000,1
1531166757977,1531166757971,3689177,0.00140100,130.70000000,1
1531166757977,1531166757971,3689178,0.00140000,218.43000000,1
1531166758674,1531166758667,3689179,0.00139800,80.86000000,1
1531166760511,1531166760511,3689180,0.00139700,11.13000000,1
1531166761671,1531166761665,3689181,0.00139600,5.95000000,1
1531166763522,1531166763519,3689182,0.00139300,5.96000000,1
1531166764713,1531166764709,3689183,0.00139300,4.50000000,1
1531166827382,1531166827377,3689184,0.00139700,4.50000000,0
1531166852643,1531166852637,3689185,0.00139700,1.87000000,0
1531166853563,1531166853557,3689186,0.00139700,1.60000000,1
1531166859163,1531166859157,3689187,0.00139800,0.78000000,0
1531166869176,1531166869173,3689188,0.00139400,3.95000000,1
1531166869192,1531166869189,3689189,0.00139400,7.91000000,0
1531166869201,1531166869197,3689190,0.00139400,7.91000000,0
1531166870931,1531166870925,3689191,0.00139400,1.00000000,0
1531166871754,1531166871749,3689192,0.00139400,1.00000000,0
1531166874379,1531166874379,3689193,0.00138800,3.95000000,1
1531166874459,1531166874457,3689194,0.00139400,2.31000000,0
1531166963008,1531166963001,3689195,0.00140100,9.88000000,0
1531166963008,1531166963001,3689196,0.00140200,4.20000000,0
1531166963008,1531166963001,3689197,0.00140300,12.20000000,0
1531166963032,1531166963027,3689198,0.00140300,8.04000000,1
1531166963107,1531166963103,3689199,0.00140300,4.26000000,1
1531166963517,1531166963514,3689200,0.00140300,8.04000000,1
1531166963560,1531166963553,3689201,0.00140300,3.38000000,1
1531166963967,1531166963961,3689202,0.00139500,42.75000000,1
1531166965561,1531166965556,3689203,0.00140100,5.93000000,1
1531167007407,1531167007404,3689204,0.00140400,6.80000000,0
1531167026802,1531167026797,3689205,0.00140400,1.44000000,0
1531167027211,1531167027206,3689206,0.00140100,8.17000000,1
1531167044112,1531167044107,3689207,0.00140400,0.78000000,0
1531167067757,1531167067751,3689208,0.00140000,2.61000000,1
1531167069226,1531167069220,3689209,0.00139800,4.51000000,1
1531167069226,1531167069220,3689210,0.00139700,1.44000000,1
1531167069580,1531167069574,3689211,0.00139700,5.03000000,0
1531167071080,1531167071074,3689212,0.00140200,4.51000000,0
1531167071080,1531167071074,3689213,0.00140400,1.43000000,0
1531167102460,1531167102457,3689214,0.00140100,1.30000000,0
1531167118140,1531167118136,3689215,0.00140100,0.78000000,0
1531167135804,1531167135796,3689216,0.00140100,3.85000000,0
1531167135804,1531167135796,3689217,0.00140400,17.20000000,0
1531167135804,1531167135796,3689218,0.00140500,12.05000000,0
1531167135804,1531167135796,3689219,0.00140600,6.48000000,0
1531167135804,1531167135796,3689220,0.00140800,19.42000000,0
1531167135851,1531167135845,3689221,0.00140800,1.27000000,0
1531167135851,1531167135845,3689222,0.00140900,2.67000000,0
1531167171256,1531167171250,3689223,0.00140700,3.60000000,0
1531167186128,1531167186122,3689224,0.00140700,0.72000000,0
1531167186478,1531167186471,3689225,0.00140700,0.72000000,0
1531167197847,1531167197841,3689226,0.00140700,0.86000000,0
1531167199046,1531167199043,3689227,0.00140800,1.30000000,1
1531167213179,1531167213173,3689228,0.00140600,5.91000000,1
1531167219172,1531167219165,3689229,0.00140500,9.48000000,0
1531167230144,1531167230142,3689230,0.00140500,8.00000000,0
1531167235978,1531167235972,3689231,0.00140200,15.00000000,1
1531167235978,1531167235972,3689232,0.00140200,24.32000000,0
1531167269352,1531167269346,3689233,0.00140000,64.59000000,1
1531167280986,1531167280980,3689234,0.00140000,30.54000000,1
1531167314778,1531167314771,3689235,0.00140000,5.82000000,1
1531167315634,1531167315629,3689236,0.00140000,1.46000000,0
1531167341201,1531167341194,3689237,0.00139900,28.57000000,1
1531167341201,1531167341194,3689238,0.00139800,8.09000000,1
1531167341201,1531167341194,3689239,0.00139700,6.47000000,1
1531167341201,1531167341194,3689240,0.00139500,8.65000000,1
1531167341201,1531167341194,3689241,0.00139400,3.37000000,1
1531167362502,1531167362496,3689242,0.00140000,0.71000000,0
1531167392478,1531167392471,3689243,0.00140100,71.89000000,0
1531167392629,1531167392624,3689244,0.00140100,18.11000000,1
1531167472971,1531167472965,3689245,0.00139900,1.80000000,1
1531167487135,1531167487129,3689246,0.00140000,0.78000000,0
1531167559404,1531167559402,3689247,0.00139900,12.86000000,1
1531167559633,1531167559633,3689248,0.00139900,61.30000000,1
1531167561793,1531167561791,3689249,0.00139900,7.23000000,1
1531167562761,1531167562757,3689250,0.00140000,2.49000000,0
1531167562796,1531167562793,3689251,0.00140000,2.53000000,0
1531167562799,1531167562798,3689252,0.00140000,2.53000000,0
1531167589194,1531167589189,3689253,0.00140000,18.67000000,0
1531167595366,1531167595360,3689254,0.00140000,28.59000000,1
1531167596794,1531167596788,3689255,0.00139800,5.94000000,1
1531167600124,1531167600117,3689256,0.00139900,0.75000000,0
1531167609108,1531167609103,3689257,0.00139900,20.01000000,0
1531167615575,1531167615569,3689258,0.00139900,4.11000000,0
1531167638684,1531167638678,3689259,0.00139900,7.14000000,0
1531167676075,1531167676069,3689260,0.00139900,0.78000000,0
1531167680093,1531167680087,3689261,0.00139600,23.46000000,1
1531167692775,1531167692769,3689262,0.00139600,4.56000000,1
1531167715356,1531167715349,3689263,0.00139500,6.12000000,1
1531167715356,1531167715349,3689264,0.00139400,16.78000000,1
1531167739470,1531167739465,3689265,0.00139400,1.00000000,1
1531167745139,1531167745134,3689266,0.00139800,0.78000000,0
1531167746410,1531167746404,3689267,0.00139400,6.10000000,1
1531167746421,1531167746415,3689268,0.00139400,15.97000000,0
1531167747837,1531167747830,3689269,0.00139300,2.52000000,1
1531167775899,1531167775895,3689270,0.00139700,4.17000000,0
1531167792509,1531167792504,3689271,0.00139700,2.93000000,0
1531167802638,1531167802632,3689272,0.00139700,6.30000000,1
1531167819122,1531167819116,3689273,0.00139800,4.54000000,0
1531167823860,1531167823854,3689274,0.00139800,10.00000000,1
1531167830102,1531167830102,3689275,0.00139800,89.51000000,1
1531167847839,1531167847837,3689276,0.00139700,114.07000000,1
1531167854962,1531167854956,3689277,0.00139700,50.03000000,0
1531167858386,1531167858383,3689278,0.00139600,1.53000000,0
1531167858413,1531167858407,3689279,0.00139600,2.54000000,0
1531167878100,1531167878097,3689280,0.00139600,0.78000000,0
1531167897919,1531167897913,3689281,0.00139400,46.19000000,0
1531167899333,1531167899327,3689282,0.00139400,7.52000000,0
1531167900615,1531167900610,3689283,0.00139400,52.06000000,0
1531167904187,1531167904181,3689284,0.00139300,10.52000000,1
1531167904215,1531167904209,3689285,0.00139300,66.76000000,0
1531167904226,1531167904224,3689286,0.00139300,6.68000000,0
1531167904282,1531167904277,3689287,0.00139300,59.25000000,0
1531167922695,1531167922688,3689288,0.00139200,2.52000000,1
1531167926354,1531167926348,3689289,0.00139200,2.52000000,1
1531167949189,1531167949183,3689290,0.00139200,7.60000000,1
1531167949189,1531167949183,3689291,0.00139100,16.87000000,1
1531167949189,1531167949183,3689292,0.00139000,23.31000000,1
1531167949202,1531167949195,3689293,0.00139000,24.42000000,0
1531167952682,1531167952679,3689294,0.00139400,5.97000000,0
1531167967356,1531167967354,3689295,0.00139000,24.48000000,1
1531167967356,1531167967354,3689296,0.00138900,2.12000000,1
1531167968271,1531167968264,3689297,0.00138900,33.89000000,1
1531167968271,1531167968264,3689298,0.00138800,86.41000000,1
1531167968271,1531167968264,3689299,0.00138700,35.87000000,1
1531167985084,1531167985078,3689300,0.00139200,10.75000000,0
1531167985326,1531167985324,3689301,0.00138700,5.43000000,1
1531168005479,1531168005475,3689302,0.00139000,6.00000000,1
1531168005479,1531168005475,3689303,0.00138700,0.01000000,1
1531168016051,1531168016049,3689304,0.00138700,73.00000000,1
1531168016051,1531168016049,3689305,0.00138600,32.70000000,1
1531168016051,1531168016049,3689306,0.00138600,9.92000000,1
1531168027042,1531168027040,3689307,0.00138500,15.76000000,1
1531168028589,1531168028584,3689308,0.00138500,13.51000000,1
1531168031408,1531168031402,3689309,0.00138400,8.66000000,1
1531168031408,1531168031402,3689310,0.00138300,7.63000000,1
1531168031408,1531168031402,3689311,0.00138200,7.49000000,1
1531168031408,1531168031402,3689312,0.00138100,102.17000000,1
1531168031430,1531168031424,3689313,0.00138100,14.73000000,0
1531168031471,1531168031471,3689314,0.00138100,32.30000000,0
1531168031592,1531168031585,3689315,0.00138100,10.25000000,0
1531168031802,1531168031797,3689316,0.00138100,1.47000000,0
1531168031828,1531168031822,3689317,0.00138100,1.47000000,0
1531168031983,1531168031977,3689318,0.00138100,32.28000000,0
1531168032874,1531168032869,3689319,0.00138100,108.07000000,0
1531168033074,1531168033068,3689320,0.00138100,6.16000000,0
1531168033165,1531168033162,3689321,0.00138100,1.53000000,0
1531168036076,1531168036070,3689322,0.00138500,1.00000000,1
1531168036076,1531168036070,3689323,0.00138000,4.41000000,1
1531168036077,1531168036070,3689324,0.00137900,10.99000000,1
1531168036955,1531168036950,3689325,0.00137900,72.70000000,0
1531168037719,1531168037715,3689326,0.00137900,5.74000000,0
1531168038008,1531168037997,3689327,0.00138000,0.15000000,0
1531168039290,1531168039283,3689328,0.00138000,20.00000000,0
1531168039373,1531168039367,3689329,0.00138000,16.07000000,0
1531168045201,1531168045196,3689330,0.00138500,7.03000000,0
1531168046861,1531168046855,3689331,0.00138100,5.78000000,0
1531168053887,1531168053883,3689332,0.00138100,10.38000000,1
1531168054469,1531168054468,3689333,0.00138100,5.69000000,1
1531168054469,1531168054468,3689334,0.00137800,7.36000000,1
1531168072698,1531168072689,3689335,0.00138200,5.92000000,0
1531168072698,1531168072689,3689336,0.00138300,2.10000000,0
1531168075917,1531168075910,3689337,0.00137900,0.88000000,1
1531168086493,1531168086486,3689338,0.00138300,11.05000000,0
1531168086493,1531168086486,3689339,0.00138400,5.76000000,0
1531168086720,1531168086715,3689340,0.00138400,1.44000000,1
1531168098646,1531168098640,3689341,0.00138400,8.49000000,0
1531168104464,1531168104455,3689342,0.00137900,4.91000000,1
1531168104464,1531168104455,3689343,0.00137800,3.30000000,1
1531168104464,1531168104455,3689344,0.00137700,8.14000000,1
1531168104464,1531168104455,3689345,0.00137600,0.88000000,1
1531168104464,1531168104455,3689346,0.00137500,76.49000000,1
1531168104464,1531168104455,3689347,0.00137400,5.78000000,1
1531168104464,1531168104455,3689348,0.00137300,1.35000000,1
1531168104686,1531168104687,3689349,0.00138400,4.30000000,0
1531168105983,1531168105981,3689350,0.00138400,71.72000000,0
1531168106071,1531168106065,3689351,0.00138400,0.19000000,0
1531168106071,1531168106065,3689352,0.00138500,15.39000000,0
1531168106898,1531168106890,3689353,0.00137800,2.61000000,1
1531168106898,1531168106890,3689354,0.00137700,1.26000000,1
1531168106898,1531168106890,3689355,0.00137600,2.17000000,1
1531168106898,1531168106890,3689356,0.00137500,70.45000000,1
1531168106898,1531168106890,3689357,0.00137400,43.67000000,1
1531168106898,1531168106890,3689358,0.00137300,16.59000000,1
1531168106898,1531168106890,3689359,0.00137200,16.76000000,1
1531168108988,1531168108984,3689360,0.00137800,8.20000000,0
1531168109585,1531168109581,3689361,0.00137700,4.76000000,0
1531168111011,1531168111005,3689362,0.00137600,6.03000000,0
1531168111224,1531168111223,3689363,0.00137500,1.63000000,1
1531168111407,1531168111401,3689364,0.00137500,2.21000000,1
1531168112064,1531168112058,3689365,0.00137500,0.40000000,0
1531168112064,1531168112058,3689366,0.00137600,0.68000000,0
1531168112108,1531168112101,3689367,0.00137400,1.23000000,1
1531168112108,1531168112101,3689368,0.00137200,3.63000000,1
1531168112108,1531168112101,3689369,0.00137100,4.94000000,1
1531168115673,1531168115669,3689370,0.00137500,1.01000000,1
1531168116802,1531168116795,3689371,0.00137600,16.00000000,0
1531168120505,1531168120499,3689372,0.00137600,1.43000000,0
1531168121007,1531168121002,3689373,0.00137600,1.07000000,0
1531168125286,1531168125279,3689374,0.00137500,8.32000000,1
1531168127158,1531168127150,3689375,0.00137500,9.80000000,1
1531168127158,1531168127150,3689376,0.00137300,0.87000000,1
1531168127158,1531168127150,3689377,0.00137100,405.74000000,1
1531168129741,1531168129736,3689378,0.00137600,1.74000000,0
1531168133275,1531168133270,3689379,0.00137500,1.75000000,0
1531168137252,1531168137246,3689380,0.00137200,0.96000000,1
1531168141960,1531168141954,3689381,0.00137300,2.81000000,0
1531168141960,1531168141954,3689382,0.00137600,2.72000000,0
1531168143786,1531168143780,3689383,0.00137600,11.62000000,0
1531168144508,1531168144503,3689384,0.00137600,1.09000000,0
1531168157749,1531168157744,3689385,0.00137500,5.45000000,0
1531168162688,1531168162681,3689386,0.00137700,1.82000000,0
1531168173752,1531168173750,3689387,0.00137700,1.45000000,0
1531168185888,1531168185881,3689388,0.00137400,5.96000000,1
1531168185888,1531168185881,3689389,0.00137300,6.89000000,1
1531168185888,1531168185881,3689390,0.00137200,8.81000000,1
1531168186265,1531168186259,3689391,0.00137600,1.45000000,0
1531168186265,1531168186259,3689392,0.00137800,3.46000000,0
1531168203166,1531168203163,3689393,0.00137700,2.07000000,0
1531168229825,1531168229819,3689394,0.00137400,6.46000000,1
1531168270066,1531168270062,3689395,0.00137600,11.39000000,1
1531168302124,1531168302119,3689396,0.00137600,2.88000000,0
1531168316498,1531168316495,3689397,0.00137700,20.33000000,0
1531168319407,1531168319407,3689398,0.00137700,4.33000000,1
1531168328356,1531168328350,3689399,0.00137800,0.91000000,0
1531168341996,1531168341990,3689400,0.00137800,4.99000000,0
1531168383193,1531168383186,3689401,0.00137800,26.95000000,0
1531168383193,1531168383186,3689402,0.00137900,7.29000000,0
1531168445945,1531168445938,3689403,0.00137800,30.57000000,0
1531168447198,1531168447192,3689404,0.00137900,1.39000000,0
1531168503910,1531168503903,3689405,0.00137800,6.03000000,1
1531168524945,1531168524945,3689406,0.00138000,1.50000000,0
1531168543942,1531168543935,3689407,0.00138100,31.21000000,0
1531168547574,1531168547569,3689408,0.00138000,2.00000000,1
1531168547806,1531168547799,3689409,0.00137900,2.00000000,1
1531168584677,1531168584671,3689410,0.00137900,3.50000000,1
1531168591570,1531168591564,3689411,0.00137900,1.20000000,0
1531168599887,1531168599881,3689412,0.00137900,0.98000000,0
1531168605802,1531168605796,3689413,0.00137900,90.29000000,0
1531168606597,1531168606591,3689414,0.00137900,52.89000000,1
1531168608187,1531168608183,3689415,0.00137900,18.34000000,1
1531168611977,1531168611971,3689416,0.00138100,2.17000000,1
1531168611979,1531168611978,3689417,0.00137800,2.17000000,1
1531168620495,1531168620490,3689418,0.00138000,170.48000000,1
1531168624386,1531168624380,3689419,0.00138200,11.65000000,0
1531168638010,1531168638003,3689420,0.00137900,4.44000000,1
1531168638871,1531168638866,3689421,0.00137900,53.25000000,1
1531168665967,1531168665962,3689422,0.00138200,8.45000000,0
1531168705391,1531168705385,3689423,0.00138200,21.28000000,0
1531168738461,1531168738456,3689424,0.00138000,6.00000000,1
1531168750449,1531168750443,3689425,0.00138000,17.88000000,1
1531168768304,1531168768298,3689426,0.00138200,29.85000000,0
1531168768304,1531168768298,3689427,0.00138300,10.41000000,0
1531168768837,1531168768830,3689428,0.00138600,1.44000000,0
1531168771400,1531168771393,3689429,0.00138700,9.47000000,0
1531168771400,1531168771393,3689430,0.00138800,37.16000000,0
1531168771400,1531168771393,3689431,0.00139000,8.16000000,0
1531168771400,1531168771393,3689432,0.00139100,7.25000000,0
1531168771400,1531168771393,3689433,0.00139200,5.23000000,0
1531168771400,1531168771393,3689434,0.00139300,0.87000000,0
1531168771400,1531168771393,3689435,0.00139400,4.11000000,0
1531168771858,1531168771853,3689436,0.00138500,28.78000000,1
1531168821165,1531168821160,3689437,0.00139300,0.73000000,0
1531168821165,1531168821160,3689438,0.00138700,0.73000000,1
1531168841861,1531168841855,3689439,0.00139300,0.73000000,0
1531168858373,1531168850360,3689440,0.00138800,13.38000000,1
1531168867630,1531168867624,3689441,0.00138800,1.45000000,1
1531168913367,1531168913361,3689442,0.00139300,33.25000000,0
1531168947046,1531168947041,3689443,0.00138800,1.06000000,1
1531168964377,1531168964372,3689444,0.00138800,0.98000000,1
1531168972671,1531168972666,3689445,0.00138800,2.00000000,1
1531169057555,1531169057550,3689446,0.00138800,22.75000000,1
1531169072532,1531169072526,3689447,0.00138800,49.67000000,1
1531169091730,1531169091728,3689448,0.00138800,31.25000000,1
1531169094840,1531169094838,3689449,0.00138800,6.11000000,1
1531169098871,1531169098866,3689450,0.00138700,5.02000000,1
1531169106617,1531169106610,3689451,0.00138800,5.00000000,1
1531169106617,1531169106610,3689452,0.00138700,5.00000000,1
1531169116666,1531169116661,3689453,0.00138500,13.17000000,1
1531169118598,1531169118595,3689454,0.00138500,12.99000000,1
1531169119661,1531169119656,3689455,0.00138500,11.93000000,1
1531169120027,1531169120025,3689456,0.00138500,12.03000000,1
1531169121426,1531169121424,3689457,0.00138500,11.99000000,1
1531169128881,1531169128874,3689458,0.00138500,11.19000000,1
1531169130038,1531169130034,3689459,0.00138500,11.42000000,1
1531169280835,1531169280830,3689460,0.00139000,1.96000000,0
1531169286305,1531169286298,3689461,0.00139000,8.78000000,0
1531169286345,1531169286339,3689462,0.00139000,3.68000000,1
1531169297112,1531169297107,3689463,0.00138500,20.14000000,1
1531169319159,1531169319153,3689464,0.00138500,1.51000000,1
1531169323076,1531169323069,3689465,0.00138500,0.80000000,1
1531169331068,1531169331062,3689466,0.00138600,5.00000000,1
1531169331068,1531169331062,3689467,0.00138500,118.42000000,1
1531169336311,1531169336305,3689468,0.00138500,15.10000000,1
1531169412211,1531169412206,3689469,0.00138500,0.74000000,1
1531169528538,1531169528533,3689470,0.00139000,0.73000000,0
1531169545047,1531169545043,3689471,0.00138500,45.23000000,1
1531169545047,1531169545043,3689472,0.00138400,13.03000000,1
1531169548752,1531169548747,3689473,0.00138400,1.09000000,1
1531169569548,1531169569542,3689474,0.00138400,0.79000000,1
1531169579660,1531169579657,3689475,0.00138400,1.20000000,1
1531169592667,1531169592661,3689476,0.00138400,44.35000000,1
1531169593502,1531169593498,3689477,0.00138400,3.98000000,1
1531169602935,1531169602928,3689478,0.00138400,4.98000000,1
1531169627069,1531169627065,3689479,0.00138500,0.79000000,0
1531169627905,1531169627901,3689480,0.00138500,7.28000000,0
1531169633107,1531169633101,3689481,0.00138600,4.27000000,0
1531169633107,1531169633101,3689482,0.00138700,4.26000000,0
1531169640711,1531169640705,3689483,0.00138700,1.49000000,0
1531169640711,1531169640705,3689484,0.00139000,1.51000000,0
1531169687045,1531169687039,3689485,0.00138500,0.79000000,1
1531169690594,1531169690588,3689486,0.00138500,4.97000000,1
1531169690834,1531169690828,3689487,0.00138400,0.02000000,1
1531169690941,1531169690935,3689488,0.00138400,24.74000000,1
1531169691755,1531169691749,3689489,0.00138500,4.37000000,1
1531169693455,1531169693450,3689490,0.00138400,15.00000000,1
1531169700363,1531169700357,3689491,0.00138900,4.00000000,0
1531169725070,1531169725064,3689492,0.00138600,21.20000000,0
1531169725622,1531169725617,3689493,0.00138400,0.37000000,1
1531169732093,1531169732088,3689494,0.00138800,0.40000000,0
1531169742427,1531169742422,3689495,0.00138600,46.17000000,0
1531169760310,1531169760304,3689496,0.00138600,7.85000000,0
1531169762740,1531169762735,3689497,0.00138600,47.00000000,0
1531169782066,1531169782060,3689498,0.00138400,10.00000000,1
1531169789400,1531169789396,3689499,0.00138400,202.91000000,1
1531169808593,1531169808589,3689500,0.00138500,54.85000000,1
1531169808593,1531169808589,3689501,0.00138400,111.37000000,1
1531169812082,1531169812076,3689502,0.00138500,32.66000000,1
1531169823020,1531169823014,3689503,0.00138500,9.24000000,1
1531169859105,1531169859100,3689504,0.00138400,0.79000000,1
1531169868889,1531169868884,3689505,0.00138400,3.67000000,1
1531169897719,1531169897715,3689506,0.00138400,2.94000000,1
1531169938345,1531169938339,3689507,0.00138400,2.89000000,1
1531169946290,1531169946284,3689508,0.00138400,26.49000000,1
1531169951555,1531169951549,3689509,0.00138400,79.70000000,1
1531169965156,1531169965150,3689510,0.00138400,10.00000000,1
