event_time,trade_time,trade_id,price,quantity,maker
1531160516292,1531160516289,4024273,0.00000276,7907.00000000,1
1531160527603,1531160527599,4024274,0.00000276,3699.00000000,1
1531160580082,1531160580077,4024275,0.00000276,4179.00000000,1
1531160593578,1531160593574,4024276,0.00000276,1106.00000000,1
1531160596756,1531160596752,4024277,0.00000276,2536.00000000,0
1531160623243,1531160623239,4024278,0.00000276,10869.00000000,0
1531160688511,1531160688507,4024279,0.00000276,15000.00000000,0
1531160693520,1531160693517,4024280,0.00000276,13749.00000000,0
1531160693573,1531160693567,4024281,0.00000276,4999.00000000,1
1531160698023,1531160698019,4024282,0.00000277,4999.00000000,0
1531160702924,1531160702920,4024283,0.00000276,2354.00000000,1
1531160725698,1531160725695,4024284,0.00000276,7761.00000000,1
1531160725698,1531160725695,4024285,0.00000275,22222.00000000,1
1531160726794,1531160726789,4024286,0.00000275,5000.00000000,1
1531160728853,1531160728849,4024287,0.00000275,2914.00000000,1
1531160751538,1531160751534,4024288,0.00000275,3506.00000000,1
1531160751538,1531160751534,4024289,0.00000274,82389.00000000,1
1531160752573,1531160752569,4024290,0.00000275,2277.00000000,1
1531160820518,1531160820514,4024291,0.00000275,1032.00000000,1
1531160863759,1531160863756,4024292,0.00000276,1811.00000000,0
1531160890251,1531160890247,4024293,0.00000276,724.00000000,0
1531160976502,1531160976497,4024294,0.00000276,474.00000000,0
1531161058635,1531161058634,4024295,0.00000276,5869.00000000,1
1531161083886,1531161083883,4024296,0.00000276,398.00000000,0
1531161119514,1531161119513,4024297,0.00000276,3623.00000000,0
1531161147396,1531161147391,4024298,0.00000276,27587.00000000,0
1531161194676,1531161194673,4024299,0.00000276,693.00000000,0
1531161251404,1531161251400,4024300,0.00000276,12654.00000000,0
1531161251404,1531161251400,4024301,0.00000277,1076.00000000,0
1531161273948,1531161273944,4024302,0.00000275,1253.00000000,1
1531161355186,1531161355181,4024303,0.00000275,18520.00000000,1
1531161358689,1531161358685,4024304,0.00000275,1475.00000000,1
1531161359461,1531161359457,4024305,0.00000275,5674.00000000,0
1531161429973,1531161429969,4024306,0.00000275,5674.00000000,0
1531161437481,1531161437475,4024307,0.00000275,3916.00000000,1
1531161438509,1531161438504,4024308,0.00000275,2.00000000,0
1531161438509,1531161438504,4024309,0.00000276,3193.00000000,0
1531161452931,1531161452927,4024310,0.00000275,3020.00000000,0
1531161485289,1531161485283,4024311,0.00000276,508.00000000,0
1531161519168,1531161519166,4024312,0.00000275,650.00000000,1
1531161616934,1531161616930,4024313,0.00000275,534.00000000,1
1531161655260,1531161655256,4024314,0.00000275,5501.00000000,1
1531161679312,1531161679307,4024315,0.00000276,69871.00000000,0
1531161679312,1531161679307,4024316,0.00000277,19234.00000000,0
1531161679865,1531161679863,4024317,0.00000277,6082.00000000,0
1531161681997,1531161681991,4024318,0.00000277,5000.00000000,0
1531161875314,1531161875310,4024319,0.00000276,4017.00000000,1
1531161914258,1531161914257,4024320,0.00000276,432.00000000,1
1531161922200,1531161922196,4024321,0.00000276,6586.00000000,1
1531161958708,1531161958705,4024322,0.00000276,3009.00000000,1
1531161965176,1531161965171,4024323,0.00000276,2536.00000000,0
1531161983811,1531161983807,4024324,0.00000276,2726.00000000,0
1531162012745,1531162012741,4024325,0.00000276,1656.00000000,1
1531162148251,1531162148246,4024326,0.00000276,1353.00000000,1
1531162159798,1531162159794,4024327,0.00000276,2097.00000000,0
1531162224979,1531162224975,4024328,0.00000276,2000.00000000,0
1531162253137,1531162253132,4024329,0.00000275,32250.00000000,1
1531162471286,1531162471280,4024330,0.00000275,5103.00000000,1
1531162504988,1531162504983,4024331,0.00000275,3254.00000000,1
1531162545902,1531162545899,4024332,0.00000275,1000.00000000,1
1531162693759,1531162693756,4024333,0.00000276,3413.00000000,0
1531162887578,1531162887572,4024334,0.00000276,19193.00000000,0
1531162900270,1531162900264,4024335,0.00000275,5229.00000000,1
1531162903876,1531162903871,4024336,0.00000277,2147.00000000,0
1531163160750,1531163160746,4024337,0.00000277,1700.00000000,0
1531163284766,1531163284759,4024338,0.00000277,37000.00000000,0
1531163318221,1531163318215,4024339,0.00000277,5625.00000000,0
1531163416274,1531163416268,4024340,0.00000277,14443.00000000,0
1531163416274,1531163416268,4024341,0.00000278,557.00000000,0
1531163500801,1531163500795,4024342,0.00000276,16597.00000000,1
1531163500801,1531163500795,4024343,0.00000275,17230.00000000,1
1531163503703,1531163503698,4024344,0.00000275,4995.00000000,1
1531163542167,1531163542161,4024345,0.00000275,400.00000000,1
1531163565797,1531163565792,4024346,0.00000277,118.00000000,0
1531163572886,1531163572880,4024347,0.00000277,378.00000000,0
1531163617280,1531163617274,4024348,0.00000277,20.00000000,0
1531163676470,1531163676464,4024349,0.00000277,16039.00000000,0
1531163676500,1531163676494,4024350,0.00000277,650.00000000,1
1531163680524,1531163680519,4024351,0.00000277,3746.00000000,1
1531163680760,1531163680754,4024352,0.00000277,7341.00000000,1
1531163680776,1531163680772,4024353,0.00000277,683.00000000,1
1531163681789,1531163681787,4024354,0.00000277,5013.00000000,1
1531163683178,1531163683172,4024355,0.00000277,2100.00000000,1
1531163684608,1531163684605,4024356,0.00000277,1543.00000000,1
1531163835759,1531163835754,4024357,0.00000277,2944.00000000,1
1531163859230,1531163859225,4024358,0.00000275,71634.00000000,1
1531163862800,1531163862793,4024359,0.00000275,10210.00000000,0
1531163962038,1531163962033,4024360,0.00000276,3259.00000000,1
1531163973067,1531163973063,4024361,0.00000276,537.00000000,1
1531164008864,1531164008858,4024362,0.00000277,30532.00000000,0
1531164016118,1531164016110,4024363,0.00000277,715.00000000,0
1531164069683,1531164069677,4024364,0.00000276,29763.00000000,1
1531164115285,1531164115279,4024365,0.00000276,5545.00000000,1
1531164136527,1531164136521,4024366,0.00000275,59888.00000000,1
1531164136562,1531164136556,4024367,0.00000275,2626.00000000,0
1531164140082,1531164140076,4024368,0.00000275,10909.00000000,0
1531164142693,1531164142688,4024369,0.00000275,363.00000000,0
1531164155096,1531164155091,4024370,0.00000275,687.00000000,0
1531164190824,1531164190820,4024371,0.00000274,16.00000000,1
1531164214398,1531164214394,4024372,0.00000275,33683.00000000,0
1531164238476,1531164238469,4024373,0.00000275,363.00000000,0
1531164300826,1531164300822,4024374,0.00000275,11000.00000000,0
1531164312238,1531164312231,4024375,0.00000275,800.00000000,0
1531164543554,1531164543549,4024376,0.00000276,1000.00000000,0
1531164581733,1531164581727,4024377,0.00000275,13121.00000000,1
1531164609261,1531164609255,4024378,0.00000275,436.00000000,0
1531164627098,1531164627092,4024379,0.00000275,436.00000000,0
1531164642848,1531164642844,4024380,0.00000275,3636.00000000,0
1531164712667,1531164712660,4024381,0.00000275,822.00000000,0
1531164761480,1531164761476,4024382,0.00000275,2152.00000000,0
1531164763622,1531164763615,4024383,0.00000275,6432.00000000,0
1531164793558,1531164793553,4024384,0.00000275,15226.00000000,0
1531164806368,1531164806363,4024385,0.00000275,2044.00000000,0
1531164906513,1531164906506,4024386,0.00000275,5000.00000000,0
1531164910737,1531164910732,4024387,0.00000275,436.00000000,0
1531164925138,1531164925135,4024388,0.00000275,3011.00000000,0
1531164930624,1531164930619,4024389,0.00000275,6.00000000,0
1531164960049,1531164960044,4024390,0.00000275,2397.00000000,1
1531164973290,1531164973284,4024391,0.00000275,19980.00000000,1
1531165028432,1531165028426,4024392,0.00000276,580.00000000,0
1531165060860,1531165060854,4024393,0.00000276,92427.00000000,0
1531165117189,1531165117183,4024394,0.00000276,831.00000000,0
1531165270458,1531165270452,4024395,0.00000276,2653.00000000,0
1531165353271,1531165353270,4024396,0.00000276,7832.00000000,0
1531165466595,1531165466588,4024397,0.00000275,940.00000000,1
1531165480077,1531165480071,4024398,0.00000275,2536.00000000,1
1531165493190,1531165493189,4024399,0.00000275,10909.00000000,1
1531165580292,1531165580285,4024400,0.00000276,2700.00000000,0
1531165617909,1531165617902,4024401,0.00000276,819.00000000,0
1531165654677,1531165654669,4024402,0.00000276,4818.00000000,0
1531165737257,1531165737250,4024403,0.00000276,82160.00000000,0
1531165762267,1531165762261,4024404,0.00000276,2458.00000000,1
1531165777462,1531165777456,4024405,0.00000276,300.00000000,1
1531165814000,1531165813995,4024406,0.00000276,654.00000000,1
1531165881270,1531165881265,4024407,0.00000276,4775.00000000,1
1531165895514,1531165895507,4024408,0.00000276,6915.00000000,1
1531165906121,1531165906113,4024409,0.00000276,4775.00000000,1
1531165918039,1531165918035,4024410,0.00000276,35109.00000000,1
1531165958627,1531165958625,4024411,0.00000276,52076.00000000,1
1531165971142,1531165971137,4024412,0.00000276,17195.00000000,0
1531166003462,1531166003457,4024413,0.00000276,4771.00000000,1
1531166069663,1531166069657,4024414,0.00000276,4218.00000000,0
1531166111579,1531166111573,4024415,0.00000276,1309.00000000,0
1531166120178,1531166120172,4024416,0.00000276,5163.00000000,0
1531166163610,1531166163604,4024417,0.00000276,3873.00000000,0
1531166208210,1531166208204,4024418,0.00000276,1100.00000000,0
1531166218346,1531166218339,4024419,0.00000275,148613.00000000,1
1531166233361,1531166233354,4024420,0.00000275,2545.00000000,0
1531166237822,1531166237816,4024421,0.00000275,1862.00000000,0
1531166244418,1531166244413,4024422,0.00000275,5000.00000000,1
1531166245815,1531166245808,4024423,0.00000276,4473.00000000,0
1531166255981,1531166255974,4024424,0.00000276,9157.00000000,0
1531166257842,1531166257835,4024425,0.00000275,558.00000000,1
1531166257843,1531166257835,4024426,0.00000274,310565.00000000,1
1531166267782,1531166267775,4024427,0.00000274,12413.00000000,1
1531166270266,1531166270258,4024428,0.00000274,2500.00000000,1
1531166270266,1531166270258,4024429,0.00000273,38888.00000000,1
1531166270266,1531166270258,4024430,0.00000273,13685.00000000,1
1531166278778,1531166278771,4024431,0.00000274,3880.00000000,1
1531166278778,1531166278771,4024432,0.00000273,223.00000000,1
1531166282633,1531166282627,4024433,0.00000274,429.00000000,1
1531166312924,1531166312919,4024434,0.00000274,3000.00000000,1
1531166313948,1531166313945,4024435,0.00000274,940.00000000,0
1531166316720,1531166316715,4024436,0.00000274,1000.00000000,0
1531166318177,1531166318171,4024437,0.00000273,370.00000000,1
1531166320150,1531166320144,4024438,0.00000274,3750.00000000,0
1531166320950,1531166320944,4024439,0.00000274,370.00000000,0
1531166324937,1531166324931,4024440,0.00000273,2210.00000000,1
1531166324938,1531166324933,4024441,0.00000274,1100.00000000,0
1531166327072,1531166327060,4024442,0.00000273,25384.00000000,1
1531166327072,1531166327060,4024443,0.00000272,55411.00000000,1
1531166327072,1531166327060,4024444,0.00000271,275025.00000000,1
1531166327072,1531166327060,4024445,0.00000271,92343.00000000,1
1531166327093,1531166327086,4024446,0.00000272,2761.00000000,0
1531166327093,1531166327086,4024447,0.00000272,2761.00000000,0
1531166327100,1531166327094,4024448,0.00000272,2761.00000000,0
1531166327107,1531166327100,4024449,0.00000271,5522.00000000,1
1531166327113,1531166327107,4024450,0.00000272,919.00000000,0
1531166327113,1531166327112,4024451,0.00000272,1139.00000000,0
1531166327114,1531166327112,4024452,0.00000272,1139.00000000,0
1531166327118,1531166327113,4024453,0.00000272,3378.00000000,0
1531166327140,1531166327133,4024454,0.00000272,3378.00000000,0
1531166327212,1531166327211,4024455,0.00000272,3378.00000000,0
1531166327826,1531166327820,4024456,0.00000272,735.00000000,0
1531166328205,1531166328199,4024457,0.00000271,1624.00000000,1
1531166329134,1531166329130,4024458,0.00000272,2191.00000000,0
1531166329291,1531166329289,4024459,0.00000272,38.00000000,0
1531166329330,1531166329323,4024460,0.00000271,3367.00000000,1
1531166329587,1531166329581,4024461,0.00000271,3378.00000000,1
1531166333465,1531166333459,4024462,0.00000272,625.00000000,0
1531166333577,1531166333573,4024463,0.00000272,5000.00000000,0
1531166335104,1531166335098,4024464,0.00000272,5000.00000000,0
1531166337256,1531166337249,4024465,0.00000271,373.00000000,1
1531166337298,1531166337293,4024466,0.00000271,373.00000000,1
1531166339203,1531166339196,4024467,0.00000271,14871.00000000,1
1531166339203,1531166339196,4024468,0.00000270,1936.00000000,1
1531166339204,1531166339196,4024469,0.00000270,35545.00000000,1
1531166339205,1531166339196,4024470,0.00000270,3533.00000000,1
1531166339207,1531166339196,4024471,0.00000270,24796.00000000,1
1531166339208,1531166339196,4024472,0.00000270,20000.00000000,1
1531166339255,1531166339249,4024473,0.00000271,7264.00000000,1
1531166339625,1531166339622,4024474,0.00000271,16988.00000000,1
1531166344303,1531166344296,4024475,0.00000271,739.00000000,1
1531166344742,1531166344735,4024476,0.00000271,554.00000000,1
1531166345976,1531166345970,4024477,0.00000271,1292.00000000,1
1531166348694,1531166348687,4024478,0.00000272,3002.00000000,0
1531166350323,1531166350316,4024479,0.00000271,5411.00000000,1
1531166363940,1531166363934,4024480,0.00000271,392.00000000,1
1531166366447,1531166366443,4024481,0.00000272,369.00000000,0
1531166368397,1531166368391,4024482,0.00000271,5390.00000000,1
1531166377858,1531166377853,4024483,0.00000271,373.00000000,1
1531166396751,1531166396743,4024484,0.00000272,369.00000000,0
1531166398522,1531166398517,4024485,0.00000271,9937.00000000,1
1531166406778,1531166406772,4024486,0.00000272,441.00000000,0
1531166412134,1531166412131,4024487,0.00000271,6077.00000000,1
1531166431353,1531166431350,4024488,0.00000272,441.00000000,0
1531166479020,1531166479017,4024489,0.00000272,368.00000000,0
1531166483344,1531166483337,4024490,0.00000272,29411.00000000,0
1531166492790,1531166492787,4024491,0.00000271,28347.00000000,1
1531166492790,1531166492787,4024492,0.00000270,40329.00000000,1
1531166493604,1531166493598,4024493,0.00000272,2187.00000000,0
1531166503502,1531166503496,4024494,0.00000271,6041.00000000,1
1531166504091,1531166504086,4024495,0.00000271,741.00000000,0
1531166506485,1531166506480,4024496,0.00000271,625.00000000,0
1531166511446,1531166511440,4024497,0.00000271,173.00000000,0
1531166511446,1531166511440,4024498,0.00000272,12319.00000000,0
1531166512475,1531166512467,4024499,0.00000272,2133.00000000,0
1531166517552,1531166517547,4024500,0.00000272,11066.00000000,0
1531166518268,1531166518262,4024501,0.00000272,588.00000000,0
1531166518543,1531166518536,4024502,0.00000272,856.00000000,0
1531166528276,1531166528269,4024503,0.00000272,5273.00000000,0
1531166528276,1531166528269,4024504,0.00000273,173837.00000000,0
1531166528276,1531166528269,4024505,0.00000274,163462.00000000,0
1531166529570,1531166529569,4024506,0.00000274,4602.00000000,0
1531166543812,1531166543807,4024507,0.00000274,673.00000000,0
1531166772095,1531166772092,4024508,0.00000274,3649.00000000,0
1531166791648,1531166791641,4024509,0.00000274,3867.00000000,0
1531166875832,1531166875825,4024510,0.00000272,10644.00000000,1
1531166893637,1531166893632,4024511,0.00000272,2545.00000000,1
1531166905268,1531166905261,4024512,0.00000272,11070.00000000,1
1531166925087,1531166925080,4024513,0.00000272,12629.00000000,1
1531166926128,1531166926122,4024514,0.00000272,1811.00000000,0
1531166936073,1531166936058,4024515,0.00000271,31328.00000000,1
1531166936073,1531166936058,4024516,0.00000270,64157.00000000,1
1531166936073,1531166936058,4024517,0.00000269,243209.00000000,1
1531166937998,1531166937993,4024518,0.00000269,70.00000000,1
1531166938053,1531166938052,4024519,0.00000271,323.00000000,0
1531166939856,1531166939848,4024520,0.00000269,5000.00000000,1
1531166940630,1531166940627,4024521,0.00000269,3000.00000000,1
1531166943529,1531166943528,4024522,0.00000269,16139.00000000,1
1531166943830,1531166943824,4024523,0.00000269,1392.00000000,1
1531166943830,1531166943824,4024524,0.00000268,608.00000000,1
1531166943832,1531166943824,4024525,0.00000268,75872.00000000,1
1531166943832,1531166943824,4024526,0.00000268,421.00000000,1
1531166946199,1531166946193,4024527,0.00000270,1133.00000000,0
1531166963689,1531166963683,4024528,0.00000269,6940.00000000,1
1531166964737,1531166964731,4024529,0.00000269,376.00000000,1
1531166964943,1531166964936,4024530,0.00000270,373.00000000,0
1531166977055,1531166977051,4024531,0.00000270,6518.00000000,0
1531166979654,1531166979648,4024532,0.00000271,395.00000000,0
1531166982816,1531166982815,4024533,0.00000269,1001.00000000,1
1531166984011,1531166984005,4024534,0.00000269,32.00000000,1
1531166984445,1531166984439,4024535,0.00000269,332.00000000,0
1531166984469,1531166984466,4024536,0.00000269,388.00000000,0
1531166987344,1531166987338,4024537,0.00000270,443.00000000,1
1531166994248,1531166994242,4024538,0.00000270,5000.00000000,0
1531167004129,1531167004128,4024539,0.00000270,375.00000000,0
1531167004532,1531167004531,4024540,0.00000269,377.00000000,1
1531167004749,1531167004747,4024541,0.00000269,1131.00000000,1
1531167008119,1531167008114,4024542,0.00000270,3717.00000000,0
1531167008155,1531167008148,4024543,0.00000270,3094.00000000,0
1531167008155,1531167008148,4024544,0.00000271,15493.00000000,0
1531167008178,1531167008174,4024545,0.00000271,1858.00000000,0
1531167009299,1531167009293,4024546,0.00000271,3270.00000000,0
1531167010583,1531167010583,4024547,0.00000270,1271.00000000,1
1531167010619,1531167010613,4024548,0.00000270,959.00000000,1
1531167010642,1531167010635,4024549,0.00000270,3630.00000000,0
1531167010642,1531167010635,4024550,0.00000271,1370.00000000,0
1531167017312,1531167017310,4024551,0.00000271,1102.00000000,0
1531167035880,1531167035875,4024552,0.00000271,344.00000000,0
1531167035936,1531167035933,4024553,0.00000269,408.00000000,1
1531167042266,1531167042266,4024554,0.00000271,405.00000000,0
1531167045712,1531167045705,4024555,0.00000271,442.00000000,0
1531167046582,1531167046577,4024556,0.00000271,372.00000000,0
1531167049327,1531167049321,4024557,0.00000271,370.00000000,0
1531167063673,1531167063669,4024558,0.00000271,1845.00000000,0
1531167066832,1531167066821,4024559,0.00000269,25932.00000000,1
1531167066832,1531167066821,4024560,0.00000268,37896.00000000,1
1531167066846,1531167066839,4024561,0.00000268,466.00000000,0
1531167066846,1531167066842,4024562,0.00000268,5797.00000000,0
1531167066857,1531167066851,4024563,0.00000268,764.00000000,0
1531167066861,1531167066854,4024564,0.00000268,802.00000000,0
1531167066882,1531167066875,4024565,0.00000268,797.00000000,0
1531167066885,1531167066884,4024566,0.00000268,797.00000000,0
1531167066978,1531167066975,4024567,0.00000268,746.00000000,0
1531167067041,1531167067034,4024568,0.00000268,3297.00000000,0
1531167067719,1531167067713,4024569,0.00000268,1040.00000000,0
1531167068400,1531167068394,4024570,0.00000267,5000.00000000,1
1531167069063,1531167069057,4024571,0.00000267,429.00000000,1
1531167069927,1531167069920,4024572,0.00000267,3000.00000000,1
1531167071182,1531167071176,4024573,0.00000268,20.00000000,0
1531167072070,1531167072065,4024574,0.00000268,1119.00000000,0
1531167075047,1531167075039,4024575,0.00000268,1000.00000000,0
1531167081029,1531167081025,4024576,0.00000268,10948.00000000,0
1531167081854,1531167081848,4024577,0.00000268,6124.00000000,0
1531167081953,1531167081949,4024578,0.00000267,1444.00000000,1
1531167084033,1531167084029,4024579,0.00000268,371.00000000,0
1531167084215,1531167084210,4024580,0.00000267,1016.00000000,1
1531167092412,1531167092405,4024581,0.00000267,5427.00000000,1
1531167105578,1531167105570,4024582,0.00000269,372.00000000,0
1531167107258,1531167107255,4024583,0.00000267,390.00000000,1
1531167107920,1531167107913,4024584,0.00000267,1811.00000000,1
1531167111544,1531167111542,4024585,0.00000269,558.00000000,0
1531167123580,1531167123575,4024586,0.00000268,560.00000000,1
1531167124095,1531167124089,4024587,0.00000268,679.00000000,1
1531167125496,1531167125492,4024588,0.00000268,374.00000000,0
1531167127594,1531167127592,4024589,0.00000267,1221.00000000,1
1531167136094,1531167136087,4024590,0.00000268,50.00000000,0
1531167136816,1531167136810,4024591,0.00000268,955.00000000,0
1531167149667,1531167149661,4024592,0.00000268,4196.00000000,1
1531167171706,1531167171701,4024593,0.00000268,3269.00000000,0
1531167181904,1531167181898,4024594,0.00000268,1790.00000000,0
1531167206137,1531167206131,4024595,0.00000268,1941.00000000,1
1531167206137,1531167206131,4024596,0.00000267,127.00000000,1
1531167211463,1531167211458,4024597,0.00000269,2072.00000000,0
1531167238063,1531167238057,4024598,0.00000269,16424.00000000,0
1531167249561,1531167249554,4024599,0.00000270,1851.00000000,0
1531167257931,1531167257925,4024600,0.00000269,15865.00000000,1
1531167263064,1531167263059,4024601,0.00000268,207.00000000,1
1531167263612,1531167263607,4024602,0.00000268,197.00000000,1
1531167263792,1531167263785,4024603,0.00000269,32607.00000000,0
1531167275071,1531167275065,4024604,0.00000269,2941.00000000,0
1531167308658,1531167308652,4024605,0.00000269,446.00000000,0
1531167320438,1531167320432,4024606,0.00000269,2294.00000000,0
1531167336808,1531167336801,4024607,0.00000268,13539.00000000,1
1531167345530,1531167345524,4024608,0.00000269,446.00000000,0
1531167369931,1531167369928,4024609,0.00000269,4117.00000000,0
1531167390340,1531167390334,4024610,0.00000269,4482.00000000,0
1531167400505,1531167400501,4024611,0.00000269,448.00000000,0
1531167401182,1531167401176,4024612,0.00000269,477.00000000,0
1531167401854,1531167401850,4024613,0.00000269,507.00000000,0
1531167408597,1531167408591,4024614,0.00000269,40498.00000000,0
1531167413463,1531167413459,4024615,0.00000269,3467.00000000,0
1531167417458,1531167417452,4024616,0.00000269,400.00000000,1
1531167419605,1531167419601,4024617,0.00000269,7330.00000000,1
1531167419605,1531167419601,4024618,0.00000268,4746.00000000,1
1531167420244,1531167420243,4024619,0.00000268,5153.00000000,1
1531167434215,1531167434209,4024620,0.00000268,46.00000000,1
1531167449456,1531167449449,4024621,0.00000270,1851.00000000,0
1531167461002,1531167460996,4024622,0.00000270,2086.00000000,0
1531167472784,1531167472778,4024623,0.00000270,407.00000000,0
1531167512361,1531167512357,4024624,0.00000268,1118.00000000,1
1531167518354,1531167518348,4024625,0.00000268,10989.00000000,1
1531167550043,1531167550036,4024626,0.00000268,81759.00000000,1
1531167594518,1531167594511,4024627,0.00000268,443.00000000,1
1531167605768,1531167605762,4024628,0.00000269,446.00000000,0
1531167615967,1531167615960,4024629,0.00000269,533.00000000,0
1531167619886,1531167619882,4024630,0.00000269,3407.00000000,0
1531167635726,1531167635719,4024631,0.00000269,446.00000000,0
1531167636339,1531167636334,4024632,0.00000269,749.00000000,0
1531167641968,1531167641963,4024633,0.00000269,2502.00000000,0
1531167652642,1531167652636,4024634,0.00000269,2196.00000000,0
1531167702183,1531167702177,4024635,0.00000268,4112.00000000,1
1531167704349,1531167704346,4024636,0.00000268,29411.00000000,1
1531167721910,1531167721903,4024637,0.00000268,1118.00000000,1
1531167725427,1531167725421,4024638,0.00000269,1858.00000000,0
1531167739074,1531167739068,4024639,0.00000268,2969.00000000,1
1531167751130,1531167751123,4024640,0.00000268,15965.00000000,1
1531167783866,1531167783862,4024641,0.00000268,1043.00000000,1
1531167821519,1531167821513,4024642,0.00000269,1.00000000,0
1531167828952,1531167828946,4024643,0.00000269,5000.00000000,0
1531167852164,1531167852162,4024644,0.00000269,1349.00000000,0
1531167857628,1531167857621,4024645,0.00000268,177216.00000000,1
1531167911860,1531167911854,4024646,0.00000269,446.00000000,0
1531167913430,1531167913423,4024647,0.00000268,541.00000000,1
1531167916301,1531167916295,4024648,0.00000268,31289.00000000,1
1531167941124,1531167941118,4024649,0.00000269,446.00000000,0
1531167969155,1531167969155,4024650,0.00000269,1226.00000000,0
1531168004499,1531168004494,4024651,0.00000269,750.00000000,0
1531168006606,1531168006605,4024652,0.00000269,928.00000000,0
1531168048618,1531168048612,4024653,0.00000268,11074.00000000,1
1531168084609,1531168084604,4024654,0.00000269,750.00000000,0
1531168085390,1531168085385,4024655,0.00000269,2000.00000000,0
1531168115688,1531168115683,4024656,0.00000269,3470.00000000,0
1531168119114,1531168119107,4024657,0.00000268,66208.00000000,1
1531168127706,1531168127699,4024658,0.00000267,63.00000000,1
1531168127746,1531168127740,4024659,0.00000267,60.00000000,1
1531168142086,1531168142080,4024660,0.00000268,374.00000000,0
1531168145518,1531168145511,4024661,0.00000267,749.00000000,1
1531168149150,1531168149145,4024662,0.00000268,28360.00000000,0
1531168154843,1531168154838,4024663,0.00000267,10672.00000000,1
1531168185310,1531168185306,4024664,0.00000268,7181.00000000,0
1531168188352,1531168188348,4024665,0.00000267,4999.00000000,1
1531168194460,1531168194455,4024666,0.00000267,379.00000000,1
1531168195628,1531168195623,4024667,0.00000267,379.00000000,1
1531168206330,1531168206325,4024668,0.00000268,18816.00000000,0
1531168212092,1531168212086,4024669,0.00000268,447.00000000,0
1531168216184,1531168216182,4024670,0.00000267,379.00000000,1
1531168217178,1531168217177,4024671,0.00000268,817.00000000,0
1531168219738,1531168219733,4024672,0.00000268,746.00000000,0
1531168224131,1531168224128,4024673,0.00000268,1280.00000000,0
1531168226700,1531168226693,4024674,0.00000268,40613.00000000,0
1531168244058,1531168244051,4024675,0.00000268,447.00000000,0
1531168254182,1531168254176,4024676,0.00000268,8864.00000000,0
1531168255354,1531168255346,4024677,0.00000268,2365.00000000,0
1531168270207,1531168270201,4024678,0.00000267,261286.00000000,1
1531168272098,1531168272092,4024679,0.00000268,407.00000000,0
1531168299826,1531168299820,4024680,0.00000269,8946.00000000,0
1531168313702,1531168313696,4024681,0.00000268,21499.00000000,0
1531168358415,1531168358409,4024682,0.00000268,1008.00000000,0
1531168362881,1531168362876,4024683,0.00000268,5757.00000000,0
1531168363151,1531168363146,4024684,0.00000267,6905.00000000,1
1531168364839,1531168364836,4024685,0.00000268,1362.00000000,0
1531168414944,1531168414939,4024686,0.00000268,3731.00000000,0
1531168423286,1531168423280,4024687,0.00000268,2073.00000000,0
1531168453781,1531168453775,4024688,0.00000268,891.00000000,0
1531168456164,1531168456157,4024689,0.00000268,18986.00000000,0
1531168459271,1531168459269,4024690,0.00000269,26022.00000000,0
1531168470243,1531168470237,4024691,0.00000269,5000.00000000,0
1531168475825,1531168475819,4024692,0.00000269,5843.00000000,0
1531168477493,1531168477487,4024693,0.00000268,14919.00000000,1
1531168517570,1531168517564,4024694,0.00000269,446.00000000,0
1531168519301,1531168519299,4024695,0.00000268,1509.00000000,1
1531168540575,1531168540569,4024696,0.00000269,6156.00000000,0
1531168559705,1531168559699,4024697,0.00000269,446.00000000,0
1531168560705,1531168560701,4024698,0.00000269,564.00000000,0
1531168561412,1531168561407,4024699,0.00000269,1301.00000000,0
1531168563347,1531168563341,4024700,0.00000269,119578.00000000,0
1531168563358,1531168563352,4024701,0.00000269,109187.00000000,0
1531168563854,1531168563850,4024702,0.00000270,5000.00000000,0
1531168565029,1531168565023,4024703,0.00000270,109033.00000000,0
1531168565404,1531168565398,4024704,0.00000270,5000.00000000,0
1531168566620,1531168566616,4024705,0.00000270,109.00000000,0
1531168598177,1531168598174,4024706,0.00000270,5000.00000000,0
1531168600366,1531168600361,4024707,0.00000270,595.00000000,0
1531168622095,1531168622090,4024708,0.00000269,3565.00000000,1
1531168673476,1531168673469,4024709,0.00000269,2345.00000000,0
1531168675906,1531168675900,4024710,0.00000269,3718.00000000,0
1531168692918,1531168692913,4024711,0.00000268,856.00000000,1
1531168695220,1531168695215,4024712,0.00000268,2144.00000000,1
1531168703162,1531168703157,4024713,0.00000269,16123.00000000,0
1531168712483,1531168712478,4024714,0.00000269,1783.00000000,1
1531168722731,1531168722726,4024715,0.00000270,5.00000000,0
1531168754429,1531168754423,4024716,0.00000270,17069.00000000,0
1531168754690,1531168754687,4024717,0.00000270,37037.00000000,0
1531168812562,1531168812555,4024718,0.00000270,444.00000000,0
1531168818331,1531168818329,4024719,0.00000269,890.00000000,1
1531168858361,1531168849105,4024720,0.00000270,444.00000000,0
1531168858398,1531168852901,4024721,0.00000269,856.00000000,1
1531168875032,1531168875026,4024722,0.00000270,3703.00000000,0
1531168932699,1531168932693,4024723,0.00000269,352.00000000,1
1531168943563,1531168943558,4024724,0.00000269,4750.00000000,1
1531169015595,1531169015590,4024725,0.00000269,723.00000000,1
1531169019765,1531169019759,4024726,0.00000269,1400.00000000,1
1531169022650,1531169022644,4024727,0.00000269,10000.00000000,1
1531169113235,1531169113230,4024728,0.00000270,444.00000000,0
1531169114715,1531169114710,4024729,0.00000269,3023.00000000,1
1531169155394,1531169155388,4024730,0.00000270,444.00000000,0
1531169163294,1531169163289,4024731,0.00000270,18313.00000000,0
1531169214811,1531169214806,4024732,0.00000268,500.00000000,1
1531169240394,1531169240387,4024733,0.00000269,3717.00000000,0
1531169254109,1531169254103,4024734,0.00000269,1857.00000000,0
1531169306626,1531169306622,4024735,0.00000269,5527.00000000,0
1531169320515,1531169320511,4024736,0.00000269,63288.00000000,0
1531169360074,1531169360069,4024737,0.00000269,1211.00000000,0
1531169416107,1531169416102,4024738,0.00000269,446.00000000,0
1531169416861,1531169416856,4024739,0.00000269,15185.00000000,0
1531169418173,1531169418167,4024740,0.00000269,312.00000000,0
1531169429608,1531169429603,4024741,0.00000269,2064.00000000,0
1531169449705,1531169449700,4024742,0.00000269,1001.00000000,0
1531169453756,1531169453748,4024743,0.00000268,41973.00000000,1
1531169453756,1531169453748,4024744,0.00000267,190672.00000000,1
1531169456022,1531169456015,4024745,0.00000269,446.00000000,0
1531169468177,1531169468171,4024746,0.00000267,695.00000000,1
1531169469558,1531169469552,4024747,0.00000267,2063.00000000,1
1531169521808,1531169521803,4024748,0.00000268,31977.00000000,0
1531169602989,1531169602982,4024749,0.00000268,4411.00000000,1
1531169602989,1531169602982,4024750,0.00000267,3575.00000000,1
1531169604722,1531169604716,4024751,0.00000267,3386.00000000,1
1531169604779,1531169604770,4024752,0.00000267,1025.00000000,1
1531169604779,1531169604770,4024753,0.00000266,16762.00000000,1
1531169604779,1531169604770,4024754,0.00000266,6920.00000000,1
1531169604781,1531169604770,4024755,0.00000266,13786.00000000,1
1531169606188,1531169606181,4024756,0.00000267,60.00000000,1
1531169606249,1531169606242,4024757,0.00000267,63.00000000,1
1531169606876,1531169606871,4024758,0.00000267,625.00000000,1
1531169609457,1531169609449,4024759,0.00000267,3901.00000000,0
1531169609749,1531169609744,4024760,0.00000266,1041.00000000,1
1531169609982,1531169609975,4024761,0.00000266,2901.00000000,1
1531169612644,1531169612637,4024762,0.00000267,8.00000000,0
1531169612644,1531169612637,4024763,0.00000268,162.00000000,0
1531169614318,1531169614311,4024764,0.00000266,63.00000000,1
1531169614380,1531169614374,4024765,0.00000266,60.00000000,1
1531169675943,1531169675937,4024766,0.00000268,19573.00000000,0
1531169690096,1531169690089,4024767,0.00000268,32588.00000000,1
1531169690096,1531169690089,4024768,0.00000267,29000.00000000,1
1531169690096,1531169690089,4024769,0.00000266,152239.00000000,1
1531169715419,1531169715391,4024770,0.00000268,447.00000000,0
1531169758533,1531169758526,4024771,0.00000267,2988.00000000,1
1531169758533,1531169758526,4024772,0.00000266,12012.00000000,1
1531169763336,1531169763331,4024773,0.00000268,447.00000000,0
1531169789536,1531169789531,4024774,0.00000266,4949.00000000,1
1531169803724,1531169803719,4024775,0.00000266,391.00000000,1
1531169826509,1531169826501,4024776,0.00000268,497.00000000,0
1531169906865,1531169906859,4024777,0.00000268,1502.00000000,0
1531169938911,1531169938905,4024778,0.00000267,504.00000000,1
1531169942119,1531169942111,4024779,0.00000268,2643.00000000,0
1531169981981,1531169981976,4024780,0.00000268,14245.00000000,0
1531170019060,1531170019054,4024781,0.00000268,447.00000000,0
1531170019157,1531170019152,4024782,0.00000268,1521.00000000,0
1531170025412,1531170025406,4024783,0.00000268,2862.00000000,0
1531170040255,1531170040250,4024784,0.00000267,5106.00000000,1
1531170063355,1531170063350,4024785,0.00000268,447.00000000,0
1531170093199,1531170093194,4024786,0.00000268,2414.00000000,0
1531170095070,1531170095064,4024787,0.00000267,2648.00000000,0
1531170099097,1531170099091,4024788,0.00000266,2187.00000000,1
1531170103920,1531170103914,4024789,0.00000267,1119.00000000,0
1531170125438,1531170125432,4024790,0.00000267,5824.00000000,0
1531170147162,1531170147158,4024791,0.00000268,579.00000000,0
1531170153412,1531170153406,4024792,0.00000268,29963.00000000,0
1531170153925,1531170153918,4024793,0.00000268,3731.00000000,0
1531170217424,1531170217420,4024794,0.00000268,7450.00000000,0
1531170261073,1531170261068,4024795,0.00000267,185731.00000000,1
1531170317692,1531170317687,4024796,0.00000268,447.00000000,0
1531170365563,1531170365557,4024797,0.00000268,447.00000000,0
1531170383974,1531170383967,4024798,0.00000267,42152.00000000,1
1531170391063,1531170391057,4024799,0.00000267,1638.00000000,1
1531170435405,1531170435400,4024800,0.00000268,500.00000000,0
1531170456690,1531170456684,4024801,0.00000268,24133.00000000,0
1531170478945,1531170478940,4024802,0.00000268,4733.00000000,1
1531170501680,1531170501675,4024803,0.00000269,8081.00000000,0
1531170517404,1531170517397,4024804,0.00000269,1497.00000000,0
1531170518698,1531170518693,4024805,0.00000269,1116.00000000,0
1531170550067,1531170550065,4024806,0.00000269,5497.00000000,0
1531170552393,1531170552388,4024807,0.00000269,6936.00000000,0
1531170607740,1531170607736,4024808,0.00000268,70000.00000000,1
1531170614586,1531170614579,4024809,0.00000268,2502.00000000,1
1531170617370,1531170617366,4024810,0.00000269,446.00000000,0
1531170658161,1531170658156,4024811,0.00000268,475.00000000,1
1531170658161,1531170658156,4024812,0.00000267,5038.00000000,1
1531170661096,1531170661091,4024813,0.00000269,446.00000000,0
1531170700013,1531170700008,4024814,0.00000269,26067.00000000,0
1531170702775,1531170702769,4024815,0.00000267,629.00000000,1
1531170732724,1531170732719,4024816,0.00000269,4345.00000000,0
1531170803453,1531170803449,4024817,0.00000269,3717.00000000,0
1531170869401,1531170869396,4024818,0.00000269,1.00000000,0
1531170870003,1531170869997,4024819,0.00000268,5513.00000000,1
1531170946404,1531170946400,4024820,0.00000269,446.00000000,0
1531170996089,1531170996084,4024821,0.00000269,623.00000000,0
1531171013252,1531171013247,4024822,0.00000268,603.00000000,1
1531171076509,1531171076504,4024823,0.00000269,3717.00000000,0
1531171081127,1531171081123,4024824,0.00000268,2565.00000000,1
1531171081127,1531171081123,4024825,0.00000267,41060.00000000,1
1531171137922,1531171137917,4024826,0.00000269,3717.00000000,0
1531171187343,1531171187339,4024827,0.00000269,15832.00000000,0
1531171211964,1531171211961,4024828,0.00000269,1097.00000000,0
1531171213586,1531171213581,4024829,0.00000269,446.00000000,0
1531171221934,1531171221928,4024830,0.00000268,2872.00000000,1
1531171240736,1531171240731,4024831,0.00000269,56791.00000000,0
1531171350867,1531171350863,4024832,0.00000269,725.00000000,0
1531171383877,1531171383873,4024833,0.00000268,2977.00000000,1
1531171484656,1531171484652,4024834,0.00000269,5559.00000000,0
1531171515482,1531171515478,4024835,0.00000269,446.00000000,0
1531171523570,1531171523565,4024836,0.00000268,7153.00000000,1
1531171531189,1531171531185,4024837,0.00000269,380.00000000,0
1531171535149,1531171535144,4024838,0.00000269,3717.00000000,0
1531171611055,1531171611050,4024839,0.00000269,749.00000000,0
1531171624914,1531171624909,4024840,0.00000269,3717.00000000,0
1531171638377,1531171638373,4024841,0.00000269,5425.00000000,0
1531171717804,1531171717800,4024842,0.00000268,7218.00000000,1
1531171818930,1531171818925,4024843,0.00000269,446.00000000,0
1531171854595,1531171854592,4024844,0.00000269,446.00000000,0
1531171971970,1531171971966,4024845,0.00000269,2706.00000000,0
1531171986070,1531171986066,4024846,0.00000268,4430.00000000,1
1531172007379,1531172007375,4024847,0.00000268,1052.00000000,1
1531172024150,1531172024146,4024848,0.00000268,1622.00000000,1
1531172113496,1531172113493,4024849,0.00000269,446.00000000,0
1531172176832,1531172176828,4024850,0.00000269,21475.00000000,1
1531172195499,1531172195495,4024851,0.00000268,1868.00000000,1
1531172266992,1531172266988,4024852,0.00000268,2492.00000000,1
1531172313400,1531172313396,4024853,0.00000269,7630.00000000,0
1531172350907,1531172350903,4024854,0.00000268,4360.00000000,1
1531172410775,1531172410771,4024855,0.00000269,446.00000000,0
1531172493880,1531172493876,4024856,0.00000269,500.00000000,0
1531172530631,1531172530627,4024857,0.00000269,2966.00000000,0
1531172534981,1531172534977,4024858,0.00000269,37174.00000000,0
1531172568575,1531172568571,4024859,0.00000268,8888.00000000,1
1531172618833,1531172618829,4024860,0.00000268,9353.00000000,1
1531172646778,1531172646774,4024861,0.00000269,13094.00000000,0
1531172692123,1531172692118,4024862,0.00000268,774.00000000,1
1531172710426,1531172710420,4024863,0.00000269,446.00000000,0
1531172765524,1531172765521,4024864,0.00000269,20005.00000000,0
1531173002562,1531173002557,4024865,0.00000269,14368.00000000,1
1531173012893,1531173012891,4024866,0.00000269,444.00000000,0
1531173075740,1531173075736,4024867,0.00000268,312.00000000,1
1531173123388,1531173123386,4024868,0.00000269,13944.00000000,0
1531173179820,1531173179815,4024869,0.00000269,60759.00000000,1
1531173179838,1531173179835,4024870,0.00000269,5006.00000000,0
1531173180202,1531173180198,4024871,0.00000269,12507.00000000,0
1531173181196,1531173181194,4024872,0.00000269,12507.00000000,0
1531173182188,1531173182185,4024873,0.00000269,12507.00000000,0
1531173183180,1531173183177,4024874,0.00000269,12507.00000000,0
1531173184688,1531173184685,4024875,0.00000269,12507.00000000,0
1531173185686,1531173185682,4024876,0.00000269,12507.00000000,0
1531173186691,1531173186686,4024877,0.00000269,12507.00000000,0
1531173187702,1531173187698,4024878,0.00000269,3347.00000000,0
1531173198120,1531173198117,4024879,0.00000268,2966.00000000,1
1531173310420,1531173310416,4024880,0.00000269,446.00000000,0
1531173313248,1531173313245,4024881,0.00000269,500.00000000,0
1531173313875,1531173313873,4024882,0.00000269,2471.00000000,0
1531173318974,1531173318970,4024883,0.00000269,4318.00000000,0
1531173351433,1531173351429,4024884,0.00000269,2186.00000000,0
1531173515219,1531173515215,4024885,0.00000269,500.00000000,0
1531173522833,1531173522830,4024886,0.00000269,1500.00000000,0
1531173611363,1531173611360,4024887,0.00000269,446.00000000,0
1531173637531,1531173637528,4024888,0.00000269,1993.00000000,0
1531173643949,1531173643945,4024889,0.00000269,2602.00000000,0
1531173645080,1531173645077,4024890,0.00000269,11152.00000000,0
1531173689720,1531173689717,4024891,0.00000269,25101.00000000,0
1531173698975,1531173698972,4024892,0.00000269,5368.00000000,0
1531173700606,1531173700603,4024893,0.00000269,38960.00000000,0
1531173775514,1531173775512,4024894,0.00000268,100735.00000000,1
1531173800556,1531173800553,4024895,0.00000269,1907.00000000,0
1531173834201,1531173834197,4024896,0.00000269,375.00000000,0
1531173898874,1531173898870,4024897,0.00000268,1.00000000,1
1531173909156,1531173909154,4024898,0.00000269,446.00000000,0
1531173919707,1531173919702,4024899,0.00000269,1385.00000000,0
1531173955677,1531173955675,4024900,0.00000269,6159.00000000,0
1531173974618,1531173974615,4024901,0.00000269,1497.00000000,0
1531173976869,1531173976847,4024902,0.00000269,1116.00000000,0
1531173977824,1531173977821,4024903,0.00000268,1278.00000000,1
1531174071695,1531174071693,4024904,0.00000268,13830.00000000,1
1531174209870,1531174209867,4024905,0.00000269,446.00000000,0
1531174211213,1531174211210,4024906,0.00000268,103824.00000000,1
1531174274630,1531174274628,4024907,0.00000268,989.00000000,1
1531174280047,1531174280044,4024908,0.00000268,12524.00000000,1
1531174280603,1531174280601,4024909,0.00000268,1306.00000000,0
1531174281861,1531174281858,4024910,0.00000269,10000.00000000,0
1531174371374,1531174371372,4024911,0.00000269,10495.00000000,0
1531174390776,1531174390773,4024912,0.00000269,67055.00000000,0
1531174391382,1531174391380,4024913,0.00000269,447.00000000,0
1531174408006,1531174408004,4024914,0.00000268,3.00000000,1
1531174414480,1531174414477,4024915,0.00000269,108732.00000000,0
1531174420071,1531174420067,4024916,0.00000269,3746.00000000,1
1531174438232,1531174438229,4024917,0.00000269,88922.00000000,1
1531174438232,1531174438229,4024918,0.00000268,92581.00000000,1
1531174444491,1531174444488,4024919,0.00000270,21085.00000000,0
1531174458493,1531174458490,4024920,0.00000270,1625.00000000,0
1531174468667,1531174468665,4024921,0.00000270,25.00000000,0
1531174481799,1531174481797,4024922,0.00000270,740.00000000,0
1531174482520,1531174482515,4024923,0.00000270,48125.00000000,0
1531174487027,1531174487025,4024924,0.00000270,555.00000000,0
1531174490256,1531174490253,4024925,0.00000270,4175.00000000,0
1531174492085,1531174492083,4024926,0.00000270,407.00000000,0
1531174506213,1531174506210,4024927,0.00000270,444.00000000,0
1531174506510,1531174506508,4024928,0.00000270,26388.00000000,0
1531174515881,1531174515879,4024929,0.00000270,556.00000000,1
1531174516036,1531174516034,4024930,0.00000270,3216.00000000,1
1531174516552,1531174516548,4024931,0.00000271,3690.00000000,0
1531174517733,1531174517730,4024932,0.00000271,3690.00000000,0
1531174517750,1531174517748,4024933,0.00000270,1280.00000000,1
1531174638202,1531174638200,4024934,0.00000271,2398.00000000,0
1531174656122,1531174656118,4024935,0.00000271,16715.00000000,0
1531174666693,1531174666689,4024936,0.00000270,2.00000000,1
1531174697233,1531174697229,4024937,0.00000271,12837.00000000,0
1531174704782,1531174704779,4024938,0.00000271,627.00000000,1
1531174706150,1531174706148,4024939,0.00000271,5639.00000000,1
1531174707417,1531174707416,4024940,0.00000271,20010.00000000,1
1531174712694,1531174712692,4024941,0.00000271,2169.00000000,1
1531174718335,1531174718333,4024942,0.00000271,5000.00000000,1
1531174760845,1531174760843,4024943,0.00000271,32289.00000000,1
1531174815322,1531174815319,4024944,0.00000271,1767.00000000,1
1531174868976,1531174868972,4024945,0.00000272,14564.00000000,0
1531174888755,1531174888752,4024946,0.00000271,49072.00000000,1
1531174917074,1531174917073,4024947,0.00000270,599.00000000,1
1531174917486,1531174917484,4024948,0.00000271,404.00000000,0
1531174918013,1531174918009,4024949,0.00000271,2310.00000000,0
1531174918013,1531174918009,4024950,0.00000272,7663.00000000,0
1531174932893,1531174932891,4024951,0.00000271,18450.00000000,1
1531174939276,1531174939274,4024952,0.00000270,5000.00000000,1
1531175018593,1531175018591,4024953,0.00000270,576.00000000,1
1531175100435,1531175100434,4024954,0.00000270,190.00000000,1
1531175107610,1531175107607,4024955,0.00000271,10000.00000000,0
1531175116462,1531175116461,4024956,0.00000271,1527.00000000,0
1531175139360,1531175139357,4024957,0.00000271,104925.00000000,0
1531175139387,1531175139385,4024958,0.00000271,15715.00000000,1
1531175141308,1531175141305,4024959,0.00000271,18723.00000000,0
1531175141374,1531175141373,4024960,0.00000271,12810.00000000,1
1531175141472,1531175141470,4024961,0.00000271,1358.00000000,1
1531175150810,1531175150808,4024962,0.00000270,45709.00000000,1
1531175201830,1531175201828,4024963,0.00000270,54901.00000000,1
1531175202181,1531175202178,4024964,0.00000270,3785.00000000,0
1531175205101,1531175205100,4024965,0.00000269,3785.00000000,1
1531175211312,1531175211310,4024966,0.00000269,11823.00000000,1
1531175211343,1531175211342,4024967,0.00000269,929.00000000,0
1531175211375,1531175211374,4024968,0.00000269,1215.00000000,0
1531175211381,1531175211380,4024969,0.00000269,1215.00000000,0
1531175211486,1531175211484,4024970,0.00000269,1116.00000000,0
1531175211815,1531175211813,4024971,0.00000269,553.00000000,0
1531175230368,1531175230365,4024972,0.00000269,5576.00000000,0
1531175230836,1531175230824,4024973,0.00000269,390.00000000,0
1531175244496,1531175244493,4024974,0.00000269,664.00000000,1
1531175250696,1531175250694,4024975,0.00000269,5000.00000000,1
1531175259138,1531175259137,4024976,0.00000270,3785.00000000,0
1531175261165,1531175261162,4024977,0.00000270,2960.00000000,0
1531175275546,1531175275545,4024978,0.00000269,52619.00000000,1
1531175275571,1531175275570,4024979,0.00000269,973.00000000,0
1531175275598,1531175275596,4024980,0.00000269,973.00000000,0
1531175275611,1531175275608,4024981,0.00000269,973.00000000,0
1531175275619,1531175275618,4024982,0.00000269,973.00000000,0
1531175299080,1531175299078,4024983,0.00000269,100.00000000,0
1531175314401,1531175314400,4024984,0.00000269,371.00000000,0
1531175323376,1531175323374,4024985,0.00000269,11645.00000000,0
1531175368265,1531175368263,4024986,0.00000268,19688.00000000,1
1531175368282,1531175368281,4024987,0.00000268,10500.00000000,0
1531175368870,1531175368868,4024988,0.00000268,29000.00000000,0
1531175372829,1531175372825,4024989,0.00000268,22641.00000000,0
1531175377045,1531175377043,4024990,0.00000268,16980.00000000,0
1531175381272,1531175381271,4024991,0.00000268,2611.00000000,1
1531175381550,1531175381550,4024992,0.00000268,48332.00000000,0
1531175388115,1531175388113,4024993,0.00000269,1497.00000000,0
1531175390544,1531175390542,4024994,0.00000268,2612.00000000,1
1531175391783,1531175391775,4024995,0.00000267,36947.00000000,1
1531175391783,1531175391775,4024996,0.00000266,77519.00000000,1
1531175392711,1531175392711,4024997,0.00000268,37638.00000000,0
1531175394104,1531175394102,4024998,0.00000268,3701.00000000,0
1531175404519,1531175404514,4024999,0.00000268,1672.00000000,0
1531175404519,1531175404514,4025000,0.00000269,80640.00000000,0
1531175415368,1531175415365,4025001,0.00000269,470.00000000,1
1531175428189,1531175428186,4025002,0.00000270,444.00000000,0
1531175428813,1531175428812,4025003,0.00000269,376.00000000,1
1531175431511,1531175431508,4025004,0.00000270,4151.00000000,0
1531175448076,1531175448075,4025005,0.00000269,376.00000000,1
1531175448081,1531175448080,4025006,0.00000269,376.00000000,1
1531175539200,1531175539197,4025007,0.00000269,60475.00000000,1
1531175544454,1531175544452,4025008,0.00000269,2221.00000000,1
1531175568059,1531175568056,4025009,0.00000269,1007.00000000,1
1531175591116,1531175591114,4025010,0.00000269,400.00000000,1
1531175621327,1531175621324,4025011,0.00000270,12813.00000000,0
1531175670642,1531175670639,4025012,0.00000270,3329.00000000,0
1531175676004,1531175676002,4025013,0.00000271,3676.00000000,0
1531175677095,1531175677094,4025014,0.00000269,400.00000000,1
1531175691764,1531175691763,4025015,0.00000271,372.00000000,0
1531175712301,1531175712300,4025016,0.00000269,601.00000000,1
1531175713659,1531175713657,4025017,0.00000271,2000.00000000,0
1531175715310,1531175715309,4025018,0.00000270,3203.00000000,1
1531175725753,1531175725752,4025019,0.00000270,4313.00000000,1
1531175733758,1531175733757,4025020,0.00000271,2917.00000000,0
1531175835624,1531175835621,4025021,0.00000270,485.00000000,1
1531175994124,1531175994122,4025022,0.00000270,88.00000000,1
1531175994684,1531175994682,4025023,0.00000270,1539.00000000,1
1531176015623,1531176015621,4025024,0.00000270,1417.00000000,0
1531176132927,1531176132924,4025025,0.00000269,27559.00000000,1
1531176194905,1531176194904,4025026,0.00000269,2355.00000000,1
1531176459232,1531176459230,4025027,0.00000270,16000.00000000,0
1531176481549,1531176481547,4025028,0.00000270,8530.00000000,0
1531176495982,1531176495980,4025029,0.00000269,42774.00000000,1
1531176496125,1531176496123,4025030,0.00000269,11280.00000000,1
1531176519270,1531176519267,4025031,0.00000269,2626.00000000,1
1531176622783,1531176622780,4025032,0.00000269,27513.00000000,1
1531176623199,1531176623197,4025033,0.00000269,32207.00000000,1
1531176623217,1531176623213,4025034,0.00000269,16401.00000000,1
1531176623343,1531176623341,4025035,0.00000269,21139.00000000,1
1531176623873,1531176623872,4025036,0.00000269,6240.00000000,1
1531176625337,1531176625335,4025037,0.00000269,4214.00000000,1
1531176672199,1531176672198,4025038,0.00000270,48633.00000000,0
1531176693565,1531176693564,4025039,0.00000269,5000.00000000,1
1531176804297,1531176804295,4025040,0.00000269,46512.00000000,1
1531176806321,1531176806320,4025041,0.00000270,344.00000000,0
1531176809331,1531176809330,4025042,0.00000270,1.00000000,0
1531176864730,1531176864730,4025043,0.00000269,2478.00000000,1
1531176958819,1531176958817,4025044,0.00000270,57.00000000,0
1531177005069,1531177005068,4025045,0.00000270,217.00000000,0
1531177048219,1531177048216,4025046,0.00000270,789.00000000,0
1531177073597,1531177073595,4025047,0.00000270,28.00000000,0
1531177095560,1531177095559,4025048,0.00000269,2227.00000000,1
1531177114221,1531177114217,4025049,0.00000269,54689.00000000,1
1531177292091,1531177292091,4025050,0.00000270,254.00000000,0
1531177295125,1531177295124,4025051,0.00000270,1.00000000,0
1531177311613,1531177311610,4025052,0.00000269,9869.00000000,1
1531177330727,1531177330726,4025053,0.00000269,264.00000000,0
1531177333719,1531177333720,4025054,0.00000269,1.00000000,0
1531177382653,1531177382653,4025055,0.00000269,428.00000000,0
1531177391340,1531177391339,4025056,0.00000269,3717.00000000,0
1531177399676,1531177399677,4025057,0.00000269,557.00000000,0
1531177413579,1531177413580,4025058,0.00000269,168.00000000,0
1531177416840,1531177416840,4025059,0.00000269,1.00000000,0
1531177452871,1531177452871,4025060,0.00000269,987.00000000,0
1531177470873,1531177470874,4025061,0.00000268,8492.00000000,1
1531177513087,1531177513089,4025062,0.00000269,446.00000000,0
1531177528424,1531177528424,4025063,0.00000268,38.00000000,1
1531177599491,1531177599492,4025064,0.00000268,791.00000000,1
1531177643915,1531177643916,4025065,0.00000268,82911.00000000,1
1531177747352,1531177747352,4025066,0.00000268,1028.00000000,1
1531177814559,1531177814559,4025067,0.00000269,446.00000000,0
1531177823497,1531177823497,4025068,0.00000268,32.00000000,1
1531177841318,1531177841320,4025069,0.00000269,127.00000000,0
1531177844343,1531177844346,4025070,0.00000269,1.00000000,0
1531177938567,1531177938569,4025071,0.00000268,2197.00000000,1
1531177938882,1531177938883,4025072,0.00000268,2196.00000000,1
1531177940865,1531177940867,4025073,0.00000268,2196.00000000,1
1531177945048,1531177945050,4025074,0.00000269,296.00000000,0
1531177948082,1531177948083,4025075,0.00000269,1.00000000,0
1531178112636,1531178112639,4025076,0.00000269,446.00000000,0
1531178124942,1531178124946,4025077,0.00000268,502.00000000,1
1531178141340,1531178141342,4025078,0.00000269,446.00000000,0
1531178159510,1531178159513,4025079,0.00000269,186.00000000,0
1531178162512,1531178162515,4025080,0.00000269,1.00000000,0
1531178299331,1531178299332,4025081,0.00000268,6709.00000000,1
1531178299331,1531178299332,4025082,0.00000267,9567.00000000,1
1531178359008,1531178359012,4025083,0.00000267,379.00000000,1
1531178359661,1531178359663,4025084,0.00000267,379.00000000,1
1531178379306,1531178379310,4025085,0.00000267,379.00000000,1
1531178380881,1531178380886,4025086,0.00000268,3750.00000000,0
1531178388337,1531178388339,4025087,0.00000267,3109.00000000,1
1531178403413,1531178403417,4025088,0.00000268,993.00000000,0
1531178416311,1531178416314,4025089,0.00000268,447.00000000,0
1531178420951,1531178420956,4025090,0.00000268,2261.00000000,0
1531178441607,1531178441612,4025091,0.00000268,447.00000000,0
1531178457155,1531178457157,4025092,0.00000268,2611.00000000,0
1531178462621,1531178462625,4025093,0.00000267,16715.00000000,1
1531178479057,1531178479062,4025094,0.00000268,1171.00000000,0
1531178565712,1531178565715,4025095,0.00000268,409.00000000,0
1531178568717,1531178568704,4025096,0.00000268,1.00000000,0
1531178588298,1531178588301,4025097,0.00000267,398.00000000,1
1531178589282,1531178589286,4025098,0.00000268,145.00000000,0
1531178592292,1531178592296,4025099,0.00000268,1.00000000,0
1531178596357,1531178596361,4025100,0.00000268,577.00000000,0
1531178609768,1531178609771,4025101,0.00000267,77109.00000000,1
1531178616143,1531178616147,4025102,0.00000267,48076.00000000,1
1531178617640,1531178617642,4025103,0.00000267,11152.00000000,1
1531178619319,1531178619323,4025104,0.00000267,2611.00000000,1
1531178645170,1531178645147,4025105,0.00000268,367.00000000,0
1531178646345,1531178646349,4025106,0.00000268,374.00000000,0
1531178717462,1531178717466,4025107,0.00000268,447.00000000,0
1531178769562,1531178769568,4025108,0.00000268,3731.00000000,0
1531178772720,1531178772724,4025109,0.00000268,500.00000000,0
1531178891698,1531178891704,4025110,0.00000267,9070.00000000,1
1531178902738,1531178902743,4025111,0.00000268,103.00000000,0
1531178905765,1531178905770,4025112,0.00000268,1.00000000,0
1531178939724,1531178939728,4025113,0.00000267,46132.00000000,1
1531178939730,1531178939735,4025114,0.00000267,38930.00000000,1
1531178945231,1531178945237,4025115,0.00000267,2627.00000000,0
1531178945488,1531178945492,4025116,0.00000267,6593.00000000,0
1531178946371,1531178946376,4025117,0.00000266,4995.00000000,1
1531178948447,1531178948452,4025118,0.00000266,5000.00000000,1
1531178969305,1531178969310,4025119,0.00000266,4.00000000,1
1531179006784,1531179006789,4025120,0.00000266,2090.00000000,1
1531179015647,1531179015653,4025121,0.00000266,6108.00000000,1
1531179015932,1531179015938,4025122,0.00000266,46213.00000000,1
1531179020848,1531179020853,4025123,0.00000266,7059.00000000,1
1531179053830,1531179053836,4025124,0.00000267,449.00000000,0
1531179072757,1531179072763,4025125,0.00000267,523.00000000,0
1531179072757,1531179072763,4025126,0.00000268,9477.00000000,0
1531179136011,1531179136017,4025127,0.00000268,3731.00000000,0
1531179170122,1531179170126,4025128,0.00000266,3496.00000000,1
1531179174032,1531179174038,4025129,0.00000268,250.00000000,0
1531179177044,1531179177050,4025130,0.00000268,1.00000000,0
1531179248523,1531179248526,4025131,0.00000266,210752.00000000,1
1531179302077,1531179302082,4025132,0.00000266,32613.00000000,1
1531179314179,1531179314182,4025133,0.00000268,447.00000000,0
1531179318456,1531179318462,4025134,0.00000267,1600.00000000,1
1531179318759,1531179318766,4025135,0.00000267,5576.00000000,1
1531179319143,1531179319149,4025136,0.00000267,6075.00000000,1
1531179343506,1531179343510,4025137,0.00000266,8212.00000000,1
1531179343534,1531179343541,4025138,0.00000266,2466.00000000,0
1531179343548,1531179343553,4025139,0.00000266,2259.00000000,0
1531179343586,1531179343592,4025140,0.00000266,7466.00000000,0
1531179343613,1531179343619,4025141,0.00000266,15018.00000000,0
1531179343626,1531179343632,4025142,0.00000266,15018.00000000,0
1531179344021,1531179344026,4025143,0.00000266,1091.00000000,0
1531179344460,1531179344465,4025144,0.00000266,1158.00000000,0
1531179344460,1531179344465,4025145,0.00000267,1022.00000000,0
1531179346338,1531179346341,4025146,0.00000267,408.00000000,0
1531179347233,1531179347240,4025147,0.00000265,63.00000000,1
1531179347238,1531179347240,4025148,0.00000265,20381.00000000,1
1531179347242,1531179347247,4025149,0.00000265,60.00000000,1
1531179347349,1531179347354,4025150,0.00000267,29857.00000000,0
1531179360739,1531179360744,4025151,0.00000265,1261.00000000,1
1531179363785,1531179363789,4025152,0.00000265,21.00000000,1
1531179380556,1531179380561,4025153,0.00000265,3584.00000000,1
1531179404687,1531179404694,4025154,0.00000265,415.00000000,1
1531179411569,1531179411574,4025155,0.00000265,382.00000000,1
1531179412134,1531179412139,4025156,0.00000265,1144.00000000,1
1531179425286,1531179425291,4025157,0.00000265,755.00000000,1
1531179463988,1531179463989,4025158,0.00000265,27573.00000000,1
1531179463988,1531179463989,4025159,0.00000264,32741.00000000,1
1531179463988,1531179463989,4025160,0.00000264,2000.00000000,1
1531179465702,1531179465709,4025161,0.00000264,60.00000000,1
1531179465736,1531179465743,4025162,0.00000264,63.00000000,1
1531179490643,1531179490649,4025163,0.00000265,575.00000000,1
1531179498761,1531179498765,4025164,0.00000265,6150.00000000,1
1531179512027,1531179512033,4025165,0.00000265,382.00000000,1
1531179512063,1531179512070,4025166,0.00000265,382.00000000,1
1531179512220,1531179512226,4025167,0.00000265,382.00000000,1
1531179519579,1531179519583,4025168,0.00000266,1880.00000000,0
1531179521697,1531179521705,4025169,0.00000266,2435.00000000,0
1531179521697,1531179521705,4025170,0.00000267,3000.00000000,0
1531179521697,1531179521705,4025171,0.00000268,12700.00000000,0
1531179521699,1531179521705,4025172,0.00000265,18699.00000000,1
1531179521699,1531179521705,4025173,0.00000264,62530.00000000,1
1531179521699,1531179521705,4025174,0.00000263,493.00000000,1
1531179521700,1531179521705,4025175,0.00000263,1324.00000000,1
1531179521702,1531179521705,4025176,0.00000263,105928.00000000,1
1531179521891,1531179521896,4025177,0.00000268,7830.00000000,0
1531179525927,1531179525933,4025178,0.00000266,1556.00000000,0
1531179526096,1531179526101,4025179,0.00000266,143.00000000,0
1531179526096,1531179526101,4025180,0.00000268,1301.00000000,0
1531179526432,1531179526437,4025181,0.00000265,5677.00000000,1
1531179526432,1531179526437,4025182,0.00000264,5271.00000000,1
1531179532057,1531179532062,4025183,0.00000264,1851.00000000,1
1531179533437,1531179533442,4025184,0.00000267,2667.00000000,0
1531179539910,1531179539915,4025185,0.00000267,3488.00000000,0
1531179544208,1531179544214,4025186,0.00000268,11608.00000000,0
1531179544976,1531179544981,4025187,0.00000268,5000.00000000,0
1531179558616,1531179558620,4025188,0.00000266,2999.00000000,1
1531179558616,1531179558620,4025189,0.00000265,500.00000000,1
1531179558616,1531179558620,4025190,0.00000264,98.00000000,1
1531179559671,1531179559677,4025191,0.00000265,3330.00000000,0
1531179559676,1531179559682,4025192,0.00000265,1670.00000000,0
1531179562631,1531179562638,4025193,0.00000265,3000.00000000,1
1531179562631,1531179562638,4025194,0.00000264,330.00000000,1
1531179575818,1531179575823,4025195,0.00000265,383.00000000,1
1531179575818,1531179575823,4025196,0.00000264,3334.00000000,1
1531179584281,1531179584285,4025197,0.00000265,533.00000000,0
1531179593340,1531179593346,4025198,0.00000265,38921.00000000,0
1531179593883,1531179593890,4025199,0.00000265,3993.00000000,1
1531179593883,1531179593890,4025200,0.00000264,4423.00000000,1
1531179619809,1531179619816,4025201,0.00000266,451.00000000,0
1531179640555,1531179640561,4025202,0.00000266,163.00000000,0
1531179643577,1531179643583,4025203,0.00000266,1.00000000,0
1531179811016,1531179811023,4025204,0.00000264,627.00000000,1
1531179845098,1531179845104,4025205,0.00000264,9056.00000000,1
1531179867304,1531179867311,4025206,0.00000266,370.00000000,0
1531179870673,1531179870679,4025207,0.00000266,1.00000000,0
1531179918009,1531179918016,4025208,0.00000266,451.00000000,0
1531179976072,1531179976078,4025209,0.00000266,1626.00000000,0
1531179980925,1531179980931,4025210,0.00000266,235.00000000,0
1531179982684,1531179982691,4025211,0.00000266,2430.00000000,0
1531179983941,1531179983948,4025212,0.00000266,1.00000000,0
1531180008662,1531180008667,4025213,0.00000264,3158.00000000,1
1531180015991,1531180015998,4025214,0.00000266,2140.00000000,0
1531180016574,1531180016581,4025215,0.00000264,2234.00000000,1
1531180042750,1531180042757,4025216,0.00000265,3043.00000000,0
1531180042777,1531180042784,4025217,0.00000265,2163.00000000,0
1531180087507,1531180087514,4025218,0.00000266,601.00000000,0
1531180090533,1531180090540,4025219,0.00000266,1.00000000,0
1531180217108,1531180217115,4025220,0.00000266,451.00000000,0
1531180386872,1531180386879,4025221,0.00000264,21967.00000000,1
1531180421582,1531180421590,4025222,0.00000264,5898.00000000,1
1531180434931,1531180434938,4025223,0.00000264,2776.00000000,1
1531180447527,1531180447534,4025224,0.00000264,15287.00000000,1
1531180453842,1531180453851,4025225,0.00000263,60.00000000,1
1531180453872,1531180453877,4025226,0.00000263,63.00000000,1
1531180456153,1531180456160,4025227,0.00000264,625.00000000,0
1531180463758,1531180463766,4025228,0.00000264,5649.00000000,0
1531180468059,1531180468064,4025229,0.00000264,7825.00000000,0
1531180470357,1531180470364,4025230,0.00000263,5593.00000000,1
1531180470818,1531180470824,4025231,0.00000263,5593.00000000,1
1531180480128,1531180480136,4025232,0.00000263,3610.00000000,1
1531180497011,1531180497016,4025233,0.00000263,404.00000000,1
1531180502391,1531180502398,4025234,0.00000264,194.00000000,0
1531180505407,1531180505411,4025235,0.00000264,1.00000000,0
1531180506264,1531180506272,4025236,0.00000264,767.00000000,0
1531180509737,1531180509743,4025237,0.00000264,328.00000000,0
1531180512748,1531180512753,4025238,0.00000264,1.00000000,0
1531180517463,1531180517469,4025239,0.00000264,1074.00000000,0
1531180517979,1531180517987,4025240,0.00000264,454.00000000,0
1531180518512,1531180518518,4025241,0.00000264,378.00000000,0
1531180549159,1531180549165,4025242,0.00000263,6.00000000,1
1531180550428,1531180550433,4025243,0.00000264,3357.00000000,0
1531180558884,1531180558892,4025244,0.00000263,1500.00000000,1
1531180560098,1531180560105,4025245,0.00000264,454.00000000,0
1531180584767,1531180584774,4025246,0.00000264,5607.00000000,0
1531180586153,1531180586159,4025247,0.00000264,5969.00000000,0
1531180669907,1531180669913,4025248,0.00000265,14635.00000000,0
1531180669907,1531180669913,4025249,0.00000266,7975.00000000,0
1531180669907,1531180669913,4025250,0.00000267,41662.00000000,0
1531180669907,1531180669913,4025251,0.00000268,18639.00000000,0
1531180670148,1531180670155,4025252,0.00000265,2272.00000000,1
1531180670580,1531180670587,4025253,0.00000267,82.00000000,0
1531180670670,1531180670678,4025254,0.00000265,3262.00000000,1
1531180671236,1531180671242,4025255,0.00000265,669.00000000,1
1531180672751,1531180672758,4025256,0.00000265,5000.00000000,0
1531180673721,1531180673727,4025257,0.00000265,1262.00000000,0
1531180673747,1531180673754,4025258,0.00000266,1738.00000000,1
1531180675457,1531180675464,4025259,0.00000265,2738.00000000,0
1531180687181,1531180687188,4025260,0.00000265,272.00000000,0
1531180687181,1531180687188,4025261,0.00000266,3000.00000000,0
1531180687181,1531180687188,4025262,0.00000267,501.00000000,0
1531180711906,1531180711913,4025263,0.00000267,3262.00000000,0
1531180748369,1531180748374,4025264,0.00000266,400.00000000,1
1531180812234,1531180812240,4025265,0.00000266,2219.00000000,1
1531180849014,1531180849019,4025266,0.00000266,310.00000000,1
1531180886962,1531180886967,4025267,0.00000266,70.00000000,1
1531180886962,1531180886967,4025268,0.00000265,3618.00000000,1
1531180887249,1531180887255,4025269,0.00000265,33.00000000,1
1531180906983,1531180906989,4025270,0.00000265,52952.00000000,1
1531180954340,1531180954344,4025271,0.00000264,87970.00000000,1
1531180956915,1531180956920,4025272,0.00000264,5471.00000000,0
1531180964309,1531180964313,4025273,0.00000264,7847.00000000,0
1531181000055,1531181000061,4025274,0.00000263,53137.00000000,1
1531181007332,1531181007338,4025275,0.00000263,385.00000000,1
1531181034416,1531181034420,4025276,0.00000264,108.00000000,0
1531181037728,1531181037734,4025277,0.00000264,4048.00000000,0
1531181050268,1531181050272,4025278,0.00000263,7205.00000000,1
1531181089763,1531181089766,4025279,0.00000265,40.00000000,0
1531181103740,1531181103745,4025280,0.00000265,482.00000000,0
1531181116350,1531181116355,4025281,0.00000265,428.00000000,0
1531181133178,1531181133182,4025282,0.00000264,5939.00000000,1
1531181140807,1531181140812,4025283,0.00000265,226.00000000,0
1531181146288,1531181146291,4025284,0.00000265,3773.00000000,0
1531181159128,1531181159131,4025285,0.00000264,16653.00000000,1
1531181209768,1531181209772,4025286,0.00000264,5000.00000000,1
1531181231321,1531181231326,4025287,0.00000264,611.00000000,1
1531181275423,1531181275427,4025288,0.00000265,6.00000000,0
1531181330811,1531181330814,4025289,0.00000264,383.00000000,1
1531181345612,1531181345616,4025290,0.00000264,1819.00000000,1
1531181454460,1531181454463,4025291,0.00000265,68.00000000,0
1531181457482,1531181457486,4025292,0.00000265,1.00000000,0
1531181534455,1531181534458,4025293,0.00000265,32225.00000000,0
1531181535248,1531181535252,4025294,0.00000265,4960.00000000,1
1531181538680,1531181538683,4025295,0.00000266,3000.00000000,0
1531181538975,1531181538979,4025296,0.00000266,2000.00000000,0
1531181541783,1531181541787,4025297,0.00000264,1.00000000,1
1531181560478,1531181560482,4025298,0.00000265,81.00000000,1
1531181616650,1531181616652,4025299,0.00000265,9472.00000000,1
1531181704739,1531181704741,4025300,0.00000265,3773.00000000,0
1531181769233,1531181769235,4025301,0.00000265,38641.00000000,0
1531181789961,1531181789963,4025302,0.00000266,3759.00000000,0
1531181821855,1531181821859,4025303,0.00000265,3533.00000000,1
1531181850655,1531181850658,4025304,0.00000266,511.00000000,0
1531181854971,1531181854975,4025305,0.00000266,1.00000000,0
1531181872727,1531181872731,4025306,0.00000266,16662.00000000,0
1531181957374,1531181957376,4025307,0.00000265,26.00000000,1
1531182047291,1531182047295,4025308,0.00000266,555.00000000,0
1531182063880,1531182063883,4025309,0.00000265,193.00000000,1
1531182075861,1531182075862,4025310,0.00000266,1000.00000000,0
1531182092997,1531182093000,4025311,0.00000265,16645.00000000,1
1531182127153,1531182127156,4025312,0.00000265,15043.00000000,1
1531182133406,1531182133409,4025313,0.00000265,2717.00000000,0
1531182141506,1531182141510,4025314,0.00000264,63134.00000000,1
1531182215811,1531182215815,4025315,0.00000264,3.00000000,1
1531182221180,1531182221182,4025316,0.00000264,7160.00000000,1
1531182313648,1531182313651,4025317,0.00000265,3000.00000000,1
1531182313662,1531182313665,4025318,0.00000265,15160.00000000,0
1531182313665,1531182313669,4025319,0.00000265,15160.00000000,0
1531182313694,1531182313698,4025320,0.00000265,15160.00000000,0
1531182313706,1531182313710,4025321,0.00000265,15206.00000000,0
1531182314305,1531182314308,4025322,0.00000265,1119.00000000,0
1531182314460,1531182314463,4025323,0.00000265,19045.00000000,0
1531182321078,1531182321078,4025324,0.00000264,3000.00000000,1
1531182374871,1531182374873,4025325,0.00000266,5.00000000,0
1531182392023,1531182392025,4025326,0.00000264,16687.00000000,1
1531182457337,1531182457338,4025327,0.00000264,147549.00000000,1
1531182457337,1531182457338,4025328,0.00000263,52451.00000000,1
1531182702686,1531182702687,4025329,0.00000264,9420.00000000,1
1531182858803,1531182858804,4025330,0.00000264,154284.00000000,1
1531182898113,1531182898115,4025331,0.00000263,23952.00000000,1
1531182936347,1531182936349,4025332,0.00000264,2899.00000000,0
1531183028799,1531183028800,4025333,0.00000264,2618.00000000,0
1531183041669,1531183041669,4025334,0.00000264,6645.00000000,0
1531183041687,1531183041688,4025335,0.00000264,11266.00000000,1
1531183041692,1531183041691,4025336,0.00000263,11266.00000000,1
1531183041717,1531183041719,4025337,0.00000263,2626.00000000,1
1531183054412,1531183054411,4025338,0.00000264,1314.00000000,0
1531183099053,1531183099052,4025339,0.00000264,2830.00000000,0
1531183116361,1531183116359,4025340,0.00000263,320012.00000000,1
1531183118772,1531183118773,4025341,0.00000263,1085.00000000,0
1531183138795,1531183138796,4025342,0.00000264,1938.00000000,0
1531183167413,1531183167414,4025343,0.00000263,385.00000000,1
1531183167995,1531183167997,4025344,0.00000263,385.00000000,1
1531183168057,1531183168058,4025345,0.00000263,385.00000000,1
1531183204598,1531183204598,4025346,0.00000263,1331.00000000,1
1531183253659,1531183253660,4025347,0.00000264,3787.00000000,0
1531183259436,1531183259437,4025348,0.00000263,343.00000000,1
1531183276451,1531183276451,4025349,0.00000263,204.00000000,1
1531183276483,1531183276482,4025350,0.00000263,1221.00000000,0
1531183276500,1531183276500,4025351,0.00000263,1221.00000000,0
1531183276504,1531183276505,4025352,0.00000263,2625.00000000,0
1531183278508,1531183278509,4025353,0.00000263,1150.00000000,0
1531183280679,1531183280678,4025354,0.00000262,63.00000000,1
1531183280680,1531183280678,4025355,0.00000262,89351.00000000,1
1531183280681,1531183280678,4025356,0.00000262,18066.00000000,1
1531183280684,1531183280678,4025357,0.00000262,31247.00000000,1
1531183280688,1531183280678,4025358,0.00000262,8293.00000000,1
1531183280688,1531183280678,4025359,0.00000261,24415.00000000,1
1531183280688,1531183280678,4025360,0.00000260,6707.00000000,1
1531183280689,1531183280678,4025361,0.00000260,21096.00000000,1
1531183280690,1531183280678,4025362,0.00000260,1998.00000000,1
1531183280692,1531183280678,4025363,0.00000260,11405.00000000,1
1531183280693,1531183280678,4025364,0.00000260,1012.00000000,1
1531183280693,1531183280678,4025365,0.00000260,2834.00000000,1
1531183280698,1531183280678,4025366,0.00000260,94225.00000000,1
1531183280698,1531183280678,4025367,0.00000260,134220.00000000,1
1531183280708,1531183280708,4025368,0.00000260,3831.00000000,0
1531183280714,1531183280714,4025369,0.00000260,6657.00000000,0
1531183280714,1531183280714,4025370,0.00000261,25086.00000000,0
1531183280715,1531183280715,4025371,0.00000261,26935.00000000,0
1531183280716,1531183280715,4025372,0.00000261,34608.00000000,0
1531183280740,1531183280740,4025373,0.00000261,26968.00000000,0
1531183280784,1531183280784,4025374,0.00000259,60.00000000,1
1531183280786,1531183280784,4025375,0.00000259,178434.00000000,1
1531183280786,1531183280784,4025376,0.00000259,2820.00000000,1
1531183281298,1531183281297,4025377,0.00000261,2000.00000000,0
1531183281422,1531183281422,4025378,0.00000261,3000.00000000,0
1531183281431,1531183281430,4025379,0.00000261,1166.00000000,0
1531183281640,1531183281640,4025380,0.00000260,28607.00000000,0
1531183281980,1531183281980,4025381,0.00000260,393.00000000,0
1531183281996,1531183281996,4025382,0.00000261,4993.00000000,0
1531183282004,1531183282004,4025383,0.00000261,4993.00000000,0
1531183282032,1531183282033,4025384,0.00000261,4993.00000000,0
1531183282834,1531183282833,4025385,0.00000259,555.00000000,1
1531183283425,1531183283425,4025386,0.00000261,2294.00000000,0
1531183283869,1531183283869,4025387,0.00000260,2269.00000000,1
1531183283882,1531183283883,4025388,0.00000261,2294.00000000,0
1531183284884,1531183284883,4025389,0.00000260,731.00000000,1
1531183284884,1531183284883,4025390,0.00000259,3701.00000000,1
1531183285056,1531183285053,4025391,0.00000259,21323.00000000,1
1531183285636,1531183285635,4025392,0.00000259,7376.00000000,1
1531183286836,1531183286836,4025393,0.00000259,12846.00000000,1
1531183287241,1531183287240,4025394,0.00000259,393.00000000,1
1531183288261,1531183288262,4025395,0.00000261,938.00000000,0
1531183288576,1531183288577,4025396,0.00000259,63.00000000,1
1531183289685,1531183289685,4025397,0.00000261,575.00000000,0
1531183290300,1531183290300,4025398,0.00000259,3496.00000000,1
1531183292319,1531183292320,4025399,0.00000260,340.00000000,0
1531183292875,1531183292876,4025400,0.00000260,1119.00000000,0
1531183299390,1531183299387,4025401,0.00000259,3460.00000000,1
1531183299967,1531183299967,4025402,0.00000259,3623.00000000,1
1531183305585,1531183305585,4025403,0.00000259,5491.00000000,1
1531183315316,1531183315315,4025404,0.00000259,3448.00000000,1
1531183315728,1531183315727,4025405,0.00000259,3731.00000000,1
1531183319247,1531183319247,4025406,0.00000260,52273.00000000,0
1531183319286,1531183319286,4025407,0.00000260,2000.00000000,0
1531183319634,1531183319634,4025408,0.00000259,2720.00000000,1
1531183322073,1531183322072,4025409,0.00000260,1000.00000000,0
1531183323360,1531183323359,4025410,0.00000260,20230.00000000,0
1531183324570,1531183324571,4025411,0.00000259,580.00000000,1
1531183327962,1531183327935,4025412,0.00000259,390.00000000,1
1531183328324,1531183328323,4025413,0.00000259,390.00000000,1
1531183328574,1531183328574,4025414,0.00000259,390.00000000,1
1531183328599,1531183328596,4025415,0.00000259,390.00000000,1
1531183328692,1531183328690,4025416,0.00000259,1170.00000000,1
1531183329084,1531183329084,4025417,0.00000259,390.00000000,1
1531183330460,1531183330459,4025418,0.00000259,22668.00000000,1
1531183330912,1531183330913,4025419,0.00000259,407.00000000,1
1531183358353,1531183358352,4025420,0.00000260,12027.00000000,0
1531183372259,1531183372258,4025421,0.00000259,2185.00000000,1
1531183374608,1531183374607,4025422,0.00000260,17687.00000000,0
1531183374792,1531183374793,4025423,0.00000260,15925.00000000,1
1531183378501,1531183378500,4025424,0.00000260,384.00000000,0
1531183383294,1531183383295,4025425,0.00000259,1352.00000000,1
1531183385240,1531183385239,4025426,0.00000259,773.00000000,1
1531183396432,1531183396432,4025427,0.00000259,2076.00000000,1
1531183405205,1531183405205,4025428,0.00000260,64.00000000,0
1531183407230,1531183407229,4025429,0.00000259,71183.00000000,1
1531183408389,1531183408389,4025430,0.00000259,4590.00000000,0
1531183408468,1531183408467,4025431,0.00000258,17143.00000000,1
1531183408468,1531183408467,4025432,0.00000258,26411.00000000,1
1531183408470,1531183408467,4025433,0.00000258,51191.00000000,1
1531183409978,1531183409978,4025434,0.00000259,364.00000000,0
1531183410728,1531183410728,4025435,0.00000258,63.00000000,1
1531183410769,1531183410770,4025436,0.00000258,60.00000000,1
1531183418358,1531183418357,4025437,0.00000259,11423.00000000,0
1531183421214,1531183421214,4025438,0.00000259,17136.00000000,0
1531183431232,1531183431231,4025439,0.00000258,30548.00000000,1
1531183439820,1531183439820,4025440,0.00000258,86359.00000000,1
1531183446107,1531183446106,4025441,0.00000258,91644.00000000,1
1531183446314,1531183446313,4025442,0.00000259,41.00000000,0
1531183481366,1531183481366,4025443,0.00000259,24.00000000,0
1531183497668,1531183497667,4025444,0.00000259,33383.00000000,0
1531183497721,1531183497721,4025445,0.00000259,1846.00000000,1
1531183497736,1531183497737,4025446,0.00000259,2626.00000000,1
1531183498221,1531183498221,4025447,0.00000259,5000.00000000,1
1531183498396,1531183498396,4025448,0.00000259,3000.00000000,1
1531183498498,1531183498498,4025449,0.00000259,47709.00000000,1
1531183499380,1531183499380,4025450,0.00000259,3000.00000000,1
1531183499827,1531183499826,4025451,0.00000260,415.00000000,0
1531183499890,1531183499889,4025452,0.00000260,4646.00000000,0
1531183500814,1531183500811,4025453,0.00000260,677.00000000,0
1531183500884,1531183500883,4025454,0.00000260,774.00000000,0
1531183501306,1531183501306,4025455,0.00000260,1692.00000000,0
1531183508112,1531183508112,4025456,0.00000260,26022.00000000,0
1531183510647,1531183510647,4025457,0.00000259,767.00000000,1
1531183510969,1531183510968,4025458,0.00000259,5607.00000000,1
1531183513432,1531183513432,4025459,0.00000260,4283.00000000,0
1531183515232,1531183515233,4025460,0.00000260,4205.00000000,0
1531183515686,1531183515686,4025461,0.00000259,16988.00000000,1
1531183517427,1531183517426,4025462,0.00000258,2300.00000000,1
1531183519629,1531183519628,4025463,0.00000258,2300.00000000,1
1531183521140,1531183521140,4025464,0.00000258,2300.00000000,1
1531183521828,1531183521828,4025465,0.00000259,96819.00000000,0
1531183525924,1531183525924,4025466,0.00000258,426.00000000,1
1531183592568,1531183592567,4025467,0.00000259,18532.00000000,0
1531183617373,1531183617372,4025468,0.00000259,23200.00000000,0
1531183634689,1531183634687,4025469,0.00000260,36.00000000,0
1531183642798,1531183642798,4025470,0.00000260,3768.00000000,0
1531183657054,1531183657051,4025471,0.00000260,384.00000000,0
1531183661281,1531183661281,4025472,0.00000259,1947.00000000,1
1531183671982,1531183671980,4025473,0.00000260,4421.00000000,0
1531183699807,1531183699806,4025474,0.00000259,8000.00000000,1
1531183708085,1531183708082,4025475,0.00000259,13775.00000000,1
1531183713181,1531183713180,4025476,0.00000260,386.00000000,0
1531183758123,1531183758121,4025477,0.00000259,500.00000000,1
1531183796110,1531183796109,4025478,0.00000259,2234.00000000,1
1531183796349,1531183796348,4025479,0.00000259,452.00000000,1
1531183796785,1531183796783,4025480,0.00000259,4167.00000000,1
1531183802582,1531183802581,4025481,0.00000259,54531.00000000,1
1531183803683,1531183803682,4025482,0.00000258,49044.00000000,1
1531183871396,1531183871394,4025483,0.00000259,500.00000000,1
1531183922070,1531183922066,4025484,0.00000259,544.00000000,0
1531183928536,1531183928535,4025485,0.00000259,23256.00000000,0
1531183929193,1531183929192,4025486,0.00000259,10973.00000000,1
1531183932174,1531183932171,4025487,0.00000260,5000.00000000,0
1531183933207,1531183933207,4025488,0.00000260,5000.00000000,0
1531183937873,1531183937870,4025489,0.00000260,384.00000000,0
1531183940042,1531183940041,4025490,0.00000260,83850.00000000,0
1531183941711,1531183941710,4025491,0.00000260,83.00000000,0
1531183981879,1531183981877,4025492,0.00000260,54.00000000,0
1531183999490,1531183999488,4025493,0.00000260,2945.00000000,0
1531184001442,1531184001442,4025494,0.00000260,1047.00000000,0
1531184031905,1531184031903,4025495,0.00000260,115.00000000,0
1531184034912,1531184034910,4025496,0.00000260,1.00000000,0
1531184110997,1531184110996,4025497,0.00000259,11877.00000000,1
1531184132364,1531184132362,4025498,0.00000259,12840.00000000,1
1531184133057,1531184133055,4025499,0.00000259,100.00000000,0
1531184188164,1531184188162,4025500,0.00000259,3563.00000000,0
1531184189402,1531184189399,4025501,0.00000258,178729.00000000,1
1531184189601,1531184189600,4025502,0.00000258,21959.00000000,0
1531184189610,1531184189608,4025503,0.00000258,2626.00000000,0
1531184190313,1531184190311,4025504,0.00000258,2743.00000000,0
1531184190375,1531184190373,4025505,0.00000258,1672.00000000,0
1531184190375,1531184190373,4025506,0.00000259,424.00000000,0
1531184193352,1531184193344,4025507,0.00000257,52476.00000000,1
1531184193603,1531184193600,4025508,0.00000256,18568.00000000,1
1531184193603,1531184193600,4025509,0.00000256,597.00000000,1
1531184193603,1531184193600,4025510,0.00000256,2414.00000000,1
1531184195601,1531184195598,4025511,0.00000257,6.00000000,0
1531184197490,1531184197487,4025512,0.00000257,487.00000000,0
1531184198958,1531184198955,4025513,0.00000256,595.00000000,1
1531184199761,1531184199758,4025514,0.00000256,10791.00000000,1
1531184199762,1531184199758,4025515,0.00000256,32259.00000000,1
1531184199763,1531184199760,4025516,0.00000256,8969.00000000,1
1531184201617,1531184201615,4025517,0.00000257,22593.00000000,0
1531184203702,1531184203701,4025518,0.00000257,1119.00000000,0
1531184205587,1531184205585,4025519,0.00000257,1974.00000000,0
1531184207512,1531184207509,4025520,0.00000256,416.00000000,1
1531184209045,1531184209042,4025521,0.00000256,13871.00000000,1
1531184209997,1531184209995,4025522,0.00000256,3426.00000000,1
1531184210982,1531184210980,4025523,0.00000256,23765.00000000,1
1531184212801,1531184212798,4025524,0.00000256,564.00000000,1
1531184221147,1531184221145,4025525,0.00000256,3508.00000000,1
1531184229811,1531184229808,4025526,0.00000256,3610.00000000,1
1531184231121,1531184231119,4025527,0.00000256,13965.00000000,1
1531184231121,1531184231119,4025528,0.00000255,4035.00000000,1
1531184231121,1531184231119,4025529,0.00000255,1390.00000000,1
1531184231122,1531184231119,4025530,0.00000255,3645.00000000,1
1531184231122,1531184231119,4025531,0.00000255,1000.00000000,1
1531184231123,1531184231119,4025532,0.00000255,2831.00000000,1
1531184231123,1531184231119,4025533,0.00000255,45233.00000000,1
1531184231467,1531184231465,4025534,0.00000256,7350.00000000,1
1531184232589,1531184232587,4025535,0.00000257,10061.00000000,0
1531184233686,1531184233683,4025536,0.00000257,400.00000000,1
1531184233904,1531184233901,4025537,0.00000257,1225.00000000,1
1531184241012,1531184241009,4025538,0.00000258,465.00000000,0
1531184242074,1531184242071,4025539,0.00000258,4232.00000000,0
1531184248084,1531184248081,4025540,0.00000258,11913.00000000,0
1531184252144,1531184252143,4025541,0.00000258,387.00000000,0
1531184257021,1531184257019,4025542,0.00000257,393.00000000,1
1531184257094,1531184257091,4025543,0.00000257,393.00000000,1
1531184257607,1531184257605,4025544,0.00000257,393.00000000,1
1531184258059,1531184258055,4025545,0.00000257,393.00000000,1
1531184268618,1531184268616,4025546,0.00000258,310.00000000,0
1531184271624,1531184271622,4025547,0.00000258,1.00000000,0
1531184275778,1531184275774,4025548,0.00000258,404.00000000,0
1531184278732,1531184278729,4025549,0.00000258,1.00000000,0
1531184283726,1531184283724,4025550,0.00000257,779.00000000,1
1531184285473,1531184285469,4025551,0.00000257,584.00000000,1
1531184286511,1531184286508,4025552,0.00000257,1362.00000000,1
1531184289123,1531184289121,4025553,0.00000258,290.00000000,0
1531184304662,1531184304659,4025554,0.00000258,1937.00000000,0
1531184312937,1531184312907,4025555,0.00000258,9.00000000,0
1531184322553,1531184322550,4025556,0.00000258,1060.00000000,0
1531184340095,1531184340090,4025557,0.00000258,32854.00000000,0
1531184348572,1531184348569,4025558,0.00000258,22570.00000000,1
1531184369011,1531184369008,4025559,0.00000259,2859.00000000,0
1531184383073,1531184383069,4025560,0.00000259,5039.00000000,0
1531184386035,1531184386031,4025561,0.00000259,5102.00000000,0
1531184403373,1531184403371,4025562,0.00000259,1366.00000000,0
1531184415203,1531184415200,4025563,0.00000259,1349.00000000,0
1531184415289,1531184415285,4025564,0.00000258,5505.00000000,1
1531184416977,1531184416975,4025565,0.00000259,77220.00000000,0
1531184419044,1531184419039,4025566,0.00000259,1955.00000000,0
1531184419559,1531184419555,4025567,0.00000259,5965.00000000,1
1531184422186,1531184422184,4025568,0.00000259,6518.00000000,1
1531184425408,1531184425406,4025569,0.00000258,4484.00000000,1
1531184425827,1531184425825,4025570,0.00000258,4451.00000000,1
1531184427286,1531184427283,4025571,0.00000259,2702.00000000,0
1531184427475,1531184427471,4025572,0.00000259,298.00000000,0
1531184427706,1531184427703,4025573,0.00000259,2404.00000000,1
1531184428325,1531184428321,4025574,0.00000259,8065.00000000,1
1531184431725,1531184431720,4025575,0.00000259,15528.00000000,1
1531184435613,1531184435608,4025576,0.00000259,4997.00000000,1
1531184445387,1531184445383,4025577,0.00000259,5480.00000000,1
1531184452717,1531184452713,4025578,0.00000260,5905.00000000,0
1531184456431,1531184456428,4025579,0.00000259,5729.00000000,1
1531184466581,1531184466578,4025580,0.00000259,4814.00000000,1
1531184472077,1531184472074,4025581,0.00000259,106267.00000000,1
1531184475309,1531184475304,4025582,0.00000258,4814.00000000,1
1531184481333,1531184481331,4025583,0.00000259,447.00000000,0
1531184483107,1531184483103,4025584,0.00000258,16841.00000000,1
1531184485680,1531184485678,4025585,0.00000258,6427.00000000,1
1531184496482,1531184496480,4025586,0.00000258,4962.00000000,1
1531184506910,1531184506907,4025587,0.00000258,4413.00000000,1
1531184514927,1531184514924,4025588,0.00000258,672.00000000,0
1531184518367,1531184518364,4025589,0.00000257,5842.00000000,1
1531184521391,1531184521387,4025590,0.00000258,426.00000000,0
1531184525523,1531184525520,4025591,0.00000257,6430.00000000,1
1531184530389,1531184530386,4025592,0.00000258,1054.00000000,0
1531184536459,1531184536456,4025593,0.00000257,6748.00000000,1
1531184543327,1531184543324,4025594,0.00000258,168.00000000,0
1531184547427,1531184547421,4025595,0.00000257,6776.00000000,1
1531184555446,1531184555442,4025596,0.00000257,6312.00000000,1
1531184560543,1531184560540,4025597,0.00000258,272.00000000,0
1531184566467,1531184566464,4025598,0.00000258,1728.00000000,1
1531184590178,1531184590175,4025599,0.00000258,1279.00000000,0
1531184594808,1531184594805,4025600,0.00000258,54.00000000,0
1531184617734,1531184617730,4025601,0.00000258,547.00000000,1
1531184641143,1531184641140,4025602,0.00000257,1250.00000000,1
1531184699945,1531184699943,4025603,0.00000258,247.00000000,0
1531184702974,1531184702969,4025604,0.00000258,1.00000000,0
1531184713423,1531184713420,4025605,0.00000258,1186.00000000,0
1531184721327,1531184721323,4025606,0.00000258,1160.00000000,0
1531184722150,1531184722147,4025607,0.00000258,426.00000000,0
1531184722714,1531184722710,4025608,0.00000258,280.00000000,0
1531184722714,1531184722710,4025609,0.00000259,1146.00000000,0
1531184735781,1531184735776,4025610,0.00000258,4806.00000000,0
1531184735781,1531184735776,4025611,0.00000259,989.00000000,0
1531184756486,1531184756483,4025612,0.00000257,2241.00000000,1
1531184765586,1531184765581,4025613,0.00000257,2192.00000000,1
1531184776406,1531184776402,4025614,0.00000257,1935.00000000,1
1531184786506,1531184786484,4025615,0.00000257,2077.00000000,1
1531184788054,1531184788049,4025616,0.00000258,2701.00000000,0
1531184795629,1531184795626,4025617,0.00000257,2261.00000000,1
1531184798433,1531184798428,4025618,0.00000258,88.00000000,0
1531184801438,1531184801434,4025619,0.00000258,1.00000000,0
1531184805073,1531184805068,4025620,0.00000257,1691.00000000,1
1531184808359,1531184808356,4025621,0.00000257,499.00000000,1
1531184815205,1531184815200,4025622,0.00000257,1892.00000000,1
1531184826197,1531184826191,4025623,0.00000257,1942.00000000,1
1531184833755,1531184833752,4025624,0.00000258,302.00000000,0
1531184833755,1531184833752,4025625,0.00000259,698.00000000,0
1531184838664,1531184838659,4025626,0.00000258,1755.00000000,0
1531184847173,1531184847170,4025627,0.00000258,2076.00000000,1
1531184855162,1531184855159,4025628,0.00000258,1845.00000000,1
1531184855320,1531184855316,4025629,0.00000258,5000.00000000,1
1531184863780,1531184863774,4025630,0.00000258,4874.00000000,1
1531184863780,1531184863774,4025631,0.00000257,126.00000000,1
1531184865125,1531184865121,4025632,0.00000258,561.00000000,1
1531184875019,1531184875015,4025633,0.00000257,2124.00000000,1
1531184885071,1531184885067,4025634,0.00000257,1873.00000000,1
1531184895166,1531184895162,4025635,0.00000257,1917.00000000,1
1531184895188,1531184895184,4025636,0.00000258,63.00000000,0
1531184905123,1531184905120,4025637,0.00000257,1770.00000000,1
1531184909021,1531184909016,4025638,0.00000258,2000.00000000,0
1531184916238,1531184916234,4025639,0.00000257,1880.00000000,1
1531184926224,1531184926220,4025640,0.00000257,2155.00000000,1
1531184935175,1531184935170,4025641,0.00000257,1745.00000000,1
1531184947171,1531184947167,4025642,0.00000257,1966.00000000,1
1531184955156,1531184955151,4025643,0.00000257,1737.00000000,1
1531184965218,1531184965215,4025644,0.00000257,1994.00000000,1
1531184976227,1531184976223,4025645,0.00000257,1672.00000000,1
1531184986242,1531184986239,4025646,0.00000257,1774.00000000,1
1531184995304,1531184995298,4025647,0.00000257,2001.00000000,1
1531185006347,1531185006344,4025648,0.00000257,1687.00000000,1
1531185018173,1531185018168,4025649,0.00000257,2198.00000000,1
1531185025808,1531185025804,4025650,0.00000257,2045.00000000,1
1531185036178,1531185036173,4025651,0.00000257,2121.00000000,1
1531185047218,1531185047214,4025652,0.00000257,1697.00000000,1
1531185047615,1531185047589,4025653,0.00000258,113.00000000,0
1531185056303,1531185056299,4025654,0.00000257,2095.00000000,1
1531185061066,1531185061063,4025655,0.00000258,65.00000000,0
1531185065456,1531185065452,4025656,0.00000257,1995.00000000,1
1531185075386,1531185075382,4025657,0.00000257,1831.00000000,1
1531185085846,1531185085840,4025658,0.00000257,1876.00000000,1
1531185094795,1531185094791,4025659,0.00000257,1983.00000000,1
1531185105094,1531185105087,4025660,0.00000257,1665.00000000,1
1531185116068,1531185116063,4025661,0.00000257,1755.00000000,1
1531185118073,1531185118070,4025662,0.00000257,3614.00000000,1
1531185125196,1531185125192,4025663,0.00000257,1979.00000000,1
1531185136999,1531185136994,4025664,0.00000257,1681.00000000,1
1531185145083,1531185145078,4025665,0.00000257,2021.00000000,1
1531185153332,1531185153326,4025666,0.00000258,3551.00000000,0
1531185155938,1531185155935,4025667,0.00000257,2047.00000000,1
1531185157459,1531185157453,4025668,0.00000257,24000.00000000,1
1531185167186,1531185167182,4025669,0.00000257,2157.00000000,1
1531185175995,1531185175990,4025670,0.00000257,2165.00000000,1
1531185185030,1531185185025,4025671,0.00000257,2269.00000000,1
1531185194944,1531185194940,4025672,0.00000257,2131.00000000,1
1531185199960,1531185199955,4025673,0.00000257,30119.00000000,1
1531185206045,1531185206038,4025674,0.00000257,1732.00000000,1
1531185215984,1531185215979,4025675,0.00000257,2029.00000000,1
1531185227030,1531185227025,4025676,0.00000257,1955.00000000,1
1531185237980,1531185237976,4025677,0.00000257,2244.00000000,1
1531185244864,1531185244860,4025678,0.00000257,2262.00000000,1
1531185255899,1531185255895,4025679,0.00000257,1732.00000000,1
1531185265147,1531185265143,4025680,0.00000257,2161.00000000,1
1531185275917,1531185275912,4025681,0.00000257,1679.00000000,1
1531185284969,1531185284964,4025682,0.00000257,1915.00000000,1
1531185294895,1531185294891,4025683,0.00000257,1780.00000000,1
1531185305024,1531185305019,4025684,0.00000257,1832.00000000,1
1531185315923,1531185315918,4025685,0.00000257,2212.00000000,1
1531185320118,1531185320112,4025686,0.00000258,15.00000000,0
1531185324952,1531185324948,4025687,0.00000257,2239.00000000,1
1531185336245,1531185336240,4025688,0.00000257,2081.00000000,1
1531185344900,1531185344894,4025689,0.00000257,1861.00000000,1
1531185355106,1531185355100,4025690,0.00000257,2227.00000000,1
1531185365040,1531185365034,4025691,0.00000257,1840.00000000,1
1531185368534,1531185368529,4025692,0.00000257,5861.00000000,1
1531185377228,1531185377224,4025693,0.00000257,2035.00000000,1
1531185386120,1531185386115,4025694,0.00000257,1940.00000000,1
1531185395653,1531185395647,4025695,0.00000258,148.00000000,0
1531185397128,1531185397122,4025696,0.00000257,1798.00000000,1
1531185398664,1531185398659,4025697,0.00000258,1.00000000,0
1531185406146,1531185406140,4025698,0.00000257,2135.00000000,1
1531185416275,1531185416269,4025699,0.00000257,1977.00000000,1
1531185426068,1531185426064,4025700,0.00000257,2169.00000000,1
1531185427327,1531185427321,4025701,0.00000258,38.00000000,0
1531185430349,1531185430344,4025702,0.00000258,1.00000000,0
1531185434967,1531185434961,4025703,0.00000257,1872.00000000,1
1531185444619,1531185444614,4025704,0.00000257,2171.00000000,1
1531185454667,1531185454662,4025705,0.00000257,2031.00000000,1
1531185465657,1531185465652,4025706,0.00000257,2046.00000000,1
1531185474702,1531185474698,4025707,0.00000257,2154.00000000,1
1531185486857,1531185486853,4025708,0.00000257,2170.00000000,1
1531185495663,1531185495659,4025709,0.00000257,2094.00000000,1
1531185505902,1531185505897,4025710,0.00000257,1685.00000000,1
1531185510041,1531185510036,4025711,0.00000258,1595.00000000,0
1531185515733,1531185515700,4025712,0.00000257,2263.00000000,1
1531185525130,1531185525126,4025713,0.00000257,1771.00000000,1
1531185525490,1531185525484,4025714,0.00000258,23.00000000,0
1531185528496,1531185528490,4025715,0.00000258,1.00000000,0
1531185534944,1531185534939,4025716,0.00000257,2204.00000000,1
1531185546893,1531185546887,4025717,0.00000257,2117.00000000,1
1531185554763,1531185554759,4025718,0.00000257,1629.00000000,1
1531185564881,1531185564876,4025719,0.00000257,1965.00000000,1
1531185568821,1531185568814,4025720,0.00000258,5231.00000000,0
1531185574775,1531185574771,4025721,0.00000257,2001.00000000,1
1531185584849,1531185584845,4025722,0.00000257,1925.00000000,1
1531185594982,1531185594977,4025723,0.00000257,2041.00000000,1
1531185605807,1531185605801,4025724,0.00000257,2247.00000000,1
1531185613094,1531185613087,4025725,0.00000257,488.00000000,1
1531185615724,1531185615719,4025726,0.00000257,2202.00000000,1
1531185625754,1531185625749,4025727,0.00000257,2114.00000000,1
1531185635769,1531185635762,4025728,0.00000257,1645.00000000,1
1531185641825,1531185641820,4025729,0.00000257,21067.00000000,1
1531185644828,1531185644824,4025730,0.00000257,1748.00000000,1
1531185653426,1531185653420,4025731,0.00000257,74342.00000000,1
1531185674909,1531185674904,4025732,0.00000257,2402.00000000,1
1531185684817,1531185684812,4025733,0.00000257,2568.00000000,1
1531185690919,1531185690912,4025734,0.00000257,55772.00000000,1
1531185695593,1531185695586,4025735,0.00000257,2234.00000000,0
1531185695867,1531185695861,4025736,0.00000256,2552.00000000,1
1531185697643,1531185697637,4025737,0.00000257,3802.00000000,0
1531185705878,1531185705873,4025738,0.00000256,2450.00000000,1
1531185715888,1531185715884,4025739,0.00000257,5274.00000000,0
1531185716901,1531185716896,4025740,0.00000256,2400.00000000,1
1531185724929,1531185724924,4025741,0.00000256,2082.00000000,1
1531185725172,1531185725167,4025742,0.00000256,19041.00000000,1
1531185735888,1531185735884,4025743,0.00000256,2832.00000000,1
1531185743288,1531185743283,4025744,0.00000256,5033.00000000,1
1531185745788,1531185745781,4025745,0.00000256,3446.00000000,1
1531185754815,1531185754809,4025746,0.00000256,2548.00000000,1
1531185761474,1531185761469,4025747,0.00000257,14955.00000000,0
1531185765923,1531185765917,4025748,0.00000256,2650.00000000,1
1531185775890,1531185775884,4025749,0.00000256,2789.00000000,1
1531185786832,1531185786826,4025750,0.00000256,3178.00000000,1
1531185795088,1531185795084,4025751,0.00000256,3345.00000000,1
1531185804908,1531185804901,4025752,0.00000256,2720.00000000,1
1531185816905,1531185816898,4025753,0.00000256,3567.00000000,1
1531185825845,1531185825839,4025754,0.00000256,3669.00000000,1
1531185835175,1531185835168,4025755,0.00000256,3184.00000000,1
1531185836038,1531185836031,4025756,0.00000256,11363.00000000,1
1531185846264,1531185846258,4025757,0.00000256,3063.00000000,1
1531185856893,1531185856887,4025758,0.00000256,3189.00000000,1
1531185858328,1531185858322,4025759,0.00000257,468.00000000,0
1531185865227,1531185865220,4025760,0.00000256,2623.00000000,1
1531185866346,1531185866339,4025761,0.00000257,820.00000000,0
1531185878018,1531185878012,4025762,0.00000256,3155.00000000,1
1531185882418,1531185882413,4025763,0.00000257,428.00000000,0
1531185884997,1531185884992,4025764,0.00000256,3188.00000000,1
1531185894933,1531185894927,4025765,0.00000256,2922.00000000,1
1531185896418,1531185896411,4025766,0.00000257,30.00000000,0
1531185905061,1531185905055,4025767,0.00000256,2829.00000000,1
1531185914972,1531185914967,4025768,0.00000256,2072.00000000,1
1531185915620,1531185915614,4025769,0.00000257,1058.00000000,0
1531185926050,1531185926045,4025770,0.00000256,2229.00000000,1
1531185935082,1531185935077,4025771,0.00000256,2339.00000000,1
1531185944921,1531185944915,4025772,0.00000256,2478.00000000,1
1531185955050,1531185955044,4025773,0.00000256,2116.00000000,1
1531185965268,1531185965263,4025774,0.00000256,2499.00000000,1
1531185975027,1531185975021,4025775,0.00000256,1935.00000000,1
1531185985015,1531185985010,4025776,0.00000256,1869.00000000,1
1531185996031,1531185996024,4025777,0.00000256,1812.00000000,1
1531186006051,1531186006047,4025778,0.00000256,2153.00000000,1
1531186016047,1531186016040,4025779,0.00000256,1851.00000000,1
1531186026118,1531186026113,4025780,0.00000256,2146.00000000,1
1531186030326,1531186030321,4025781,0.00000256,6518.00000000,1
1531186036246,1531186036240,4025782,0.00000256,2229.00000000,1
1531186045091,1531186045086,4025783,0.00000256,1997.00000000,1
1531186051168,1531186051162,4025784,0.00000256,2184.00000000,1
1531186055050,1531186055045,4025785,0.00000256,2189.00000000,1
1531186059220,1531186059214,4025786,0.00000257,2057.00000000,0
1531186065067,1531186065061,4025787,0.00000256,1679.00000000,1
1531186074981,1531186074974,4025788,0.00000256,2020.00000000,1
1531186085982,1531186085977,4025789,0.00000256,1800.00000000,1
1531186096090,1531186096084,4025790,0.00000256,1938.00000000,1
1531186105028,1531186105022,4025791,0.00000256,2087.00000000,1
1531186113742,1531186113736,4025792,0.00000256,1308.00000000,1
1531186116058,1531186116051,4025793,0.00000256,1920.00000000,1
1531186126451,1531186126445,4025794,0.00000256,1771.00000000,1
1531186130241,1531186130235,4025795,0.00000256,18219.00000000,1
1531186130253,1531186130246,4025796,0.00000256,64315.00000000,0
1531186130271,1531186130266,4025797,0.00000256,8128.00000000,0
1531186135065,1531186135060,4025798,0.00000256,1997.00000000,1
1531186145021,1531186145015,4025799,0.00000256,2033.00000000,1
1531186156155,1531186156150,4025800,0.00000256,706.00000000,1
1531186156186,1531186156181,4025801,0.00000256,1847.00000000,0
1531186165113,1531186165106,4025802,0.00000256,2061.00000000,0
1531186168745,1531186168739,4025803,0.00000255,5102.00000000,1
1531186171074,1531186171068,4025804,0.00000256,250.00000000,0
1531186171479,1531186171474,4025805,0.00000256,294.00000000,0
1531186172496,1531186172490,4025806,0.00000256,3109.00000000,0
1531186175111,1531186175104,4025807,0.00000255,2673.00000000,1
1531186185141,1531186185134,4025808,0.00000255,2273.00000000,1
1531186196057,1531186196050,4025809,0.00000255,2177.00000000,1
1531186201970,1531186201965,4025810,0.00000256,7.00000000,0
1531186208695,1531186208689,4025811,0.00000256,5000.00000000,0
1531186212473,1531186212467,4025812,0.00000256,5350.00000000,1
1531186212501,1531186212495,4025813,0.00000256,26111.00000000,0
1531186215136,1531186215129,4025814,0.00000255,2381.00000000,1
1531186226193,1531186226186,4025815,0.00000255,2276.00000000,1
1531186232193,1531186232187,4025816,0.00000256,3168.00000000,0
1531186245204,1531186245198,4025817,0.00000256,2049.00000000,1
1531186255128,1531186255122,4025818,0.00000256,2088.00000000,1
1531186266167,1531186266162,4025819,0.00000256,2218.00000000,1
1531186276168,1531186276162,4025820,0.00000256,2407.00000000,1
1531186285191,1531186285186,4025821,0.00000256,2274.00000000,1
1531186297143,1531186297138,4025822,0.00000256,2608.00000000,1
1531186306079,1531186306073,4025823,0.00000256,2428.00000000,1
1531186317094,1531186317087,4025824,0.00000256,2353.00000000,1
1531186326067,1531186326061,4025825,0.00000256,2391.00000000,1
1531186337239,1531186337234,4025826,0.00000256,2213.00000000,1
1531186346247,1531186346243,4025827,0.00000256,1736.00000000,1
1531186355160,1531186355153,4025828,0.00000256,1711.00000000,1
1531186366685,1531186366679,4025829,0.00000256,1118.00000000,1
1531186366704,1531186366698,4025830,0.00000256,871.00000000,0
1531186371531,1531186371525,4025831,0.00000256,3273.00000000,0
1531186371531,1531186371525,4025832,0.00000257,11727.00000000,0
1531186373254,1531186373249,4025833,0.00000255,1718.00000000,1
1531186382522,1531186382517,4025834,0.00000256,13333.00000000,0
1531186384620,1531186384615,4025835,0.00000257,2788.00000000,0
1531186385464,1531186385458,4025836,0.00000256,1883.00000000,1
1531186388521,1531186388514,4025837,0.00000257,4739.00000000,0
1531186397241,1531186397234,4025838,0.00000256,2082.00000000,1
1531186406229,1531186406223,4025839,0.00000256,2054.00000000,1
1531186415352,1531186415347,4025840,0.00000257,47.00000000,0
1531186416289,1531186416283,4025841,0.00000256,2029.00000000,1
1531186426195,1531186426190,4025842,0.00000256,2259.00000000,1
1531186435254,1531186435247,4025843,0.00000256,2137.00000000,1
1531186440884,1531186440878,4025844,0.00000257,42.00000000,0
1531186446278,1531186446272,4025845,0.00000256,1995.00000000,1
1531186450505,1531186450498,4025846,0.00000256,3762.00000000,1
1531186455210,1531186455205,4025847,0.00000256,1869.00000000,1
1531186462220,1531186462214,4025848,0.00000257,2396.00000000,0
1531186465235,1531186465230,4025849,0.00000256,2126.00000000,1
1531186476194,1531186476189,4025850,0.00000256,1919.00000000,1
1531186485442,1531186485435,4025851,0.00000256,1785.00000000,1
1531186490033,1531186490028,4025852,0.00000256,3000.00000000,1
1531186495322,1531186495316,4025853,0.00000256,1778.00000000,1
1531186504564,1531186504558,4025854,0.00000256,2551.00000000,1
1531186508264,1531186508259,4025855,0.00000256,1857.00000000,1
1531186515267,1531186515262,4025856,0.00000256,1942.00000000,1
1531186523639,1531186523632,4025857,0.00000257,466.00000000,0
1531186525237,1531186525231,4025858,0.00000256,1734.00000000,1
1531186531514,1531186531509,4025859,0.00000256,4554.00000000,1
1531186537242,1531186537237,4025860,0.00000256,2109.00000000,1
1531186545181,1531186545176,4025861,0.00000256,1887.00000000,1
1531186556194,1531186556190,4025862,0.00000256,2130.00000000,1
