event_time,trade_time,trade_id,price,quantity,maker
1531160272118,1531160272115,7728342,0.00061700,16.21000000,0
1531160273076,1531160273074,7728343,0.00061700,354.25000000,0
1531160278532,1531160278529,7728344,0.00061690,1.64000000,1
1531160279267,1531160279263,7728345,0.00061700,58.13000000,0
1531160279318,1531160279314,7728346,0.00061700,136.61000000,0
1531160283055,1531160283050,7728347,0.00061720,10.35000000,0
1531160283055,1531160283050,7728348,0.00061760,17.50000000,0
1531160283055,1531160283050,7728349,0.00061800,10.04000000,0
1531160285739,1531160285737,7728350,0.00061780,0.88000000,0
1531160293540,1531160293537,7728351,0.00061710,120.95000000,1
1531160298600,1531160298596,7728352,0.00061700,11.47000000,0
1531160300081,1531160300079,7728353,0.00061700,23.29000000,1
1531160311076,1531160311075,7728354,0.00061720,2.43000000,0
1531160311076,1531160311075,7728355,0.00061790,0.26000000,0
1531160312059,1531160312056,7728356,0.00061780,2.99000000,0
1531160312572,1531160312570,7728357,0.00061700,157.37000000,0
1531160312712,1531160312709,7728358,0.00061700,3.33000000,0
1531160312819,1531160312816,7728359,0.00061700,18.90000000,0
1531160314708,1531160314704,7728360,0.00061700,7.40000000,0
1531160314708,1531160314704,7728361,0.00061770,120.69000000,0
1531160314708,1531160314704,7728362,0.00061780,41.91000000,0
1531160316280,1531160316277,7728363,0.00061700,48.61000000,1
1531160317016,1531160317013,7728364,0.00061800,1.78000000,0
1531160317016,1531160317013,7728365,0.00061810,7.06000000,0
1531160317016,1531160317013,7728366,0.00061830,0.62000000,0
1531160319532,1531160319530,7728367,0.00061830,9.46000000,0
1531160323094,1531160323090,7728368,0.00061820,1.70000000,0
1531160323217,1531160323214,7728369,0.00061820,1.70000000,0
1531160323335,1531160323332,7728370,0.00061820,1.70000000,0
1531160323464,1531160323460,7728371,0.00061820,1.70000000,0
1531160323605,1531160323603,7728372,0.00061820,1.70000000,0
1531160325560,1531160325554,7728373,0.00061720,7.12000000,1
1531160325560,1531160325554,7728374,0.00061700,4.87000000,1
1531160325560,1531160325554,7728375,0.00061690,0.31000000,1
1531160325560,1531160325554,7728376,0.00061610,12.58000000,1
1531160325560,1531160325554,7728377,0.00061600,4.23000000,1
1531160325560,1531160325554,7728378,0.00061590,13.48000000,1
1531160325560,1531160325554,7728379,0.00061530,21.38000000,1
1531160337948,1531160337945,7728380,0.00061810,3.89000000,0
1531160339145,1531160339142,7728381,0.00061800,1.72000000,0
1531160358419,1531160358398,7728382,0.00061800,8.94000000,1
1531160358419,1531160358398,7728383,0.00061750,56.06000000,1
1531160362086,1531160362083,7728384,0.00061800,14.00000000,0
1531160364622,1531160364621,7728385,0.00061820,0.03000000,0
1531160374046,1531160374042,7728386,0.00061780,10.42000000,0
1531160380017,1531160380013,7728387,0.00061810,7.12000000,0
1531160380017,1531160380013,7728388,0.00061820,12.22000000,0
1531160380017,1531160380013,7728389,0.00061830,27.25000000,0
1531160380017,1531160380013,7728390,0.00061840,109.37000000,0
1531160380047,1531160380043,7728391,0.00061850,1.62000000,0
1531160380101,1531160380097,7728392,0.00061870,13.42000000,0
1531160380101,1531160380097,7728393,0.00061880,300.00000000,0
1531160381107,1531160381104,7728394,0.00061890,242.05000000,0
1531160381107,1531160381104,7728395,0.00061900,2.43000000,0
1531160386397,1531160386390,7728396,0.00061830,121.05000000,1
1531160386397,1531160386390,7728397,0.00061820,58.00000000,1
1531160386397,1531160386390,7728398,0.00061810,7.52000000,1
1531160386397,1531160386390,7728399,0.00061800,180.00000000,1
1531160386397,1531160386390,7728400,0.00061790,4.82000000,1
1531160386397,1531160386390,7728401,0.00061760,13.45000000,1
1531160386397,1531160386390,7728402,0.00061730,1107.99000000,1
1531160386397,1531160386390,7728403,0.00061710,15.74000000,1
1531160386397,1531160386390,7728404,0.00061540,2.43000000,1
1531160386397,1531160386390,7728405,0.00061520,300.00000000,1
1531160386397,1531160386390,7728406,0.00061460,4.08000000,1
1531160386397,1531160386390,7728407,0.00061450,63.89000000,1
1531160386397,1531160386390,7728408,0.00061440,4.91000000,1
1531160386397,1531160386390,7728409,0.00061410,116.12000000,1
1531160386855,1531160386852,7728410,0.00061420,48.80000000,1
1531160386855,1531160386852,7728411,0.00061410,31.85000000,1
1531160386990,1531160386986,7728412,0.00061410,5.00000000,1
1531160387354,1531160387351,7728413,0.00061720,48.80000000,0
1531160387354,1531160387351,7728414,0.00061730,18.90000000,0
1531160388060,1531160388056,7728415,0.00061730,35.37000000,0
1531160388060,1531160388056,7728416,0.00061830,43.42000000,0
1531160388060,1531160388056,7728417,0.00061930,19.34000000,0
1531160388060,1531160388056,7728418,0.00061940,271.82000000,0
1531160388061,1531160388057,7728419,0.00061940,0.18000000,0
1531160388487,1531160388483,7728420,0.00061830,9.62000000,0
1531160388487,1531160388483,7728421,0.00061980,10.38000000,0
1531160389171,1531160389168,7728422,0.00061760,10.38000000,0
1531160389571,1531160389567,7728423,0.00061760,3.07000000,0
1531160390441,1531160390438,7728424,0.00061750,1.94000000,1
1531160395722,1531160395718,7728425,0.00061810,1.62000000,0
1531160396534,1531160396529,7728426,0.00061810,1.45000000,0
1531160396534,1531160396529,7728427,0.00061820,2.69000000,0
1531160396534,1531160396529,7728428,0.00061890,17.24000000,0
1531160398524,1531160398522,7728429,0.00061790,58.04000000,1
1531160399651,1531160399649,7728430,0.00061800,0.08000000,1
1531160401612,1531160401609,7728431,0.00061890,111.41000000,0
1531160401612,1531160401609,7728432,0.00061900,29.87000000,0
1531160402065,1531160402060,7728433,0.00061930,3.73000000,0
1531160402065,1531160402060,7728434,0.00061970,2.09000000,0
1531160402065,1531160402060,7728435,0.00061990,0.07000000,0
1531160406005,1531160406002,7728436,0.00061990,710.59000000,0
1531160406005,1531160406002,7728437,0.00062000,244.80000000,0
1531160406026,1531160406022,7728438,0.00062000,1964.94000000,0
1531160416027,1531160416024,7728439,0.00061950,58.00000000,0
1531160416027,1531160416024,7728440,0.00061960,76.03000000,0
1531160416439,1531160416436,7728441,0.00061960,17.38000000,1
1531160417155,1531160417152,7728442,0.00062000,534.56000000,0
1531160417176,1531160417172,7728443,0.00062000,685.00000000,0
1531160418761,1531160418758,7728444,0.00062000,2.72000000,0
1531160420114,1531160420111,7728445,0.00062000,9.63000000,0
1531160420816,1531160420813,7728446,0.00061960,145.26000000,1
1531160420820,1531160420817,7728447,0.00061960,58.17000000,1
1531160421441,1531160421437,7728448,0.00062000,573.26000000,0
1531160421888,1531160421886,7728449,0.00061960,2.50000000,1
1531160423183,1531160423180,7728450,0.00062000,91.90000000,0
1531160425644,1531160425641,7728451,0.00062000,455.61000000,0
1531160433484,1531160433480,7728452,0.00062000,173.36000000,0
1531160433499,1531160433495,7728453,0.00062000,318.55000000,0
1531160433593,1531160433589,7728454,0.00061960,105.07000000,1
1531160436636,1531160436632,7728455,0.00062000,800.92000000,0
1531160436949,1531160436946,7728456,0.00061960,171.67000000,1
1531160441003,1531160441001,7728457,0.00061900,3.26000000,0
1531160446504,1531160446501,7728458,0.00061960,3.39000000,0
1531160449811,1531160449810,7728459,0.00061960,2.00000000,0
1531160450990,1531160450986,7728460,0.00061960,24.17000000,0
1531160451012,1531160451008,7728461,0.00062000,1007.93000000,0
1531160451100,1531160451097,7728462,0.00062000,54.73000000,0
1531160451434,1531160451431,7728463,0.00062000,142.57000000,0
1531160451499,1531160451495,7728464,0.00062000,92.99000000,0
1531160451731,1531160451728,7728465,0.00062000,80.65000000,0
1531160452398,1531160452394,7728466,0.00062000,9.50000000,0
1531160456236,1531160456233,7728467,0.00061980,1.00000000,1
1531160461053,1531160461048,7728468,0.00062000,796.48000000,0
1531160461552,1531160461549,7728469,0.00061990,8.76000000,0
1531160461552,1531160461549,7728470,0.00062000,21.24000000,0
1531160462355,1531160462352,7728471,0.00062000,10.18000000,0
1531160463071,1531160463068,7728472,0.00062000,28.98000000,0
1531160464855,1531160464852,7728473,0.00062000,182.00000000,0
1531160464966,1531160464961,7728474,0.00062000,363.90000000,0
1531160470559,1531160470556,7728475,0.00062030,1.62000000,0
1531160473533,1531160473531,7728476,0.00062040,2.63000000,0
1531160482494,1531160482492,7728477,0.00062070,5.17000000,0
1531160482606,1531160482603,7728478,0.00062090,2.42000000,0
1531160482606,1531160482603,7728479,0.00062100,16.79000000,0
1531160485408,1531160485404,7728480,0.00062100,73.06000000,0
1531160485434,1531160485429,7728481,0.00062100,69.77000000,0
1531160485439,1531160485436,7728482,0.00062110,2.10000000,0
1531160485439,1531160485436,7728483,0.00062120,1.61000000,0
1531160485439,1531160485436,7728484,0.00062130,14.17000000,0
1531160485439,1531160485436,7728485,0.00062140,13.36000000,0
1531160488135,1531160488132,7728486,0.00062070,30.00000000,1
1531160488243,1531160488240,7728487,0.00062070,28.00000000,1
1531160490872,1531160490868,7728488,0.00062070,32.00000000,0
1531160491147,1531160491145,7728489,0.00062070,30.00000000,1
1531160491295,1531160491292,7728490,0.00062070,30.00000000,1
1531160491685,1531160491681,7728491,0.00062080,198.44000000,1
1531160492144,1531160492140,7728492,0.00062080,30.00000000,1
1531160492257,1531160492253,7728493,0.00062080,30.00000000,1
1531160492264,1531160492263,7728494,0.00062080,30.00000000,1
1531160493821,1531160493817,7728495,0.00062140,31.24000000,0
1531160493821,1531160493817,7728496,0.00062150,259.87000000,0
1531160494324,1531160494321,7728497,0.00062140,2.42000000,1
1531160498059,1531160498057,7728498,0.00062160,1.61000000,0
1531160498170,1531160498168,7728499,0.00062160,57.77000000,1
1531160498356,1531160498353,7728500,0.00062180,1.70000000,0
1531160498484,1531160498481,7728501,0.00062180,1.70000000,0
1531160498829,1531160498826,7728502,0.00062180,0.32000000,0
1531160498829,1531160498826,7728503,0.00062190,1.38000000,0
1531160498965,1531160498962,7728504,0.00062190,1.70000000,0
1531160499107,1531160499104,7728505,0.00062190,1.70000000,0
1531160500362,1531160500358,7728506,0.00062160,57.77000000,1
1531160500855,1531160500853,7728507,0.00062160,19.26000000,1
1531160500897,1531160500893,7728508,0.00062160,40.67000000,1
1531160502117,1531160502114,7728509,0.00062150,6.68000000,0
1531160512730,1531160512726,7728510,0.00062160,6.32000000,0
1531160512897,1531160512893,7728511,0.00062160,12.90000000,0
1531160514264,1531160514259,7728512,0.00062190,1.68000000,0
1531160515212,1531160515207,7728513,0.00062210,10.95000000,0
1531160515998,1531160515994,7728514,0.00062220,4.10000000,0
1531160516371,1531160516367,7728515,0.00062230,1.61000000,0
1531160516371,1531160516367,7728516,0.00062240,1.61000000,0
1531160516371,1531160516367,7728517,0.00062250,1.61000000,0
1531160516371,1531160516367,7728518,0.00062260,14.81000000,0
1531160518962,1531160518958,7728519,0.00062260,19.25000000,1
1531160519225,1531160519224,7728520,0.00062260,38.75000000,1
1531160519921,1531160519917,7728521,0.00062280,2.41000000,0
1531160519960,1531160519958,7728522,0.00062290,4.14000000,0
1531160519978,1531160519977,7728523,0.00062300,11.58000000,0
1531160519978,1531160519977,7728524,0.00062310,7.56000000,0
1531160519981,1531160519977,7728525,0.00062310,14.77000000,0
1531160520626,1531160520623,7728526,0.00062310,2.49000000,1
1531160520724,1531160520721,7728527,0.00062310,1.91000000,1
1531160522681,1531160522678,7728528,0.00062270,1.80000000,1
1531160527339,1531160527336,7728529,0.00062310,12.79000000,1
1531160528376,1531160528372,7728530,0.00062310,5.50000000,1
1531160531300,1531160531297,7728531,0.00062320,3.84000000,0
1531160531780,1531160531775,7728532,0.00062320,4.80000000,0
1531160538228,1531160538224,7728533,0.00062280,60.00000000,1
1531160542834,1531160542830,7728534,0.00062280,1.94000000,0
1531160542834,1531160542830,7728535,0.00062290,0.17000000,0
1531160554234,1531160554234,7728536,0.00062290,57.51000000,0
1531160555513,1531160555510,7728537,0.00062220,2.42000000,0
1531160556658,1531160556655,7728538,0.00062280,105.78000000,0
1531160559267,1531160559264,7728539,0.00062280,30.00000000,0
1531160562879,1531160562876,7728540,0.00062280,25.00000000,0
1531160569991,1531160569988,7728541,0.00062280,119.31000000,0
1531160569995,1531160569991,7728542,0.00062280,0.12000000,0
1531160569995,1531160569991,7728543,0.00062290,101.42000000,0
1531160569995,1531160569991,7728544,0.00062310,1.61000000,0
1531160569995,1531160569991,7728545,0.00062320,6.95000000,0
1531160569995,1531160569991,7728546,0.00062360,11.13000000,0
1531160569995,1531160569991,7728547,0.00062370,13.09000000,0
1531160569995,1531160569991,7728548,0.00062390,17.75000000,0
1531160571768,1531160571764,7728549,0.00062280,347.82000000,0
1531160572899,1531160572896,7728550,0.00062280,1.70000000,0
1531160573033,1531160573030,7728551,0.00062280,1.70000000,0
1531160573174,1531160573172,7728552,0.00062280,1.70000000,0
1531160573308,1531160573303,7728553,0.00062280,1.70000000,0
1531160573432,1531160573428,7728554,0.00062280,1.70000000,0
1531160574121,1531160574119,7728555,0.00062280,57.43000000,0
1531160574125,1531160574121,7728556,0.00062280,48.17000000,0
1531160574128,1531160574125,7728557,0.00062280,48.17000000,0
1531160574135,1531160574133,7728558,0.00062280,16.06000000,0
1531160578071,1531160578067,7728559,0.00062280,4.99000000,0
1531160584100,1531160584097,7728560,0.00062380,175.80000000,0
1531160591113,1531160591106,7728561,0.00062390,175.80000000,0
1531160591113,1531160591106,7728562,0.00062400,245.35000000,0
1531160594029,1531160594022,7728563,0.00062320,2.41000000,0
1531160594029,1531160594022,7728564,0.00062410,62.71000000,0
1531160594029,1531160594022,7728565,0.00062450,8.50000000,0
1531160594029,1531160594022,7728566,0.00062460,49.77000000,0
1531160594029,1531160594022,7728567,0.00062470,14.94000000,0
1531160594029,1531160594022,7728568,0.00062490,1.61000000,0
1531160594029,1531160594022,7728569,0.00062500,122.84000000,0
1531160597309,1531160597305,7728570,0.00062490,28.88000000,0
1531160597309,1531160597305,7728571,0.00062500,36.50000000,0
1531160598704,1531160598701,7728572,0.00062500,16.35000000,0
1531160600227,1531160600223,7728573,0.00062490,4.80000000,0
1531160600227,1531160600223,7728574,0.00062500,0.65000000,0
1531160604374,1531160604370,7728575,0.00062470,3.20000000,0
1531160611563,1531160611560,7728576,0.00062430,152.00000000,0
1531160611563,1531160611560,7728577,0.00062440,211.38000000,0
1531160611563,1531160611560,7728578,0.00062450,99.00000000,0
1531160611563,1531160611560,7728579,0.00062500,162.73000000,0
1531160614711,1531160614706,7728580,0.00062470,1.61000000,0
1531160614711,1531160614706,7728581,0.00062500,0.09000000,0
1531160614844,1531160614843,7728582,0.00062500,1.70000000,0
1531160614975,1531160614972,7728583,0.00062500,1.70000000,0
1531160615104,1531160615100,7728584,0.00062500,1.70000000,0
1531160615231,1531160615228,7728585,0.00062500,1.70000000,0
1531160615811,1531160615807,7728586,0.00062500,398.49000000,0
1531160615811,1531160615807,7728587,0.00062510,418.11000000,0
1531160615839,1531160615837,7728588,0.00062510,5.30000000,1
1531160616545,1531160616542,7728589,0.00062510,3.20000000,1
1531160618190,1531160618187,7728590,0.00062370,1.95000000,1
1531160621968,1531160621963,7728591,0.00062510,10.45000000,0
1531160621968,1531160621963,7728592,0.00062520,80.65000000,0
1531160621968,1531160621963,7728593,0.00062530,10.14000000,0
1531160625384,1531160625381,7728594,0.00062490,1.92000000,1
1531160625478,1531160625475,7728595,0.00062400,37.73000000,1
1531160638179,1531160638175,7728596,0.00062400,31.74000000,0
1531160639102,1531160639097,7728597,0.00062400,19.18000000,1
1531160639400,1531160639397,7728598,0.00062400,42.92000000,1
1531160641315,1531160641312,7728599,0.00062400,36.03000000,0
1531160646133,1531160646127,7728600,0.00062350,9.58000000,0
1531160646133,1531160646127,7728601,0.00062420,2.41000000,0
1531160646133,1531160646127,7728602,0.00062500,231.21000000,0
1531160647715,1531160647711,7728603,0.00062490,116.00000000,0
1531160647715,1531160647711,7728604,0.00062500,336.63000000,0
1531160647715,1531160647711,7728605,0.00062510,4.09000000,0
1531160647715,1531160647711,7728606,0.00062530,3456.67000000,0
1531160647731,1531160647728,7728607,0.00062530,127.20000000,1
1531160647769,1531160647738,7728608,0.00062320,8.14000000,1
1531160647769,1531160647738,7728609,0.00062320,112.91000000,1
1531160647769,1531160647738,7728610,0.00062140,10.00000000,1
1531160647769,1531160647738,7728611,0.00062120,4.29000000,1
1531160660647,1531160660643,7728612,0.00062350,116.00000000,1
1531160661200,1531160661196,7728613,0.00062420,4.29000000,0
1531160661200,1531160661196,7728614,0.00062460,121.05000000,0
1531160661348,1531160661345,7728615,0.00062500,51.14000000,1
1531160661828,1531160661825,7728616,0.00062500,152.79000000,1
1531160666695,1531160666692,7728617,0.00062500,0.07000000,0
1531160666768,1531160666764,7728618,0.00062500,172.17000000,1
1531160667001,1531160666998,7728619,0.00062500,157.11000000,1
1531160674275,1531160674271,7728620,0.00062470,1.70000000,0
1531160674409,1531160674405,7728621,0.00062470,1.70000000,0
1531160674532,1531160674529,7728622,0.00062470,1.70000000,0
1531160674655,1531160674652,7728623,0.00062470,1.70000000,0
1531160674782,1531160674778,7728624,0.00062470,1.70000000,0
1531160690636,1531160690633,7728625,0.00062450,10.00000000,1
1531160690636,1531160690633,7728626,0.00062430,112.55000000,1
1531160690636,1531160690633,7728627,0.00062420,37.95000000,1
1531160695377,1531160695374,7728628,0.00062500,1.74000000,0
1531160700837,1531160700833,7728629,0.00062420,533.54000000,1
1531160700837,1531160700833,7728630,0.00062410,1034.15000000,1
1531160701030,1531160701027,7728631,0.00062410,16.02000000,0
1531160701030,1531160701027,7728632,0.00062410,48.07000000,0
1531160701043,1531160701040,7728633,0.00062410,16.02000000,0
1531160701058,1531160701054,7728634,0.00062410,16.02000000,0
1531160701121,1531160701118,7728635,0.00062400,4.45000000,1
1531160701555,1531160701556,7728636,0.00062410,3.18000000,0
1531160704245,1531160704241,7728637,0.00062400,91.66000000,1
1531160722786,1531160722783,7728638,0.00062390,9.60000000,0
1531160722787,1531160722783,7728639,0.00062400,112.57000000,0
1531160743843,1531160743838,7728640,0.00062310,58.00000000,1
1531160743843,1531160743838,7728641,0.00062300,170.00000000,1
1531160743843,1531160743838,7728642,0.00062270,7.94000000,1
1531160743843,1531160743838,7728643,0.00062240,113.67000000,1
1531160747559,1531160747556,7728644,0.00062350,1.64000000,0
1531160750725,1531160750720,7728645,0.00062350,6.30000000,0
1531160750725,1531160750720,7728646,0.00062360,15.74000000,0
1531160750725,1531160750720,7728647,0.00062400,15.96000000,0
1531160751014,1531160751011,7728648,0.00062300,11.08000000,1
1531160764411,1531160764409,7728649,0.00062390,1.70000000,0
1531160764536,1531160764533,7728650,0.00062390,1.70000000,0
1531160764669,1531160764665,7728651,0.00062390,1.70000000,0
1531160764795,1531160764789,7728652,0.00062390,1.70000000,0
1531160764922,1531160764918,7728653,0.00062390,1.70000000,0
1531160765489,1531160765485,7728654,0.00062290,4.81000000,1
1531160765489,1531160765485,7728655,0.00062280,75.63000000,1
1531160776557,1531160776553,7728656,0.00062330,201.06000000,1
1531160781185,1531160781182,7728657,0.00062390,1.74000000,0
1531160802456,1531160802452,7728658,0.00062380,8.50000000,0
1531160802456,1531160802452,7728659,0.00062390,34.47000000,0
1531160804618,1531160804614,7728660,0.00062380,3.07000000,0
1531160804618,1531160804614,7728661,0.00062390,11.26000000,0
1531160808082,1531160808079,7728662,0.00062390,1.61000000,0
1531160814579,1531160814576,7728663,0.00062390,1.74000000,0
1531160815359,1531160815354,7728664,0.00062310,14.66000000,1
1531160815365,1531160815361,7728665,0.00062310,14.98000000,1
1531160815518,1531160815514,7728666,0.00062310,13.35000000,1
1531160816246,1531160816245,7728667,0.00062390,1.83000000,0
1531160816268,1531160816263,7728668,0.00062390,346.94000000,0
1531160816268,1531160816263,7728669,0.00062400,117.67000000,0
1531160818137,1531160818133,7728670,0.00062330,58.00000000,0
1531160818173,1531160818170,7728671,0.00062330,58.00000000,0
1531160818301,1531160818296,7728672,0.00062330,34.80000000,0
1531160820449,1531160820445,7728673,0.00062400,22.10000000,0
1531160823417,1531160823412,7728674,0.00062400,1.26000000,0
1531160824707,1531160824704,7728675,0.00062400,6.43000000,0
1531160828266,1531160828261,7728676,0.00062390,27.24000000,1
1531160832064,1531160832060,7728677,0.00062390,689.86000000,1
1531160838042,1531160838037,7728678,0.00062390,550.55000000,1
1531160838042,1531160838037,7728679,0.00062290,101.49000000,1
1531160838042,1531160838037,7728680,0.00062240,121.05000000,1
1531160838042,1531160838037,7728681,0.00062230,25.24000000,1
1531160838042,1531160838037,7728682,0.00062210,2.59000000,1
1531160838206,1531160838202,7728683,0.00062400,111.84000000,0
1531160840330,1531160840326,7728684,0.00062370,4.82000000,0
1531160840330,1531160840326,7728685,0.00062380,32.45000000,0
1531160851858,1531160851854,7728686,0.00062230,6.20000000,1
1531160857250,1531160857246,7728687,0.00062300,58.00000000,1
1531160857439,1531160857435,7728688,0.00062360,1.69000000,0
1531160857566,1531160857563,7728689,0.00062360,0.05000000,0
1531160857566,1531160857563,7728690,0.00062390,1.64000000,0
1531160857687,1531160857684,7728691,0.00062390,1.69000000,0
1531160857809,1531160857807,7728692,0.00062390,1.69000000,0
1531160857942,1531160857941,7728693,0.00062390,1.69000000,0
1531160861985,1531160861984,7728694,0.00062380,32.85000000,0
1531160871595,1531160871592,7728695,0.00062370,65.03000000,0
1531160887767,1531160887763,7728696,0.00062350,2.10000000,0
1531160891184,1531160891179,7728697,0.00062310,1.74000000,1
1531160893558,1531160893554,7728698,0.00062350,12.52000000,0
1531160899673,1531160899670,7728699,0.00062350,23.90000000,0
1531160899673,1531160899670,7728700,0.00062360,78.19000000,0
1531160903124,1531160903120,7728701,0.00062360,2.44000000,0
1531160903124,1531160903120,7728702,0.00062380,57.26000000,0
1531160903141,1531160903138,7728703,0.00062380,144.21000000,0
1531160903150,1531160903146,7728704,0.00062380,0.99000000,0
1531160903154,1531160903151,7728705,0.00062390,1.46000000,0
1531160903154,1531160903151,7728706,0.00062400,21.41000000,0
1531160903154,1531160903151,7728707,0.00062410,121.34000000,0
1531160903262,1531160903258,7728708,0.00062410,208.00000000,0
1531160903285,1531160903282,7728709,0.00062410,160.23000000,0
1531160903559,1531160903555,7728710,0.00062380,24.21000000,1
1531160904396,1531160904394,7728711,0.00062410,343.43000000,0
1531160908573,1531160908569,7728712,0.00062450,1.74000000,0
1531160915923,1531160915922,7728713,0.00062460,2.40000000,0
1531160916046,1531160916041,7728714,0.00062510,1.64000000,0
1531160952951,1531160952950,7728715,0.00062510,0.01000000,0
1531160954886,1531160954882,7728716,0.00062450,6.46000000,1
1531160955197,1531160955193,7728717,0.00062510,9.65000000,0
1531160956112,1531160956107,7728718,0.00062520,16.23000000,0
1531160956112,1531160956107,7728719,0.00062540,4.51000000,0
1531160956112,1531160956107,7728720,0.00062550,79.26000000,0
1531160961930,1531160961926,7728721,0.00062510,4.00000000,1
1531160966753,1531160966747,7728722,0.00062510,86.35000000,1
1531160966753,1531160966747,7728723,0.00062460,119.82000000,1
1531160966753,1531160966747,7728724,0.00062450,298.44000000,1
1531160966753,1531160966747,7728725,0.00062420,153.36000000,1
1531160968847,1531160968843,7728726,0.00062530,4.80000000,0
1531160968847,1531160968843,7728727,0.00062540,30.09000000,0
1531160976229,1531160976226,7728728,0.00062430,1.64000000,1
1531160986528,1531160986526,7728729,0.00062520,1.64000000,0
1531160986528,1531160986526,7728730,0.00062530,0.46000000,0
1531160999916,1531160999912,7728731,0.00062450,8.82000000,1
1531161001897,1531161001894,7728732,0.00062530,18.96000000,0
1531161002179,1531161002175,7728733,0.00062450,61.19000000,1
1531161002396,1531161002392,7728734,0.00062560,123.07000000,0
1531161002396,1531161002392,7728735,0.00062570,103.79000000,0
1531161002396,1531161002392,7728736,0.00062580,426.56000000,0
1531161003198,1531161003194,7728737,0.00062550,2.40000000,0
1531161015997,1531161015993,7728738,0.00062580,150.01000000,0
1531161015997,1531161015993,7728739,0.00062590,673.61000000,0
1531161016048,1531161016044,7728740,0.00062590,1.74000000,1
1531161016073,1531161016069,7728741,0.00062590,19.08000000,1
1531161016164,1531161016160,7728742,0.00062590,7.48000000,1
1531161016420,1531161016414,7728743,0.00062590,92.36000000,1
1531161017658,1531161017655,7728744,0.00062590,50.00000000,1
1531161018619,1531161018617,7728745,0.00062590,9.80000000,1
1531161018741,1531161018738,7728746,0.00062590,0.03000000,1
1531161025028,1531161025024,7728747,0.00062610,46.00000000,0
1531161028382,1531161028379,7728748,0.00062610,19.56000000,0
1531161034734,1531161034730,7728749,0.00062590,16.00000000,1
1531161050329,1531161050327,7728750,0.00062610,1.44000000,0
1531161052412,1531161052411,7728751,0.00062590,1.72000000,1
1531161062737,1531161062733,7728752,0.00062590,15.92000000,1
1531161062855,1531161062851,7728753,0.00062610,3.99000000,0
1531161069116,1531161069113,7728754,0.00062590,729.53000000,1
1531161086662,1531161086658,7728755,0.00062610,1.69000000,0
1531161086722,1531161086719,7728756,0.00062610,2.64000000,0
1531161086812,1531161086807,7728757,0.00062610,1.69000000,0
1531161086945,1531161086941,7728758,0.00062610,1.69000000,0
1531161086966,1531161086961,7728759,0.00062610,57.31000000,0
1531161086966,1531161086961,7728760,0.00062620,78.02000000,0
1531161087302,1531161087296,7728761,0.00062630,1.69000000,0
1531161087440,1531161087437,7728762,0.00062630,1.69000000,0
1531161088229,1531161088224,7728763,0.00062620,6.41000000,1
1531161088474,1531161088469,7728764,0.00062620,1.30000000,1
1531161088610,1531161088607,7728765,0.00062590,19.07000000,0
1531161091026,1531161091023,7728766,0.00062590,277.82000000,0
1531161092083,1531161092077,7728767,0.00062560,231.00000000,1
1531161092083,1531161092077,7728768,0.00062550,693.00000000,1
1531161092083,1531161092077,7728769,0.00062540,4.79000000,1
1531161092109,1531161092106,7728770,0.00062520,334.13000000,0
1531161092113,1531161092109,7728771,0.00062520,28.00000000,0
1531161092136,1531161092133,7728772,0.00062520,28.00000000,0
1531161092141,1531161092139,7728773,0.00062520,319.90000000,0
1531161092164,1531161092163,7728774,0.00062520,50.89000000,0
1531161094158,1531161094155,7728775,0.00062580,1.74000000,1
1531161094304,1531161094301,7728776,0.00062580,119.31000000,1
1531161094754,1531161094749,7728777,0.00062590,0.55000000,0
1531161095673,1531161095669,7728778,0.00062590,213.83000000,0
1531161099039,1531161099036,7728779,0.00062580,8.45000000,0
1531161099039,1531161099036,7728780,0.00062590,774.23000000,0
1531161109071,1531161109068,7728781,0.00062590,1.67000000,0
1531161111810,1531161111805,7728782,0.00062590,6.78000000,0
1531161123651,1531161123647,7728783,0.00062620,58.00000000,0
1531161126189,1531161126185,7728784,0.00062620,34.89000000,1
1531161128077,1531161128073,7728785,0.00062620,3.06000000,1
1531161128173,1531161128168,7728786,0.00062620,117.77000000,1
1531161129429,1531161129424,7728787,0.00062630,24.39000000,0
1531161129657,1531161129653,7728788,0.00062590,1.67000000,1
1531161129657,1531161129653,7728789,0.00062550,3.74000000,1
1531161129657,1531161129653,7728790,0.00062530,94.54000000,1
1531161134430,1531161134426,7728791,0.00062590,3.00000000,1
1531161141566,1531161141561,7728792,0.00062600,94.54000000,0
1531161141566,1531161141561,7728793,0.00062610,68.90000000,0
1531161143439,1531161143435,7728794,0.00062610,112.79000000,0
1531161148495,1531161148491,7728795,0.00062610,8.07000000,0
1531161161882,1531161161878,7728796,0.00062580,6.22000000,0
1531161165117,1531161165113,7728797,0.00062580,51.78000000,0
1531161165173,1531161165168,7728798,0.00062600,15.98000000,1
1531161165212,1531161165208,7728799,0.00062600,393.24000000,1
1531161165727,1531161165723,7728800,0.00062530,64.88000000,1
1531161166885,1531161166882,7728801,0.00062530,8.08000000,1
1531161172216,1531161172211,7728802,0.00062520,539.45000000,1
1531161175821,1531161175819,7728803,0.00062500,24.00000000,1
1531161176186,1531161176181,7728804,0.00062500,0.24000000,1
1531161176186,1531161176181,7728805,0.00062470,137.45000000,1
1531161176225,1531161176219,7728806,0.00062450,329.99000000,1
1531161178951,1531161178948,7728807,0.00062500,9.59000000,0
1531161178951,1531161178948,7728808,0.00062510,47.41000000,0
1531161179029,1531161179026,7728809,0.00062510,9.59000000,0
1531161179272,1531161179268,7728810,0.00062510,9.50000000,1
1531161180733,1531161180729,7728811,0.00062530,0.70000000,0
1531161186815,1531161186811,7728812,0.00062500,1.69000000,0
1531161186945,1531161186941,7728813,0.00062500,1.69000000,0
1531161187063,1531161187059,7728814,0.00062500,1.69000000,0
1531161187191,1531161187189,7728815,0.00062500,1.69000000,0
1531161187320,1531161187316,7728816,0.00062500,1.69000000,0
1531161189388,1531161189383,7728817,0.00062410,43.21000000,1
1531161189388,1531161189383,7728818,0.00062400,181.00000000,1
1531161189413,1531161189408,7728819,0.00062380,230.98000000,1
1531161190706,1531161190702,7728820,0.00062490,27.95000000,0
1531161195464,1531161195459,7728821,0.00062410,2.65000000,0
1531161199995,1531161199992,7728822,0.00062370,4.81000000,1
1531161199995,1531161199992,7728823,0.00062360,17.87000000,1
1531161202211,1531161202206,7728824,0.00062450,1.74000000,0
1531161205685,1531161205682,7728825,0.00062400,72.45000000,0
1531161205690,1531161205686,7728826,0.00062400,16.21000000,0
1531161205746,1531161205741,7728827,0.00062360,11.05000000,1
1531161205749,1531161205744,7728828,0.00062360,1.05000000,1
1531161205749,1531161205744,7728829,0.00062350,2.56000000,1
1531161205786,1531161205782,7728830,0.00062400,17.05000000,0
1531161212675,1531161212670,7728831,0.00062390,3.24000000,0
1531161222644,1531161222641,7728832,0.00062360,119.82000000,0
1531161222644,1531161222641,7728833,0.00062370,28.35000000,0
1531161222644,1531161222641,7728834,0.00062400,106.91000000,0
1531161223128,1531161223125,7728835,0.00062300,19.21000000,1
1531161224817,1531161224812,7728836,0.00062310,4.81000000,1
1531161224817,1531161224812,7728837,0.00062300,14.40000000,1
1531161230198,1531161230194,7728838,0.00062300,270.00000000,1
1531161230198,1531161230194,7728839,0.00062290,2.40000000,1
1531161234198,1531161234193,7728840,0.00062270,235.82000000,1
1531161234217,1531161234213,7728841,0.00062260,115.00000000,1
1531161253142,1531161253138,7728842,0.00062280,58.00000000,1
1531161253142,1531161253138,7728843,0.00062270,57.00000000,1
1531161253165,1531161253161,7728844,0.00062270,57.41000000,0
1531161253624,1531161253623,7728845,0.00062270,58.00000000,0
1531161257936,1531161257932,7728846,0.00062250,5.26000000,1
1531161263879,1531161263874,7728847,0.00062270,1.60000000,0
1531161270863,1531161270859,7728848,0.00062270,20.03000000,0
1531161270879,1531161270875,7728849,0.00062270,20.00000000,0
1531161272245,1531161272241,7728850,0.00062250,114.56000000,1
1531161276205,1531161276202,7728851,0.00062270,1.75000000,0
1531161282886,1531161282884,7728852,0.00062250,174.67000000,0
1531161282886,1531161282884,7728853,0.00062270,105.55000000,0
1531161285076,1531161285071,7728854,0.00062270,2.50000000,0
1531161287093,1531161287088,7728855,0.00062250,77.79000000,1
1531161287093,1531161287088,7728856,0.00062240,94.38000000,1
1531161312385,1531161312379,7728857,0.00062270,1.98000000,1
1531161312385,1531161312379,7728858,0.00062230,15.29000000,1
1531161312385,1531161312379,7728859,0.00062210,4.77000000,1
1531161312385,1531161312379,7728860,0.00062200,171.00000000,1
1531161312385,1531161312379,7728861,0.00062190,455.75000000,1
1531161312385,1531161312379,7728862,0.00062180,1.93000000,1
1531161312385,1531161312379,7728863,0.00062130,13.37000000,1
1531161312385,1531161312379,7728864,0.00062100,1031.62000000,1
1531161312385,1531161312379,7728865,0.00062090,300.00000000,1
1531161312385,1531161312379,7728866,0.00062060,4.29000000,1
1531161312446,1531161312441,7728867,0.00062060,37.16000000,1
1531161312446,1531161312441,7728868,0.00062040,9.72000000,1
1531161312446,1531161312441,7728869,0.00062010,19.39000000,1
1531161312446,1531161312441,7728870,0.00062000,423.73000000,1
1531161312459,1531161312450,7728871,0.00062000,92.57000000,1
1531161312459,1531161312450,7728872,0.00061990,8.07000000,1
1531161312459,1531161312450,7728873,0.00061980,21.38000000,1
1531161312459,1531161312450,7728874,0.00061970,70.95000000,1
1531161312459,1531161312450,7728875,0.00061960,113.00000000,1
1531161312459,1531161312450,7728876,0.00061930,2.09000000,1
1531161312459,1531161312450,7728877,0.00061920,18.00000000,1
1531161312459,1531161312450,7728878,0.00061910,2.41000000,1
1531161312459,1531161312450,7728879,0.00061900,57.45000000,1
1531161312459,1531161312450,7728880,0.00061890,13.67000000,1
1531161312459,1531161312450,7728881,0.00061880,50.55000000,1
1531161312459,1531161312450,7728882,0.00061870,50.86000000,1
1531161312743,1531161312738,7728883,0.00062080,27.00000000,1
1531161312743,1531161312738,7728884,0.00062070,24.98000000,1
1531161314376,1531161314374,7728885,0.00062220,24.98000000,0
1531161315199,1531161315194,7728886,0.00062220,18.35000000,0
1531161316829,1531161316828,7728887,0.00062200,28.55000000,0
1531161320703,1531161320699,7728888,0.00062170,4.81000000,0
1531161320703,1531161320699,7728889,0.00062180,57.75000000,0
1531161324273,1531161324268,7728890,0.00062160,48.26000000,0
1531161326874,1531161326869,7728891,0.00062150,22.31000000,0
1531161328940,1531161328935,7728892,0.00062150,1.83000000,0
1531161329883,1531161329878,7728893,0.00062140,45.73000000,0
1531161329939,1531161329936,7728894,0.00062140,17.11000000,0
1531161330189,1531161330185,7728895,0.00062140,296.67000000,0
1531161330189,1531161330185,7728896,0.00062150,0.10000000,0
1531161339242,1531161339239,7728897,0.00062230,1.89000000,0
1531161341673,1531161341668,7728898,0.00062230,0.01000000,0
1531161341735,1531161341731,7728899,0.00062230,1.18000000,0
1531161351135,1531161351131,7728900,0.00062230,0.16000000,0
1531161353900,1531161353896,7728901,0.00062280,12.86000000,0
1531161354152,1531161354147,7728902,0.00062280,10.21000000,0
1531161358832,1531161358827,7728903,0.00062280,24.00000000,0
1531161360280,1531161360276,7728904,0.00062240,2.09000000,1
1531161361194,1531161361190,7728905,0.00062240,194.91000000,1
1531161362019,1531161362015,7728906,0.00062220,1.75000000,0
1531161362044,1531161362041,7728907,0.00062220,0.20000000,0
1531161362044,1531161362041,7728908,0.00062260,37.68000000,0
1531161365896,1531161365891,7728909,0.00062220,14.77000000,0
1531161373966,1531161373961,7728910,0.00062240,231.00000000,0
1531161375291,1531161375286,7728911,0.00062240,32.00000000,0
1531161377195,1531161377189,7728912,0.00062270,1.69000000,0
1531161377326,1531161377321,7728913,0.00062270,1.69000000,0
1531161377461,1531161377459,7728914,0.00062270,1.69000000,0
1531161377591,1531161377588,7728915,0.00062270,1.69000000,0
1531161377721,1531161377718,7728916,0.00062270,1.69000000,0
1531161377980,1531161377968,7728917,0.00062240,2.41000000,1
1531161380413,1531161380408,7728918,0.00062240,1.63000000,1
1531161380484,1531161380481,7728919,0.00062240,1.63000000,1
1531161389845,1531161389843,7728920,0.00062270,5.07000000,0
1531161390875,1531161390874,7728921,0.00062280,24.36000000,0
1531161393252,1531161393246,7728922,0.00062280,1.63000000,1
1531161395602,1531161395598,7728923,0.00062290,9.62000000,0
1531161397926,1531161397920,7728924,0.00062330,3.25000000,0
1531161402818,1531161402815,7728925,0.00062250,9.00000000,1
1531161403835,1531161403830,7728926,0.00062220,145.00000000,1
1531161404821,1531161404817,7728927,0.00062220,0.89000000,1
1531161404821,1531161404817,7728928,0.00062140,4.11000000,1
1531161407818,1531161407816,7728929,0.00062260,1.75000000,0
1531161410378,1531161410374,7728930,0.00062220,16.07000000,0
1531161410474,1531161410471,7728931,0.00062140,1.59000000,1
1531161410474,1531161410471,7728932,0.00062130,13.37000000,1
1531161410500,1531161410497,7728933,0.00062130,353.89000000,0
1531161410500,1531161410497,7728934,0.00062130,19.76000000,0
1531161411746,1531161411741,7728935,0.00062210,2.50000000,0
1531161431889,1531161431886,7728936,0.00062120,64.00000000,1
1531161432827,1531161432825,7728937,0.00062120,0.31000000,1
1531161432827,1531161432825,7728938,0.00062090,79.69000000,1
1531161433965,1531161433960,7728939,0.00062190,16.08000000,0
1531161435258,1531161435253,7728940,0.00062170,30.00000000,0
1531161435293,1531161435289,7728941,0.00062170,30.00000000,0
1531161435296,1531161435293,7728942,0.00062170,0.20000000,0
1531161435826,1531161435823,7728943,0.00062170,29.00000000,1
1531161436766,1531161436761,7728944,0.00062170,0.80000000,1
1531161437200,1531161437197,7728945,0.00062160,44.36000000,0
1531161437836,1531161437831,7728946,0.00062060,44.00000000,1
1531161438833,1531161438831,7728947,0.00062040,6.00000000,1
1531161440825,1531161440821,7728948,0.00062100,79.00000000,1
1531161441825,1531161441821,7728949,0.00062100,0.92000000,1
1531161441825,1531161441821,7728950,0.00062040,0.17000000,1
1531161441825,1531161441821,7728951,0.00062030,7.91000000,1
1531161445689,1531161445685,7728952,0.00062030,1.61000000,1
1531161445720,1531161445716,7728953,0.00062030,0.14000000,1
1531161445720,1531161445716,7728954,0.00062020,12.86000000,1
1531161446848,1531161446843,7728955,0.00062120,57.00000000,0
1531161447839,1531161447834,7728956,0.00062120,30.52000000,0
1531161451304,1531161451300,7728957,0.00062090,30.00000000,0
1531161451337,1531161451310,7728958,0.00062090,30.00000000,0
1531161453255,1531161453251,7728959,0.00062090,30.00000000,0
1531161480342,1531161480339,7728960,0.00062090,3.31000000,1
1531161480831,1531161480828,7728961,0.00062090,5.00000000,1
1531161481749,1531161481745,7728962,0.00062130,6.17000000,0
1531161481749,1531161481745,7728963,0.00062140,9.92000000,0
1531161497211,1531161497186,7728964,0.00062140,25.65000000,0
1531161505292,1531161505288,7728965,0.00062130,31.47000000,0
1531161505841,1531161505836,7728966,0.00062100,40.00000000,1
1531161510756,1531161510751,7728967,0.00062100,0.04000000,1
1531161516826,1531161516820,7728968,0.00062090,2.00000000,1
1531161519693,1531161519690,7728969,0.00062090,0.18000000,1
1531161520356,1531161520352,7728970,0.00062020,0.50000000,1
1531161539406,1531161539401,7728971,0.00062100,1.63000000,0
1531161539457,1531161539454,7728972,0.00062100,10.64000000,1
1531161539756,1531161539752,7728973,0.00062100,19.12000000,1
1531161552170,1531161552166,7728974,0.00062100,2.94000000,0
1531161555710,1531161555707,7728975,0.00062100,32.20000000,0
1531161558967,1531161558962,7728976,0.00062100,1.69000000,0
1531161559090,1531161559086,7728977,0.00062100,1.69000000,0
1531161559220,1531161559216,7728978,0.00062100,1.69000000,0
1531161559348,1531161559344,7728979,0.00062100,1.69000000,0
1531161559471,1531161559467,7728980,0.00062100,1.69000000,0
1531161566587,1531161566582,7728981,0.00062040,6.00000000,1
1531161569384,1531161569379,7728982,0.00062040,2.29000000,1
1531161578831,1531161578826,7728983,0.00062070,58.00000000,1
1531161578969,1531161578963,7728984,0.00062040,1.99000000,1
1531161581085,1531161581081,7728985,0.00062100,24.10000000,0
1531161585349,1531161585344,7728986,0.00062100,1.75000000,0
1531161608703,1531161608699,7728987,0.00062100,173.68000000,0
1531161609294,1531161609290,7728988,0.00062100,20.32000000,1
1531161609294,1531161609290,7728989,0.00062090,11.41000000,1
1531161615890,1531161615887,7728990,0.00062110,58.00000000,1
1531161617844,1531161617841,7728991,0.00062090,0.53000000,1
1531161617844,1531161617841,7728992,0.00062080,54.47000000,1
1531161618109,1531161618104,7728993,0.00062130,70.50000000,0
1531161618109,1531161618106,7728994,0.00062140,79.83000000,0
1531161618128,1531161618124,7728995,0.00062140,79.83000000,0
1531161618131,1531161618129,7728996,0.00062140,7.54000000,0
1531161618634,1531161618631,7728997,0.00062140,80.65000000,0
1531161620193,1531161620190,7728998,0.00062140,2.15000000,0
1531161620193,1531161620190,7728999,0.00062150,16.80000000,0
1531161620223,1531161620218,7729000,0.00062150,18.94000000,0
1531161624601,1531161624596,7729001,0.00062130,27.50000000,1
1531161629927,1531161629922,7729002,0.00062140,119.85000000,1
1531161632832,1531161632828,7729003,0.00062130,91.00000000,1
1531161636951,1531161636948,7729004,0.00062130,0.06000000,1
1531161637833,1531161637829,7729005,0.00062100,179.00000000,1
1531161642571,1531161642567,7729006,0.00062100,0.70000000,1
1531161644006,1531161644002,7729007,0.00062100,1.69000000,0
1531161644132,1531161644128,7729008,0.00062100,1.69000000,0
1531161644269,1531161644266,7729009,0.00062100,1.69000000,0
1531161644396,1531161644390,7729010,0.00062100,1.69000000,0
1531161644530,1531161644528,7729011,0.00062100,1.69000000,0
1531161645820,1531161645816,7729012,0.00062100,110.70000000,0
1531161645820,1531161645816,7729013,0.00062110,411.19000000,0
1531161648828,1531161648824,7729014,0.00062140,2.00000000,0
1531161649076,1531161649072,7729015,0.00062140,0.20000000,0
1531161649076,1531161649072,7729016,0.00062150,137.08000000,0
1531161649834,1531161649831,7729017,0.00062150,120.00000000,0
1531161651832,1531161651828,7729018,0.00062150,0.42000000,0
1531161651832,1531161651828,7729019,0.00062190,8.58000000,0
1531161656436,1531161656432,7729020,0.00062190,0.10000000,0
1531161664841,1531161664835,7729021,0.00062190,0.86000000,0
1531161664841,1531161664835,7729022,0.00062220,9.14000000,0
1531161666830,1531161666827,7729023,0.00062220,0.86000000,0
1531161666830,1531161666827,7729024,0.00062230,2.14000000,0
1531161667503,1531161667498,7729025,0.00062140,0.91000000,1
1531161667838,1531161667835,7729026,0.00062190,125.00000000,0
1531161682636,1531161682634,7729027,0.00062150,30.00000000,1
1531161686272,1531161686268,7729028,0.00062160,0.77000000,1
1531161687926,1531161687922,7729029,0.00062210,1.68000000,0
1531161691086,1531161691081,7729030,0.00062190,16.07000000,1
1531161691424,1531161691420,7729031,0.00062230,1.96000000,0
1531161695803,1531161695799,7729032,0.00062150,19.22000000,1
1531161706057,1531161706051,7729033,0.00062160,5.71000000,1
1531161706057,1531161706051,7729034,0.00062150,8.31000000,1
1531161706057,1531161706051,7729035,0.00062140,7.94000000,1
1531161706057,1531161706051,7729036,0.00062110,34.47000000,1
1531161719701,1531161719697,7729037,0.00062110,194.00000000,1
1531161724835,1531161724830,7729038,0.00062110,298.00000000,1
1531161725442,1531161725438,7729039,0.00062110,58.00000000,1
1531161725749,1531161725745,7729040,0.00062110,58.00000000,1
1531161726483,1531161726478,7729041,0.00062120,309.27000000,0
1531161726536,1531161726531,7729042,0.00062170,10.82000000,1
1531161726723,1531161726719,7729043,0.00062170,1.91000000,1
1531161726723,1531161726719,7729044,0.00062110,132.20000000,1
1531161728885,1531161728881,7729045,0.00062110,1.69000000,0
1531161729021,1531161729016,7729046,0.00062110,1.69000000,0
1531161729154,1531161729150,7729047,0.00062110,1.69000000,0
1531161729289,1531161729285,7729048,0.00062110,1.69000000,0
1531161729421,1531161729416,7729049,0.00062110,1.69000000,0
1531161734831,1531161734829,7729050,0.00062180,12.05000000,0
1531161740011,1531161739972,7729051,0.00062180,11.40000000,0
1531161740011,1531161739989,7729052,0.00062180,11.39000000,0
1531161764163,1531161764157,7729053,0.00062200,1.69000000,0
1531161764299,1531161764293,7729054,0.00062200,1.69000000,0
1531161764433,1531161764432,7729055,0.00062200,1.69000000,0
1531161764559,1531161764553,7729056,0.00062200,1.69000000,0
1531161764697,1531161764691,7729057,0.00062200,1.69000000,0
1531161769082,1531161769080,7729058,0.00062190,194.00000000,0
1531161769082,1531161769080,7729059,0.00062200,44.98000000,0
1531161769082,1531161769080,7729060,0.00062210,125.00000000,0
1531161769110,1531161769107,7729061,0.00062230,1.19000000,0
1531161770241,1531161770239,7729062,0.00062230,177.00000000,0
1531161770241,1531161770239,7729063,0.00062240,1.61000000,0
1531161775846,1531161775841,7729064,0.00062280,9.00000000,0
1531161776840,1531161776837,7729065,0.00062280,0.64000000,0
1531161776840,1531161776837,7729066,0.00062300,12.36000000,0
1531161778850,1531161778846,7729067,0.00062290,113.00000000,0
1531161783438,1531161783434,7729068,0.00062280,55.71000000,0
1531161783503,1531161783497,7729069,0.00062280,11.21000000,1
1531161783511,1531161783506,7729070,0.00062280,41.29000000,1
1531161783636,1531161783631,7729071,0.00062280,10.82000000,1
1531161786242,1531161786238,7729072,0.00062310,58.00000000,0
1531161786242,1531161786238,7729073,0.00062320,58.00000000,0
1531161786242,1531161786238,7729074,0.00062330,45.34000000,0
1531161789849,1531161789844,7729075,0.00062350,6.00000000,0
1531161790839,1531161790835,7729076,0.00062350,0.27000000,0
1531161790839,1531161790835,7729077,0.00062360,3.73000000,0
1531161792256,1531161792252,7729078,0.00062300,19.17000000,1
1531161794839,1531161794835,7729079,0.00062360,0.28000000,0
1531161794839,1531161794835,7729080,0.00062380,1.72000000,0
1531161795487,1531161795484,7729081,0.00062320,18.53000000,1
1531161795528,1531161795524,7729082,0.00062320,19.17000000,1
1531161801846,1531161801842,7729083,0.00062380,0.69000000,0
1531161801846,1531161801842,7729084,0.00062390,5.31000000,0
1531161803555,1531161803552,7729085,0.00062350,4.94000000,1
1531161804174,1531161804145,7729086,0.00062350,6.41000000,1
1531161804366,1531161804362,7729087,0.00062360,2.50000000,1
1531161805532,1531161805529,7729088,0.00062370,1.61000000,0
1531161819574,1531161819570,7729089,0.00062370,18.99000000,0
1531161821845,1531161821843,7729090,0.00062360,4.00000000,0
1531161835852,1531161835847,7729091,0.00062360,0.01000000,0
1531161835852,1531161835847,7729092,0.00062380,29.99000000,0
1531161837989,1531161837984,7729093,0.00062380,0.01000000,0
1531161837989,1531161837984,7729094,0.00062390,0.95000000,0
1531161837989,1531161837984,7729095,0.00062400,1.61000000,0
1531161837989,1531161837984,7729096,0.00062410,3.70000000,0
1531161837989,1531161837984,7729097,0.00062460,2.40000000,0
1531161837989,1531161837984,7729098,0.00062480,12.33000000,0
1531161843639,1531161843634,7729099,0.00062490,493.90000000,0
1531161843658,1531161843654,7729100,0.00062500,17.00000000,0
1531161844423,1531161844419,7729101,0.00062490,1063.15000000,0
1531161844423,1531161844419,7729102,0.00062500,0.31000000,0
1531161844839,1531161844835,7729103,0.00062510,4.00000000,0
1531161844951,1531161844948,7729104,0.00062490,2.57000000,1
1531161845784,1531161845781,7729105,0.00062490,2.04000000,1
1531161846363,1531161846359,7729106,0.00062490,2.50000000,1
1531161846383,1531161846378,7729107,0.00062510,0.03000000,0
1531161846383,1531161846378,7729108,0.00062540,5.97000000,0
1531161847623,1531161847621,7729109,0.00062540,0.48000000,0
1531161847623,1531161847621,7729110,0.00062550,1.21000000,0
1531161847663,1531161847658,7729111,0.00062550,12.86000000,0
1531161847762,1531161847757,7729112,0.00062560,1.69000000,0
1531161847893,1531161847889,7729113,0.00062560,1.69000000,0
1531161848013,1531161848009,7729114,0.00062560,1.69000000,0
1531161848135,1531161848132,7729115,0.00062560,1.69000000,0
1531161848842,1531161848838,7729116,0.00062560,48.00000000,0
1531161854853,1531161854851,7729117,0.00062560,0.14000000,0
1531161854853,1531161854851,7729118,0.00062570,42.86000000,0
1531161855280,1531161855275,7729119,0.00062570,1.08000000,0
1531161855280,1531161855275,7729120,0.00062600,3.70000000,0
1531161855280,1531161855275,7729121,0.00062610,4.03000000,0
1531161855280,1531161855275,7729122,0.00062620,6.04000000,0
1531161855280,1531161855275,7729123,0.00062630,182.51000000,0
1531161857945,1531161857942,7729124,0.00062630,3377.56000000,0
1531161857969,1531161857967,7729125,0.00062640,8.00000000,0
1531161857982,1531161857982,7729126,0.00062630,7.44000000,1
1531161858163,1531161858159,7729127,0.00062630,5.82000000,1
1531161858553,1531161858550,7729128,0.00062560,171.99000000,1
1531161859841,1531161859838,7729129,0.00062640,0.05000000,0
1531161859841,1531161859838,7729130,0.00062650,1.95000000,0
1531161860843,1531161860839,7729131,0.00062650,0.47000000,0
1531161860843,1531161860839,7729132,0.00062680,12.53000000,0
1531161862855,1531161862850,7729133,0.00062680,0.97000000,0
1531161862855,1531161862850,7729134,0.00062690,46.03000000,0
1531161869212,1531161869203,7729135,0.00062690,1.29000000,0
1531161869212,1531161869203,7729136,0.00062700,40.11000000,0
1531161869212,1531161869203,7729137,0.00062710,39.01000000,0
1531161869212,1531161869203,7729138,0.00062720,13.24000000,0
1531161869212,1531161869203,7729139,0.00062730,6.87000000,0
1531161869212,1531161869203,7729140,0.00062740,3.51000000,0
1531161869212,1531161869203,7729141,0.00062750,242.56000000,0
1531161869212,1531161869203,7729142,0.00062760,128.47000000,0
1531161869212,1531161869203,7729143,0.00062770,46.31000000,0
1531161869212,1531161869203,7729144,0.00062780,10.20000000,0
1531161869212,1531161869203,7729145,0.00062790,79.43000000,0
1531161876329,1531161876325,7729146,0.00062650,12.12000000,1
1531161878488,1531161878484,7729147,0.00062660,4.64000000,1
1531161879113,1531161879109,7729148,0.00062690,17.01000000,1
1531161881589,1531161881586,7729149,0.00062690,2.40000000,1
1531161881783,1531161881779,7729150,0.00062690,1.60000000,1
1531161881955,1531161881953,7729151,0.00062690,1.60000000,1
1531161883477,1531161883473,7729152,0.00062760,1.61000000,0
1531161883759,1531161883755,7729153,0.00062760,1.61000000,0
1531161884169,1531161884164,7729154,0.00062760,2.10000000,0
1531161884194,1531161884191,7729155,0.00062760,8.69000000,0
1531161884357,1531161884356,7729156,0.00062760,4.83000000,0
1531161889832,1531161889826,7729157,0.00062770,1.69000000,0
1531161891816,1531161891812,7729158,0.00062700,3.98000000,1
1531161894803,1531161894799,7729159,0.00062710,0.03000000,1
1531161894974,1531161894970,7729160,0.00062710,0.30000000,1
1531161898859,1531161898854,7729161,0.00062770,2.01000000,0
1531161900904,1531161900901,7729162,0.00062690,201.48000000,1
1531161900932,1531161900928,7729163,0.00062690,96.72000000,1
1531161901332,1531161901327,7729164,0.00062690,34.00000000,1
1531161901347,1531161901344,7729165,0.00062690,17.01000000,1
1531161903186,1531161903182,7729166,0.00062760,12.45000000,0
1531161903186,1531161903182,7729167,0.00062770,13.13000000,0
1531161904256,1531161904254,7729168,0.00062770,3.54000000,0
1531161904362,1531161904360,7729169,0.00062770,1.61000000,0
1531161904625,1531161904621,7729170,0.00062770,1.91000000,0
1531161906444,1531161906439,7729171,0.00062770,2.42000000,0
1531161906870,1531161906864,7729172,0.00062690,1.40000000,1
1531161910003,1531161909998,7729173,0.00062770,1.60000000,0
1531161912030,1531161912026,7729174,0.00062770,7.95000000,0
1531161913199,1531161913195,7729175,0.00062770,15.26000000,0
1531161913199,1531161913195,7729176,0.00062780,1.95000000,0
1531161913199,1531161913195,7729177,0.00062790,2.79000000,0
1531161914834,1531161914830,7729178,0.00062700,4.78000000,1
1531161914957,1531161914952,7729179,0.00062700,7.33000000,0
1531161916378,1531161916375,7729180,0.00062770,120.70000000,1
1531161927239,1531161927235,7729181,0.00062710,1.60000000,0
1531161936368,1531161936364,7729182,0.00062700,10.00000000,1
1531161941514,1531161941508,7729183,0.00062690,210.91000000,1
1531161942855,1531161942852,7729184,0.00062720,4.00000000,0
1531161954716,1531161954710,7729185,0.00062720,0.78000000,0
1531161954716,1531161954710,7729186,0.00062730,2.40000000,0
1531161954716,1531161954710,7729187,0.00062760,1.60000000,0
1531161954716,1531161954710,7729188,0.00062790,11.16000000,0
1531161959781,1531161959777,7729189,0.00062780,18.99000000,0
1531161963043,1531161963040,7729190,0.00062780,18.99000000,0
1531161964350,1531161964346,7729191,0.00062700,7.78000000,0
1531161972419,1531161972414,7729192,0.00062780,2.46000000,0
1531161978271,1531161978270,7729193,0.00062690,4.78000000,1
1531161978296,1531161978292,7729194,0.00062680,40.00000000,1
1531161978296,1531161978292,7729195,0.00062660,867.39000000,1
1531161978697,1531161978696,7729196,0.00062690,119.71000000,1
1531161981458,1531161981454,7729197,0.00062750,4.78000000,0
1531161994557,1531161994552,7729198,0.00062690,58.00000000,0
1531161994557,1531161994552,7729199,0.00062700,105.84000000,0
1531161994557,1531161994552,7729200,0.00062750,13.77000000,0
1531162000793,1531162000789,7729201,0.00062750,28.60000000,0
1531162020407,1531162020402,7729202,0.00062620,438.76000000,1
1531162020884,1531162020879,7729203,0.00062610,10.00000000,1
1531162024894,1531162024891,7729204,0.00062590,22.00000000,1
1531162029326,1531162029321,7729205,0.00062670,1.74000000,0
1531162033802,1531162033800,7729206,0.00062620,1.69000000,0
1531162033941,1531162033939,7729207,0.00062620,1.69000000,0
1531162034074,1531162034070,7729208,0.00062620,1.69000000,0
1531162034198,1531162034194,7729209,0.00062620,1.69000000,0
1531162034547,1531162034546,7729210,0.00062620,0.80000000,0
1531162034547,1531162034546,7729211,0.00062630,0.89000000,0
1531162036624,1531162036621,7729212,0.00062490,1.69000000,1
1531162036748,1531162036746,7729213,0.00062470,1.69000000,1
1531162036877,1531162036873,7729214,0.00062470,0.70000000,1
1531162036877,1531162036873,7729215,0.00062430,0.99000000,1
1531162037001,1531162036996,7729216,0.00062440,1.69000000,1
1531162037148,1531162037143,7729217,0.00062450,1.69000000,1
1531162037303,1531162037285,7729218,0.00062630,1.69000000,0
1531162037424,1531162037419,7729219,0.00062630,1.69000000,0
1531162037564,1531162037560,7729220,0.00062630,1.69000000,0
1531162037688,1531162037681,7729221,0.00062630,1.69000000,0
1531162037824,1531162037819,7729222,0.00062630,1.69000000,0
1531162038071,1531162038067,7729223,0.00062430,2.26000000,1
1531162038071,1531162038067,7729224,0.00062420,1.93000000,1
1531162038071,1531162038067,7729225,0.00062340,3.81000000,1
1531162038380,1531162038375,7729226,0.00062630,73.81000000,0
1531162038380,1531162038375,7729227,0.00062650,2.39000000,0
1531162038456,1531162038452,7729228,0.00062670,19.06000000,1
1531162038607,1531162038604,7729229,0.00062670,13.64000000,1
1531162038889,1531162038885,7729230,0.00062670,33.00000000,1
1531162039722,1531162039718,7729231,0.00062670,0.85000000,1
1531162040888,1531162040887,7729232,0.00062670,15.20000000,0
1531162062598,1531162062595,7729233,0.00062510,38.71000000,1
1531162062621,1531162062616,7729234,0.00062500,178.37000000,0
1531162062633,1531162062630,7729235,0.00062500,96.72000000,0
1531162062638,1531162062634,7729236,0.00062500,178.68000000,0
1531162062674,1531162062668,7729237,0.00062500,178.37000000,0
1531162062895,1531162062890,7729238,0.00062500,16.00000000,0
1531162068664,1531162068660,7729239,0.00062500,0.86000000,0
1531162068857,1531162068850,7729240,0.00062500,114.14000000,1
1531162068857,1531162068850,7729241,0.00062490,532.00000000,1
1531162068857,1531162068850,7729242,0.00062480,139.00000000,1
1531162068857,1531162068850,7729243,0.00062470,58.00000000,1
1531162068904,1531162068898,7729244,0.00062470,23.58000000,0
1531162068977,1531162068974,7729245,0.00062470,19.12000000,0
1531162068981,1531162068980,7729246,0.00062470,57.37000000,0
1531162068986,1531162068986,7729247,0.00062470,41.15000000,0
1531162081501,1531162081497,7729248,0.00062470,16.13000000,1
1531162084887,1531162084883,7729249,0.00062470,156.00000000,0
1531162086996,1531162086992,7729250,0.00062460,1.74000000,1
1531162088047,1531162088044,7729251,0.00062470,0.94000000,0
1531162093341,1531162093337,7729252,0.00062690,3.19000000,0
1531162097994,1531162097988,7729253,0.00062540,1.74000000,1
1531162101248,1531162101242,7729254,0.00062560,2.50000000,1
1531162101574,1531162101570,7729255,0.00062690,1.60000000,0
1531162101586,1531162101582,7729256,0.00062690,48.40000000,1
1531162101601,1531162101597,7729257,0.00062560,11.39000000,1
1531162107402,1531162107398,7729258,0.00062580,30.39000000,1
1531162111522,1531162111519,7729259,0.00062560,68.21000000,1
1531162116740,1531162116735,7729260,0.00062490,208.11000000,1
1531162116740,1531162116735,7729261,0.00062480,57.00000000,1
1531162116772,1531162116768,7729262,0.00062480,23.78000000,0
1531162116775,1531162116771,7729263,0.00062480,23.54000000,0
1531162116784,1531162116783,7729264,0.00062480,23.78000000,0
1531162117284,1531162117279,7729265,0.00062480,532.79000000,0
1531162146073,1531162146069,7729266,0.00062480,171.70000000,1
1531162146471,1531162146466,7729267,0.00062480,10.10000000,0
1531162146895,1531162146890,7729268,0.00062470,101.00000000,1
1531162146965,1531162146960,7729269,0.00062480,80.65000000,0
1531162148887,1531162148886,7729270,0.00062470,0.46000000,1
1531162148887,1531162148886,7729271,0.00062460,100.54000000,1
1531162154915,1531162154912,7729272,0.00062470,80.65000000,0
1531162164775,1531162164772,7729273,0.00062480,80.65000000,1
1531162164775,1531162164772,7729274,0.00062470,57.00000000,1
1531162165102,1531162165097,7729275,0.00062470,58.00000000,0
1531162165112,1531162165108,7729276,0.00062470,125.44000000,0
1531162166287,1531162166283,7729277,0.00062550,4.79000000,0
1531162167369,1531162167364,7729278,0.00062550,74.78000000,1
1531162175538,1531162175535,7729279,0.00062480,0.03000000,1
1531162176700,1531162176696,7729280,0.00062560,8.17000000,0
1531162176700,1531162176696,7729281,0.00062670,10.63000000,0
1531162185525,1531162185519,7729282,0.00062560,22.61000000,0
1531162185544,1531162185539,7729283,0.00062560,22.61000000,0
1531162185561,1531162185557,7729284,0.00062470,4.91000000,1
1531162185561,1531162185557,7729285,0.00062460,0.14000000,1
1531162185605,1531162185601,7729286,0.00062560,74.49000000,0
1531162185605,1531162185601,7729287,0.00062570,6.16000000,0
1531162186024,1531162186018,7729288,0.00062570,75.96000000,0
1531162193359,1531162193354,7729289,0.00062640,4.91000000,0
1531162193359,1531162193354,7729290,0.00062650,1.29000000,0
1531162193971,1531162193965,7729291,0.00062540,5.10000000,1
1531162193971,1531162193965,7729292,0.00062530,119.71000000,1
1531162193971,1531162193965,7729293,0.00062520,284.00000000,1
1531162193971,1531162193965,7729294,0.00062510,37.99000000,1
1531162197292,1531162197286,7729295,0.00062600,5.10000000,0
1531162197292,1531162197286,7729296,0.00062610,119.71000000,0
1531162197309,1531162197306,7729297,0.00062620,230.00000000,0
1531162219395,1531162219390,7729298,0.00062510,19.02000000,1
1531162219817,1531162219811,7729299,0.00062510,38.98000000,1
1531162219838,1531162219833,7729300,0.00062500,15.31000000,1
1531162219925,1531162219921,7729301,0.00062460,0.39000000,1
1531162219925,1531162219921,7729302,0.00062340,6.38000000,1
1531162219925,1531162219921,7729303,0.00062340,16.09000000,1
1531162223890,1531162223885,7729304,0.00062500,19.09000000,0
1531162227150,1531162227145,7729305,0.00062510,19.09000000,0
1531162228902,1531162228898,7729306,0.00062510,38.00000000,0
1531162230015,1531162230010,7729307,0.00062500,19.11000000,0
1531162235201,1531162235196,7729308,0.00062480,1.74000000,0
1531162236215,1531162236210,7729309,0.00062490,1.61000000,0
1531162238209,1531162238204,7729310,0.00062490,1.69000000,0
1531162238333,1531162238331,7729311,0.00062490,1.69000000,0
1531162238483,1531162238455,7729312,0.00062490,1.69000000,0
1531162238593,1531162238589,7729313,0.00062490,1.69000000,0
1531162238731,1531162238727,7729314,0.00062490,1.69000000,0
1531162240320,1531162240316,7729315,0.00062420,1.69000000,1
1531162240441,1531162240437,7729316,0.00062430,1.69000000,1
1531162240573,1531162240568,7729317,0.00062430,1.69000000,1
1531162240704,1531162240699,7729318,0.00062430,1.69000000,1
1531162240834,1531162240830,7729319,0.00062430,1.69000000,1
1531162240963,1531162240959,7729320,0.00062490,1.69000000,0
1531162241094,1531162241091,7729321,0.00062490,1.69000000,0
1531162241232,1531162241226,7729322,0.00062490,0.94000000,0
1531162241232,1531162241226,7729323,0.00062500,0.75000000,0
1531162241361,1531162241358,7729324,0.00062500,1.69000000,0
1531162241490,1531162241486,7729325,0.00062500,1.69000000,0
1531162242900,1531162242895,7729326,0.00062500,15.00000000,0
1531162248596,1531162248592,7729327,0.00062500,0.73000000,0
1531162251898,1531162251894,7729328,0.00062560,7.00000000,0
1531162257235,1531162257229,7729329,0.00062560,0.64000000,0
1531162259067,1531162259061,7729330,0.00062570,101.96000000,1
1531162259067,1531162259061,7729331,0.00062560,180.72000000,1
1531162259067,1531162259061,7729332,0.00062550,458.40000000,1
1531162259067,1531162259061,7729333,0.00062540,9.96000000,1
1531162259067,1531162259061,7729334,0.00062500,461.88000000,1
1531162264619,1531162264613,7729335,0.00062640,9.36000000,0
1531162264619,1531162264613,7729336,0.00062650,120.82000000,0
1531162264619,1531162264613,7729337,0.00062660,46.70000000,0
1531162265256,1531162265252,7729338,0.00062670,30.43000000,0
1531162265267,1531162265262,7729339,0.00062670,30.43000000,0
1531162276432,1531162276429,7729340,0.00062620,57.16000000,0
1531162276437,1531162276433,7729341,0.00062620,0.84000000,0
1531162277344,1531162277340,7729342,0.00062630,1.74000000,1
1531162283211,1531162283207,7729343,0.00062660,30.42000000,0
1531162283221,1531162283218,7729344,0.00062660,0.01000000,0
1531162284186,1531162284181,7729345,0.00062680,1.27000000,0
1531162288082,1531162288077,7729346,0.00062670,19.59000000,0
1531162309566,1531162309561,7729347,0.00062630,54.64000000,1
1531162309566,1531162309561,7729348,0.00062520,22.84000000,1
1531162309566,1531162309561,7729349,0.00062500,59.66000000,1
1531162310863,1531162310859,7729350,0.00062650,9.56000000,0
1531162311387,1531162311384,7729351,0.00062660,2.12000000,0
1531162311387,1531162311384,7729352,0.00062680,16.93000000,0
1531162315748,1531162315743,7729353,0.00062680,23.51000000,0
1531162315782,1531162315777,7729354,0.00062680,6.21000000,0
1531162366633,1531162366629,7729355,0.00062700,5.34000000,0
1531162368643,1531162368640,7729356,0.00062750,5.48000000,0
1531162376251,1531162376244,7729357,0.00062750,13.52000000,0
1531162376251,1531162376244,7729358,0.00062770,19.43000000,0
1531162376251,1531162376244,7729359,0.00062780,28.05000000,0
1531162380419,1531162380414,7729360,0.00062770,1.96000000,0
1531162384905,1531162384900,7729361,0.00062760,58.00000000,0
1531162384905,1531162384900,7729362,0.00062780,2321.72000000,0
1531162384945,1531162384940,7729363,0.00062780,252.68000000,1
1531162386908,1531162386904,7729364,0.00062790,103.00000000,0
1531162386959,1531162386955,7729365,0.00062710,5.00000000,1
1531162387911,1531162387905,7729366,0.00062790,0.67000000,0
1531162387911,1531162387905,7729367,0.00062800,31.33000000,0
1531162399039,1531162399034,7729368,0.00062800,1.63000000,0
1531162399068,1531162399066,7729369,0.00062810,11.00000000,0
1531162399108,1531162399102,7729370,0.00062800,3.80000000,1
1531162399386,1531162399382,7729371,0.00062800,22.51000000,1
1531162400499,1531162400495,7729372,0.00062780,15.10000000,0
1531162400516,1531162400510,7729373,0.00062780,6.00000000,0
1531162400691,1531162400686,7729374,0.00062740,20.74000000,1
1531162402064,1531162402062,7729375,0.00062750,1.41000000,1
1531162402916,1531162402910,7729376,0.00062810,0.16000000,0
1531162402916,1531162402910,7729377,0.00062820,49.84000000,0
1531162403860,1531162403854,7729378,0.00062760,53.09000000,1
1531162403905,1531162403899,7729379,0.00062820,0.63000000,0
1531162403905,1531162403899,7729380,0.00062830,85.37000000,0
1531162404910,1531162404903,7729381,0.00062840,42.00000000,0
1531162406902,1531162406896,7729382,0.00062840,0.19000000,0
1531162406902,1531162406896,7729383,0.00062850,8.81000000,0
1531162408736,1531162408730,7729384,0.00062850,1.05000000,0
1531162408736,1531162408730,7729385,0.00062860,3.51000000,0
1531162408736,1531162408730,7729386,0.00062870,14.08000000,0
1531162409911,1531162409907,7729387,0.00062870,2.00000000,0
1531162410379,1531162410374,7729388,0.00062860,8.04000000,1
1531162412927,1531162412923,7729389,0.00062870,0.33000000,0
1531162412927,1531162412923,7729390,0.00062880,239.67000000,0
1531162414999,1531162414994,7729391,0.00062830,3.57000000,1
1531162415911,1531162415905,7729392,0.00062880,9.38000000,0
1531162415970,1531162415965,7729393,0.00062880,3.47000000,0
1531162416350,1531162416346,7729394,0.00062830,1.73000000,1
1531162418172,1531162418167,7729395,0.00062870,536.47000000,1
1531162418289,1531162418284,7729396,0.00062830,2.88000000,1
1531162418382,1531162418377,7729397,0.00062830,191.82000000,1
1531162423187,1531162423182,7729398,0.00062870,47.70000000,0
1531162424449,1531162424444,7729399,0.00062870,20.00000000,0
1531162430364,1531162430359,7729400,0.00062870,2.09000000,0
1531162430915,1531162430909,7729401,0.00062870,1.77000000,0
1531162431149,1531162431144,7729402,0.00062870,3.22000000,0
1531162431611,1531162431607,7729403,0.00062870,8.00000000,0
1531162432107,1531162432102,7729404,0.00062840,25.47000000,1
1531162432356,1531162432351,7729405,0.00062840,9.55000000,1
1531162433706,1531162433700,7729406,0.00062870,83.75000000,0
1531162433925,1531162433920,7729407,0.00062870,63.00000000,0
1531162450077,1531162450074,7729408,0.00062870,2.40000000,0
1531162450768,1531162450764,7729409,0.00062870,7.38000000,0
1531162451434,1531162451430,7729410,0.00062870,160.20000000,0
1531162451506,1531162451502,7729411,0.00062870,183.71000000,1
1531162454233,1531162454227,7729412,0.00062840,200.00000000,1
1531162456093,1531162456089,7729413,0.00062830,185.00000000,1
1531162456175,1531162456171,7729414,0.00062830,18.99000000,0
1531162456253,1531162456248,7729415,0.00062830,48.65000000,0
1531162456309,1531162456304,7729416,0.00062840,9.35000000,1
1531162456660,1531162456655,7729417,0.00062840,9.35000000,0
1531162456747,1531162456742,7729418,0.00062840,191.65000000,1
1531162456833,1531162456829,7729419,0.00062840,57.00000000,1
1531162459983,1531162459980,7729420,0.00062810,0.70000000,1
1531162461927,1531162461925,7729421,0.00062810,191.65000000,1
1531162464443,1531162464438,7729422,0.00062820,2.25000000,1
1531162465450,1531162465445,7729423,0.00062820,200.00000000,1
1531162468587,1531162468581,7729424,0.00062810,523.51000000,1
1531162473581,1531162473577,7729425,0.00062800,796.18000000,1
1531162475543,1531162475539,7729426,0.00062730,5.46000000,1
1531162480755,1531162480751,7729427,0.00062730,0.18000000,1
1531162482440,1531162482436,7729428,0.00062750,119.12000000,1
1531162483941,1531162483936,7729429,0.00062800,8.75000000,0
1531162504796,1531162504790,7729430,0.00062750,8.77000000,1
1531162505473,1531162505469,7729431,0.00062750,23.10000000,1
1531162505473,1531162505469,7729432,0.00062670,1.14000000,1
1531162508875,1531162508871,7729433,0.00062800,0.01000000,0
1531162508875,1531162508871,7729434,0.00062840,3.65000000,0
1531162510882,1531162510876,7729435,0.00062700,4.18000000,1
1531162511620,1531162511615,7729436,0.00062810,1.99000000,0
1531162511620,1531162511615,7729437,0.00062820,119.12000000,0
1531162511620,1531162511615,7729438,0.00062830,162.37000000,0
1531162524100,1531162524096,7729439,0.00062860,1.68000000,0
1531162524436,1531162524433,7729440,0.00062860,1.68000000,0
1531162524569,1531162524563,7729441,0.00062860,0.82000000,0
1531162524569,1531162524563,7729442,0.00062870,0.86000000,0
1531162524693,1531162524688,7729443,0.00062870,1.68000000,0
1531162524827,1531162524822,7729444,0.00062870,1.68000000,0
1531162527265,1531162527260,7729445,0.00062690,1.68000000,1
1531162527397,1531162527393,7729446,0.00062690,1.68000000,1
1531162527528,1531162527524,7729447,0.00062690,1.68000000,1
1531162527656,1531162527655,7729448,0.00062690,1.68000000,1
1531162527794,1531162527788,7729449,0.00062690,1.68000000,1
1531162527917,1531162527912,7729450,0.00062850,1.68000000,0
1531162528055,1531162528049,7729451,0.00062840,1.68000000,0
1531162528188,1531162528183,7729452,0.00062840,1.68000000,0
1531162528322,1531162528317,7729453,0.00062840,1.68000000,0
1531162528445,1531162528441,7729454,0.00062840,1.68000000,0
1531162528991,1531162528987,7729455,0.00062840,6.33000000,0
1531162529988,1531162529982,7729456,0.00062840,6.33000000,0
1531162530982,1531162530977,7729457,0.00062840,1.01000000,0
1531162530982,1531162530977,7729458,0.00062850,5.32000000,0
1531162531998,1531162531993,7729459,0.00062850,1.60000000,0
1531162553058,1531162553054,7729460,0.00062770,29.26000000,1
1531162568976,1531162568971,7729461,0.00062750,1.74000000,1
1531162568976,1531162568971,7729462,0.00062740,58.00000000,1
1531162570026,1531162570020,7729463,0.00062740,31.39000000,0
1531162581632,1531162581628,7729464,0.00062750,2.73000000,1
1531162596165,1531162596161,7729465,0.00062770,1.75000000,0
1531162599756,1531162599750,7729466,0.00062760,19.84000000,1
1531162600235,1531162600230,7729467,0.00062770,71.12000000,0
1531162601085,1531162601082,7729468,0.00062770,0.01000000,0
1531162639044,1531162639039,7729469,0.00062800,5.00000000,1
1531162641225,1531162641221,7729470,0.00062850,1.73000000,0
1531162645004,1531162645001,7729471,0.00062850,96.67000000,0
1531162645004,1531162645001,7729472,0.00062870,27.23000000,0
1531162648475,1531162648470,7729473,0.00062850,23.93000000,1
1531162664049,1531162664044,7729474,0.00062870,42.35000000,0
1531162667308,1531162667304,7729475,0.00062830,1.88000000,1
1531162668842,1531162668836,7729476,0.00062870,61.00000000,0
1531162669503,1531162669498,7729477,0.00062870,15.52000000,0
1531162669547,1531162669541,7729478,0.00062870,34.47000000,1
1531162669563,1531162669559,7729479,0.00062870,0.01000000,1
1531162669563,1531162669559,7729480,0.00062830,12.48000000,1
1531162672701,1531162672697,7729481,0.00062830,47.74000000,0
1531162672890,1531162672888,7729482,0.00062830,77.40000000,0
1531162681341,1531162681336,7729483,0.00062880,104.00000000,0
1531162692553,1531162692547,7729484,0.00062880,48.19000000,0
1531162693608,1531162693602,7729485,0.00062880,33.67000000,1
1531162693870,1531162693865,7729486,0.00062890,1.00000000,0
1531162710320,1531162710312,7729487,0.00062890,19.42000000,0
1531162710320,1531162710312,7729488,0.00062910,18.03000000,0
1531162710320,1531162710312,7729489,0.00062920,7.95000000,0
1531162710320,1531162710312,7729490,0.00062930,23.27000000,0
1531162710320,1531162710312,7729491,0.00062940,37.94000000,0
1531162710320,1531162710312,7729492,0.00062950,173.45000000,0
1531162712205,1531162712199,7729493,0.00062870,1.73000000,1
1531162732605,1531162732600,7729494,0.00062920,200.00000000,1
1531162732605,1531162732600,7729495,0.00062910,57.00000000,1
1531162733216,1531162733210,7729496,0.00062910,1.73000000,0
1531162733216,1531162733210,7729497,0.00062920,38.27000000,0
1531162735855,1531162735851,7729498,0.00062900,4.00000000,0
1531162736083,1531162736078,7729499,0.00062900,4.00000000,0
1531162737355,1531162737350,7729500,0.00062880,86.75000000,1
1531162737355,1531162737350,7729501,0.00062870,66.97000000,1
1531162741561,1531162741556,7729502,0.00062920,16.93000000,0
1531162741609,1531162741603,7729503,0.00062920,39.40000000,1
1531162742462,1531162742456,7729504,0.00062920,5.52000000,1
1531162750468,1531162750464,7729505,0.00062920,34.88000000,0
1531162755384,1531162755379,7729506,0.00062920,3.99000000,0
1531162755504,1531162755497,7729507,0.00062920,1.70000000,1
1531162756460,1531162756454,7729508,0.00062920,288.39000000,1
1531162771875,1531162771869,7729509,0.00062930,3.48000000,1
1531162772537,1531162772532,7729510,0.00062930,25.00000000,1
1531162794578,1531162794573,7729511,0.00062930,154.20000000,1
1531162797682,1531162797676,7729512,0.00062930,41.58000000,1
1531162808423,1531162808421,7729513,0.00062940,383.22000000,0
1531162809031,1531162809025,7729514,0.00062930,54.07000000,1
1531162810003,1531162809997,7729515,0.00062940,2.76000000,0
1531162810894,1531162810888,7729516,0.00062930,26.90000000,1
1531162817342,1531162817337,7729517,0.00062940,46.11000000,0
1531162819196,1531162819192,7729518,0.00062940,3.18000000,0
1531162825211,1531162825208,7729519,0.00062930,1.73000000,1
1531162829150,1531162829143,7729520,0.00062930,10.82000000,1
1531162831479,1531162831474,7729521,0.00062940,8.83000000,0
1531162845295,1531162845290,7729522,0.00062940,8.00000000,0
1531162845857,1531162845852,7729523,0.00062930,108.15000000,1
1531162852769,1531162852764,7729524,0.00062930,13.93000000,1
1531162861935,1531162861928,7729525,0.00062940,1.73000000,0
1531162864503,1531162864499,7729526,0.00062940,56.87000000,0
1531162865098,1531162865095,7729527,0.00062940,27.29000000,0
1531162865474,1531162865469,7729528,0.00062930,427.84000000,1
1531162866091,1531162866086,7729529,0.00062930,71.66000000,0
1531162867094,1531162867090,7729530,0.00062950,110.43000000,0
1531162891625,1531162891620,7729531,0.00062950,0.01000000,0
1531162895854,1531162895848,7729532,0.00062950,22.00000000,1
1531162897708,1531162897703,7729533,0.00062970,7.82000000,0
1531162897734,1531162897730,7729534,0.00062970,4.33000000,0
1531162897734,1531162897730,7729535,0.00062980,7.70000000,0
1531162901470,1531162901463,7729536,0.00062980,1.49000000,0
1531162901470,1531162901463,7729537,0.00062990,17.10000000,0
1531162901470,1531162901463,7729538,0.00063000,112.41000000,0
1531162905107,1531162905101,7729539,0.00063000,75.87000000,0
1531162908920,1531162908917,7729540,0.00062970,0.91000000,1
1531162908963,1531162908958,7729541,0.00062970,0.82000000,1
1531162908963,1531162908958,7729542,0.00062960,0.08000000,1
1531162952201,1531162952196,7729543,0.00062970,1.73000000,1
1531162960518,1531162960513,7729544,0.00063000,89.36000000,0
1531162965523,1531162965518,7729545,0.00063000,5.00000000,0
1531162966929,1531162966924,7729546,0.00063000,508.39000000,0
1531162970449,1531162970444,7729547,0.00063000,5.00000000,0
1531162970590,1531162970585,7729548,0.00063000,792.64000000,0
1531162978928,1531162978924,7729549,0.00063000,51.81000000,0
1531162983316,1531162983310,7729550,0.00063000,46.84000000,0
1531162992420,1531162992417,7729551,0.00062980,286.32000000,1
1531162992446,1531162992441,7729552,0.00062970,1537.88000000,1
1531162992461,1531162992456,7729553,0.00062960,184.13000000,1
1531162998149,1531162998144,7729554,0.00062980,225.00000000,0
1531162998149,1531162998144,7729555,0.00062990,36.95000000,0
1531162999243,1531162999238,7729556,0.00062990,77.05000000,0
1531162999243,1531162999238,7729557,0.00063000,10.14000000,0
1531163007945,1531163007939,7729558,0.00062920,12.00000000,1
1531163008525,1531163008518,7729559,0.00063000,730.96000000,0
1531163008600,1531163008597,7729560,0.00063000,18.98000000,1
1531163008984,1531163008980,7729561,0.00063000,15.83000000,1
1531163010597,1531163010593,7729562,0.00062920,32.70000000,1
1531163012759,1531163012754,7729563,0.00062920,3.43000000,1
1531163020634,1531163020628,7729564,0.00062970,25.00000000,0
1531163021233,1531163021226,7729565,0.00062930,35.91000000,1
1531163021233,1531163021226,7729566,0.00062920,304.53000000,1
1531163021266,1531163021261,7729567,0.00062910,4.76000000,1
1531163021284,1531163021279,7729568,0.00062900,390.11000000,1
1531163021308,1531163021303,7729569,0.00062880,795.17000000,1
1531163021324,1531163021322,7729570,0.00062870,1637.42000000,1
1531163021980,1531163021976,7729571,0.00062930,58.00000000,1
1531163022002,1531163021996,7729572,0.00062930,0.34000000,1
1531163023429,1531163023425,7729573,0.00062810,131.91000000,1
1531163023457,1531163023452,7729574,0.00062800,140.00000000,1
1531163027192,1531163027189,7729575,0.00062860,4.76000000,0
1531163027192,1531163027189,7729576,0.00062870,11.15000000,0
1531163027734,1531163027731,7729577,0.00062800,9.16000000,0
1531163033173,1531163033169,7729578,0.00062770,38.78000000,1
1531163033373,1531163033369,7729579,0.00062780,11.15000000,1
1531163033373,1531163033369,7729580,0.00062770,132.22000000,1
1531163033373,1531163033369,7729581,0.00062750,102.20000000,1
1531163033412,1531163033406,7729582,0.00062740,22.60000000,0
1531163033419,1531163033414,7729583,0.00062740,50.79000000,0
1531163033480,1531163033476,7729584,0.00062740,286.74000000,0
1531163033547,1531163033544,7729585,0.00062740,16.96000000,0
1531163034113,1531163034108,7729586,0.00062740,57.00000000,0
1531163034115,1531163034112,7729587,0.00062740,47.82000000,0
1531163034123,1531163034119,7729588,0.00062740,57.00000000,0
1531163034134,1531163034131,7729589,0.00062740,47.82000000,0
1531163034410,1531163034404,7729590,0.00062740,30.00000000,0
1531163034586,1531163034582,7729591,0.00062730,2.00000000,0
1531163035007,1531163035002,7729592,0.00062730,11.09000000,0
1531163035052,1531163035047,7729593,0.00062730,6.58000000,0
1531163035185,1531163035180,7729594,0.00062730,2.93000000,0
1531163035185,1531163035180,7729595,0.00062740,27.07000000,0
1531163035419,1531163035413,7729596,0.00062740,30.00000000,0
1531163036816,1531163036810,7729597,0.00062740,1.73000000,0
1531163037152,1531163037148,7729598,0.00062740,2.00000000,0
1531163039404,1531163039399,7729599,0.00062680,240.92000000,1
1531163039439,1531163039434,7729600,0.00062740,11.59000000,0
1531163040652,1531163040647,7729601,0.00062740,350.61000000,0
1531163041377,1531163041375,7729602,0.00062740,286.05000000,1
1531163044080,1531163044077,7729603,0.00062780,13.86000000,0
1531163050023,1531163050018,7729604,0.00062700,4.78000000,1
1531163050023,1531163050018,7729605,0.00062690,0.22000000,1
1531163051128,1531163051126,7729606,0.00062800,0.01000000,0
1531163051128,1531163051126,7729607,0.00062850,13.21000000,0
1531163051128,1531163051126,7729608,0.00062890,118.69000000,0
1531163051128,1531163051126,7729609,0.00062900,36.67000000,0
1531163064853,1531163064849,7729610,0.00062760,41.58000000,1
1531163090981,1531163090976,7729611,0.00062760,100.00000000,1
1531163091580,1531163091575,7729612,0.00062800,26.00000000,0
1531163092600,1531163092596,7729613,0.00062790,1.67000000,0
1531163092721,1531163092716,7729614,0.00062790,1.67000000,0
1531163092859,1531163092853,7729615,0.00062790,1.44000000,0
1531163092859,1531163092853,7729616,0.00062800,0.23000000,0
1531163094201,1531163094196,7729617,0.00062790,1.67000000,0
1531163094329,1531163094324,7729618,0.00062790,1.67000000,0
1531163096282,1531163096276,7729619,0.00062700,1.67000000,1
1531163096421,1531163096416,7729620,0.00062700,1.67000000,1
1531163096551,1531163096548,7729621,0.00062700,1.44000000,1
1531163096551,1531163096548,7729622,0.00062690,0.23000000,1
1531163096693,1531163096687,7729623,0.00062690,1.67000000,1
1531163096842,1531163096837,7729624,0.00062690,1.67000000,1
1531163097189,1531163097184,7729625,0.00062780,1.67000000,0
1531163097317,1531163097312,7729626,0.00062780,1.67000000,0
1531163097445,1531163097442,7729627,0.00062780,1.44000000,0
1531163097445,1531163097442,7729628,0.00062790,0.23000000,0
1531163097572,1531163097569,7729629,0.00062790,1.67000000,0
1531163097690,1531163097686,7729630,0.00062790,1.67000000,0
1531163119181,1531163119176,7729631,0.00062730,6.26000000,0
1531163119598,1531163119593,7729632,0.00062670,2.03000000,1
1531163119598,1531163119593,7729633,0.00062660,12.54000000,1
1531163119598,1531163119593,7729634,0.00062640,2.94000000,1
1531163119598,1531163119593,7729635,0.00062610,38.23000000,1
1531163123028,1531163123023,7729636,0.00062700,4.78000000,0
1531163123028,1531163123023,7729637,0.00062710,15.84000000,0
1531163123294,1531163123288,7729638,0.00062700,16.97000000,0
1531163125116,1531163125110,7729639,0.00062700,184.03000000,0
1531163125116,1531163125110,7729640,0.00062710,57.00000000,0
1531163125129,1531163125123,7729641,0.00062790,141.94000000,1
1531163125163,1531163125160,7729642,0.00062790,10.80000000,1
1531163125165,1531163125162,7729643,0.00062790,57.18000000,1
1531163125172,1531163125167,7729644,0.00062790,15.55000000,1
1531163146986,1531163146982,7729645,0.00062750,11.48000000,0
1531163147170,1531163147164,7729646,0.00062790,16.06000000,1
1531163157055,1531163157051,7729647,0.00062700,4.78000000,1
1531163159697,1531163159691,7729648,0.00062630,31.04000000,1
1531163167790,1531163167783,7729649,0.00062700,3.22000000,0
1531163169085,1531163169080,7729650,0.00062700,4.78000000,0
1531163179210,1531163179205,7729651,0.00062840,6.56000000,0
1531163192996,1531163192990,7729652,0.00062710,4.00000000,1
1531163193995,1531163193991,7729653,0.00062710,0.78000000,1
1531163193995,1531163193991,7729654,0.00062700,4.22000000,1
1531163201144,1531163201140,7729655,0.00062700,1.74000000,1
1531163201994,1531163201989,7729656,0.00062710,6.00000000,1
1531163202811,1531163202808,7729657,0.00062710,0.10000000,1
1531163202811,1531163202808,7729658,0.00062700,29.47000000,1
1531163210535,1531163210529,7729659,0.00062690,4.78000000,0
1531163210535,1531163210529,7729660,0.00062700,130.24000000,0
1531163219568,1531163219563,7729661,0.00062780,2.36000000,0
1531163240732,1531163240729,7729662,0.00062840,1.67000000,0
1531163240855,1531163240850,7729663,0.00062840,0.72000000,0
1531163240855,1531163240850,7729664,0.00062870,0.95000000,0
1531163240990,1531163240984,7729665,0.00062870,1.67000000,0
1531163241343,1531163241340,7729666,0.00062860,1.67000000,0
1531163241471,1531163241465,7729667,0.00062860,1.67000000,0
1531163242323,1531163242319,7729668,0.00062860,2.75000000,0
1531163242851,1531163242846,7729669,0.00062690,1.67000000,1
1531163243204,1531163243198,7729670,0.00062690,1.67000000,1
1531163243323,1531163243319,7729671,0.00062860,2.75000000,0
1531163243327,1531163243322,7729672,0.00062690,1.67000000,1
1531163243625,1531163243620,7729673,0.00062690,4.78000000,1
1531163243625,1531163243620,7729674,0.00062680,19.41000000,1
1531163243625,1531163243620,7729675,0.00062670,30.83000000,1
1531163243668,1531163243663,7729676,0.00062670,1.67000000,1
1531163243804,1531163243798,7729677,0.00062670,1.67000000,1
1531163243930,1531163243927,7729678,0.00062860,1.67000000,0
1531163244065,1531163244060,7729679,0.00062860,1.67000000,0
1531163244190,1531163244184,7729680,0.00062860,1.67000000,0
1531163244322,1531163244317,7729681,0.00062860,1.67000000,0
1531163244454,1531163244449,7729682,0.00062850,1.67000000,0
1531163252544,1531163252537,7729683,0.00062630,1.66000000,1
1531163252544,1531163252537,7729684,0.00062620,57.00000000,1
1531163252544,1531163252537,7729685,0.00062600,130.84000000,1
1531163252544,1531163252537,7729686,0.00062530,1.92000000,1
1531163252544,1531163252537,7729687,0.00062520,208.51000000,1
1531163252544,1531163252537,7729688,0.00062510,1600.07000000,1
1531163253358,1531163253353,7729689,0.00062700,1.74000000,0
1531163255552,1531163255548,7729690,0.00062530,0.07000000,1
1531163257064,1531163257055,7729691,0.00062670,132.16000000,0
1531163257064,1531163257055,7729692,0.00062680,11.38000000,0
1531163257086,1531163257081,7729693,0.00062680,102.62000000,0
1531163257086,1531163257081,7729694,0.00062700,40.92000000,0
1531163257118,1531163257113,7729695,0.00062730,13.24000000,0
1531163257118,1531163257113,7729696,0.00062890,35.91000000,0
1531163257118,1531163257113,7729697,0.00062980,20.33000000,0
1531163257202,1531163257197,7729698,0.00062900,61.00000000,0
1531163257202,1531163257197,7729699,0.00062980,98.48000000,0
1531163257357,1531163257351,7729700,0.00062790,47.85000000,1
1531163257361,1531163257355,7729701,0.00062780,9.48000000,1
1531163257642,1531163257638,7729702,0.00062730,5.01000000,1
1531163258197,1531163258193,7729703,0.00062770,49.54000000,0
1531163258197,1531163258193,7729704,0.00062790,19.06000000,0
1531163258197,1531163258193,7729705,0.00062970,12.05000000,0
1531163260108,1531163260101,7729706,0.00062770,4.77000000,1
1531163260108,1531163260101,7729707,0.00062760,10.02000000,1
1531163260108,1531163260101,7729708,0.00062730,68.57000000,1
1531163260108,1531163260101,7729709,0.00062700,92.00000000,1
1531163260108,1531163260101,7729710,0.00062670,155.74000000,1
1531163260108,1531163260101,7729711,0.00062600,101.00000000,1
1531163260108,1531163260101,7729712,0.00062540,57.00000000,1
1531163260108,1531163260101,7729713,0.00062520,119.04000000,1
1531163260108,1531163260101,7729714,0.00062510,390.06000000,1
1531163260108,1531163260101,7729715,0.00062500,57.80000000,1
1531163260470,1531163260465,7729716,0.00062750,10.09000000,1
1531163260997,1531163260990,7729717,0.00062760,119.00000000,1
1531163261242,1531163261237,7729718,0.00062760,0.04000000,1
1531163261298,1531163261293,7729719,0.00062750,10.23000000,0
1531163266510,1531163266503,7729720,0.00062760,15.93000000,0
1531163266522,1531163266516,7729721,0.00062760,15.93000000,0
1531163266572,1531163266565,7729722,0.00062760,35.23000000,0
1531163266572,1531163266565,7729723,0.00062770,9.91000000,0
1531163267010,1531163266984,7729724,0.00062760,15.00000000,1
1531163276105,1531163276100,7729725,0.00062770,10.09000000,0
1531163276170,1531163276165,7729726,0.00062770,54.25000000,1
1531163279147,1531163279143,7729727,0.00062830,2.00000000,0
1531163279176,1531163279171,7729728,0.00062830,1.73000000,0
1531163279998,1531163279993,7729729,0.00062770,172.00000000,1
1531163282479,1531163282474,7729730,0.00062780,15.93000000,0
1531163285632,1531163285627,7729731,0.00062770,42.28000000,1
1531163287638,1531163287633,7729732,0.00062760,0.93000000,1
1531163287813,1531163287804,7729733,0.00062760,56.07000000,0
1531163287813,1531163287804,7729734,0.00062770,14.72000000,0
1531163298568,1531163298564,7729735,0.00062770,47.79000000,0
1531163298951,1531163298941,7729736,0.00062770,47.79000000,0
1531163299500,1531163299492,7729737,0.00062770,30.00000000,0
1531163300113,1531163300108,7729738,0.00062770,30.00000000,0
1531163317030,1531163317024,7729739,0.00062770,4.00000000,1
1531163320139,1531163320133,7729740,0.00062790,2.00000000,0
1531163320171,1531163320166,7729741,0.00062790,1.73000000,0
1531163328558,1531163328553,7729742,0.00062820,15.92000000,0
1531163328983,1531163328978,7729743,0.00062810,47.76000000,0
1531163332138,1531163332133,7729744,0.00062810,15.92000000,0
1531163332678,1531163332672,7729745,0.00062810,15.92000000,0
1531163352691,1531163352686,7729746,0.00062800,18.01000000,1
1531163359158,1531163359154,7729747,0.00062810,1.73000000,0
1531163359187,1531163359181,7729748,0.00062810,2.00000000,0
1531163366642,1531163366636,7729749,0.00062810,0.87000000,0
1531163394036,1531163394031,7729750,0.00062810,94.00000000,1
1531163397796,1531163397791,7729751,0.00062840,15.91000000,0
1531163398211,1531163398206,7729752,0.00062830,47.75000000,0
1531163402784,1531163402779,7729753,0.00062890,15.92000000,1
1531163403122,1531163403114,7729754,0.00062810,0.22000000,1
1531163403122,1531163403114,7729755,0.00062740,13.24000000,1
1531163403122,1531163403114,7729756,0.00062660,2.39000000,1
1531163403122,1531163403114,7729757,0.00062610,12.04000000,1
1531163403122,1531163403114,7729758,0.00062600,28.80000000,1
1531163407026,1531163407021,7729759,0.00062710,30.00000000,1
1531163409582,1531163409577,7729760,0.00062790,57.05000000,0
1531163409589,1531163409586,7729761,0.00062790,19.02000000,0
1531163409660,1531163409656,7729762,0.00062780,19.00000000,0
1531163409670,1531163409666,7729763,0.00062780,10.82000000,0
1531163409678,1531163409674,7729764,0.00062780,0.18000000,0
1531163409678,1531163409674,7729765,0.00062790,27.05000000,0
1531163410034,1531163410028,7729766,0.00062790,2.00000000,1
1531163422274,1531163422268,7729767,0.00062790,0.47000000,1
1531163422274,1531163422268,7729768,0.00062710,0.71000000,1
1531163447195,1531163447191,7729769,0.00062690,2.00000000,0
1531163447382,1531163447377,7729770,0.00062800,1.61000000,0
1531163447462,1531163447457,7729771,0.00062800,3.22000000,0
1531163448011,1531163448004,7729772,0.00062800,4.83000000,0
1531163449009,1531163449004,7729773,0.00062800,4.83000000,0
1531163450012,1531163450006,7729774,0.00062800,4.83000000,0
1531163451021,1531163451017,7729775,0.00062800,0.68000000,0
1531163451021,1531163451017,7729776,0.00062840,2.39000000,0
1531163451021,1531163451017,7729777,0.00062850,1.76000000,0
1531163452011,1531163452005,7729778,0.00062800,1.60000000,0
1531163457918,1531163457913,7729779,0.00062800,1.67000000,0
1531163458047,1531163458043,7729780,0.00062800,1.67000000,0
1531163458179,1531163458173,7729781,0.00062800,1.67000000,0
1531163458318,1531163458312,7729782,0.00062800,1.67000000,0
1531163458451,1531163458447,7729783,0.00062800,1.67000000,0
1531163484184,1531163484179,7729784,0.00062790,1.73000000,0
1531163501178,1531163501172,7729785,0.00062790,7.33000000,0
1531163501178,1531163501172,7729786,0.00062800,266.63000000,0
1531163510207,1531163510201,7729787,0.00062710,25.00000000,1
1531163522560,1531163522554,7729788,0.00062800,1.67000000,0
1531163522682,1531163522677,7729789,0.00062800,1.67000000,0
1531163522812,1531163522806,7729790,0.00062800,1.67000000,0
1531163522948,1531163522941,7729791,0.00062800,1.67000000,0
1531163523085,1531163523081,7729792,0.00062800,1.67000000,0
1531163526165,1531163526160,7729793,0.00062800,1.73000000,0
1531163529512,1531163529507,7729794,0.00062800,2.50000000,0
1531163548992,1531163548987,7729795,0.00062720,1.92000000,1
1531163556519,1531163556512,7729796,0.00062740,1.58000000,1
1531163582312,1531163582307,7729797,0.00062690,1.75000000,1
1531163587387,1531163587381,7729798,0.00062710,1.81000000,1
1531163597150,1531163597143,7729799,0.00062750,6.56000000,0
1531163599621,1531163599617,7729800,0.00062780,1.67000000,0
1531163599651,1531163599644,7729801,0.00062780,1.60000000,0
1531163599746,1531163599740,7729802,0.00062780,1.67000000,0
1531163600101,1531163600095,7729803,0.00062780,1.67000000,0
1531163600226,1531163600221,7729804,0.00062780,1.67000000,0
1531163600386,1531163600365,7729805,0.00062780,1.67000000,0
1531163600657,1531163600651,7729806,0.00062780,0.97000000,0
1531163600657,1531163600651,7729807,0.00062790,2.23000000,0
1531163600677,1531163600672,7729808,0.00062790,4.23000000,0
1531163601657,1531163601654,7729809,0.00062790,1.60000000,0
1531163604191,1531163604187,7729810,0.00062780,1.73000000,0
1531163621013,1531163621007,7729811,0.00062750,15.94000000,0
1531163623318,1531163623315,7729812,0.00062750,133.94000000,0
1531163623334,1531163623330,7729813,0.00062750,0.02000000,0
1531163627032,1531163627026,7729814,0.00062750,0.02000000,1
1531163627359,1531163627355,7729815,0.00062750,165.77000000,1
1531163627382,1531163627376,7729816,0.00062750,254.60000000,0
1531163627513,1531163627506,7729817,0.00062750,50.88000000,0
1531163627519,1531163627514,7729818,0.00062750,15.93000000,0
1531163629332,1531163629329,7729819,0.00062740,1.67000000,0
1531163629457,1531163629455,7729820,0.00062740,1.67000000,0
1531163629590,1531163629585,7729821,0.00062740,1.67000000,0
1531163629725,1531163629720,7729822,0.00062740,1.67000000,0
1531163629860,1531163629853,7729823,0.00062740,1.67000000,0
1531163645912,1531163645908,7729824,0.00062740,0.29000000,0
1531163646064,1531163646061,7729825,0.00062740,95.00000000,1
1531163646998,1531163646992,7729826,0.00062740,0.28000000,1
1531163646998,1531163646992,7729827,0.00062660,1.72000000,1
1531163655657,1531163655651,7729828,0.00062750,47.81000000,0
1531163657719,1531163657714,7729829,0.00062660,83.00000000,1
1531163657741,1531163657735,7729830,0.00062660,412.54000000,0
1531163657768,1531163657763,7729831,0.00062660,4.26000000,0
1531163657783,1531163657776,7729832,0.00062660,412.54000000,0
1531163657793,1531163657788,7729833,0.00062660,100.00000000,0
1531163657845,1531163657843,7729834,0.00062660,187.02000000,0
1531163657886,1531163657882,7729835,0.00062660,15.97000000,0
1531163657902,1531163657896,7729836,0.00062660,47.88000000,0
1531163658079,1531163658075,7729837,0.00062650,13.00000000,1
1531163658288,1531163658285,7729838,0.00062650,0.25000000,1
1531163658492,1531163658487,7729839,0.00062650,8.10000000,0
1531163658492,1531163658487,7729840,0.00062660,21.90000000,0
1531163658639,1531163658635,7729841,0.00062660,19.04000000,0
1531163658964,1531163658960,7729842,0.00062660,143.63000000,0
1531163660325,1531163660319,7729843,0.00062660,47.88000000,0
1531163662397,1531163662393,7729844,0.00062660,170.90000000,0
1531163662844,1531163662838,7729845,0.00062660,15.96000000,0
1531163663550,1531163663542,7729846,0.00062600,57.00000000,1
1531163663550,1531163663542,7729847,0.00062590,57.00000000,1
1531163663550,1531163663542,7729848,0.00062580,171.00000000,1
1531163663550,1531163663542,7729849,0.00062570,2.02000000,1
1531163663550,1531163663542,7729850,0.00062550,184.44000000,1
1531163663550,1531163663542,7729851,0.00062540,300.00000000,1
1531163663550,1531163663542,7729852,0.00062510,21.18000000,1
1531163665369,1531163665362,7729853,0.00062660,15.96000000,0
1531163666476,1531163666470,7729854,0.00062660,0.10000000,0
1531163668134,1531163668128,7729855,0.00062660,15.96000000,0
1531163668844,1531163668842,7729856,0.00062540,155.67000000,0
1531163668874,1531163668869,7729857,0.00062540,28.16000000,0
1531163668880,1531163668877,7729858,0.00062540,6.67000000,0
1531163672571,1531163672566,7729859,0.00062640,3.49000000,0
1531163672956,1531163672950,7729860,0.00062640,2.50000000,0
1531163675532,1531163675527,7729861,0.00062630,15.97000000,0
1531163678207,1531163678201,7729862,0.00062620,57.00000000,0
1531163678207,1531163678201,7729863,0.00062630,100.49000000,0
1531163683520,1531163683514,7729864,0.00062630,41.69000000,1
1531163684798,1531163684793,7729865,0.00062630,1.74000000,0
1531163687344,1531163687339,7729866,0.00062600,281.13000000,1
1531163687344,1531163687339,7729867,0.00062590,29.81000000,1
1531163687362,1531163687356,7729868,0.00062590,27.19000000,1
1531163699083,1531163699077,7729869,0.00062570,114.00000000,1
1531163700078,1531163700071,7729870,0.00062550,27.00000000,1
1531163700680,1531163700672,7729871,0.00062550,0.81000000,1
1531163700680,1531163700672,7729872,0.00062540,21.62000000,1
1531163702078,1531163702075,7729873,0.00062550,35.00000000,1
1531163703147,1531163703142,7729874,0.00062540,16.00000000,1
1531163704080,1531163704075,7729875,0.00062540,0.51000000,1
1531163704080,1531163704075,7729876,0.00062510,8.49000000,1
1531163706090,1531163706084,7729877,0.00062510,0.81000000,1
1531163706090,1531163706084,7729878,0.00062500,54.19000000,1
1531163706091,1531163706084,7729879,0.00062500,76.11000000,1
1531163706119,1531163706112,7729880,0.00062500,89.25000000,0
1531163706119,1531163706116,7729881,0.00062500,34.22000000,0
1531163710369,1531163710363,7729882,0.00062480,17.17000000,1
1531163710369,1531163710363,7729883,0.00062470,2.39000000,1
1531163710369,1531163710363,7729884,0.00062410,69.69000000,1
1531163716149,1531163716145,7729885,0.00062400,25.00000000,1
1531163716179,1531163716177,7729886,0.00062450,51.07000000,0
1531163717133,1531163717129,7729887,0.00062440,16.02000000,0
1531163718139,1531163718137,7729888,0.00062440,48.04000000,0
1531163719088,1531163719083,7729889,0.00062440,5.63000000,0
1531163719088,1531163719083,7729890,0.00062450,45.44000000,0
1531163721460,1531163721454,7729891,0.00062450,16.01000000,0
1531163728140,1531163728134,7729892,0.00062450,16.01000000,0
1531163734105,1531163734099,7729893,0.00062450,2.20000000,0
1531163734105,1531163734099,7729894,0.00062460,151.02000000,0
1531163734589,1531163734584,7729895,0.00062400,10.30000000,1
1531163735997,1531163735992,7729896,0.00062460,51.07000000,0
1531163737076,1531163737070,7729897,0.00062460,51.07000000,0
1531163737754,1531163737747,7729898,0.00062400,11.59000000,1
1531163737754,1531163737747,7729899,0.00062390,3.21000000,1
1531163737754,1531163737747,7729900,0.00062380,16.09000000,1
1531163737754,1531163737747,7729901,0.00062350,119.11000000,1
1531163737754,1531163737747,7729902,0.00062340,129.88000000,1
1531163739162,1531163739157,7729903,0.00062450,48.04000000,0
1531163740091,1531163740088,7729904,0.00062450,153.22000000,0
1531163743097,1531163743092,7729905,0.00062440,48.04000000,0
1531163743099,1531163743094,7729906,0.00062440,48.04000000,0
1531163744792,1531163744787,7729907,0.00062380,14.78000000,1
1531163746102,1531163746096,7729908,0.00062430,51.07000000,0
1531163746235,1531163746230,7729909,0.00062430,17.02000000,0
1531163746795,1531163746773,7729910,0.00062440,3.21000000,0
1531163747581,1531163747575,7729911,0.00062440,0.03000000,0
1531163748637,1531163748634,7729912,0.00062430,2.50000000,1
1531163748637,1531163748634,7729913,0.00062380,10.22000000,1
1531163748637,1531163748634,7729914,0.00062350,68.09000000,1
1531163748655,1531163748651,7729915,0.00062350,11.48000000,0
1531163748700,1531163748697,7729916,0.00062350,2.65000000,0
1531163748720,1531163748716,7729917,0.00062350,19.12000000,0
1531163748723,1531163748718,7729918,0.00062350,16.04000000,0
1531163749099,1531163749094,7729919,0.00062350,16.04000000,0
1531163751756,1531163751752,7729920,0.00062350,16.04000000,0
1531163757015,1531163757009,7729921,0.00062340,114.22000000,1
1531163757405,1531163757398,7729922,0.00062340,0.38000000,1
1531163757435,1531163757428,7729923,0.00062340,10.82000000,0
1531163759944,1531163759939,7729924,0.00062340,5.91000000,0
1531163767122,1531163767117,7729925,0.00062330,8.07000000,1
1531163770286,1531163770276,7729926,0.00062320,8.81000000,1
1531163770286,1531163770276,7729927,0.00062310,14.48000000,1
1531163770286,1531163770276,7729928,0.00062300,50.20000000,1
1531163770286,1531163770276,7729929,0.00062290,3.22000000,1
1531163770286,1531163770276,7729930,0.00062270,4.82000000,1
1531163770286,1531163770276,7729931,0.00062260,1.61000000,1
1531163770286,1531163770276,7729932,0.00062250,11.30000000,1
1531163770286,1531163770276,7729933,0.00062240,20.58000000,1
1531163770286,1531163770276,7729934,0.00062220,13.35000000,1
1531163770286,1531163770276,7729935,0.00062210,821.96000000,1
1531163770286,1531163770276,7729936,0.00062200,455.45000000,1
1531163770302,1531163770300,7729937,0.00062200,82.13000000,0
1531163770307,1531163770302,7729938,0.00062200,107.13000000,0
1531163770311,1531163770305,7729939,0.00062200,23.87000000,0
1531163770340,1531163770335,7729940,0.00062200,30.36000000,0
1531163770346,1531163770343,7729941,0.00062200,9.85000000,0
1531163770348,1531163770345,7729942,0.00062200,82.13000000,0
1531163770355,1531163770351,7729943,0.00062200,9.85000000,0
1531163770377,1531163770372,7729944,0.00062200,9.85000000,0
1531163770377,1531163770372,7729945,0.00062200,82.13000000,0
1531163770417,1531163770410,7729946,0.00062200,48.23000000,0
1531163770427,1531163770422,7729947,0.00062200,144.69000000,0
1531163770431,1531163770423,7729948,0.00062200,144.69000000,0
1531163770439,1531163770435,7729949,0.00062200,48.23000000,0
1531163770499,1531163770492,7729950,0.00062200,9.85000000,0
1531163770518,1531163770515,7729951,0.00062200,30.00000000,0
1531163770522,1531163770520,7729952,0.00062200,30.00000000,0
1531163770548,1531163770543,7729953,0.00062200,20.00000000,0
1531163770566,1531163770561,7729954,0.00062200,1207.60000000,0
1531163778585,1531163778580,7729955,0.00062270,16.06000000,0
1531163779612,1531163779607,7729956,0.00062260,57.00000000,0
1531163780024,1531163780019,7729957,0.00062270,40.94000000,0
1531163780024,1531163780019,7729958,0.00062330,58.98000000,0
1531163781114,1531163781107,7729959,0.00062200,19.18000000,1
1531163788190,1531163788186,7729960,0.00062250,19.18000000,1
1531163792733,1531163792728,7729961,0.00062260,1.63000000,1
1531163793645,1531163793639,7729962,0.00062260,9.85000000,1
1531163794779,1531163794776,7729963,0.00062290,119.11000000,0
1531163794779,1531163794776,7729964,0.00062300,129.00000000,0
1531163794779,1531163794776,7729965,0.00062310,53.80000000,0
1531163794779,1531163794776,7729966,0.00062350,9.98000000,0
1531163796731,1531163796725,7729967,0.00062300,241.23000000,0
1531163797858,1531163797851,7729968,0.00062200,119.11000000,1
1531163797858,1531163797851,7729969,0.00062190,481.00000000,1
1531163797858,1531163797851,7729970,0.00062180,5.16000000,1
1531163797858,1531163797851,7729971,0.00062150,124.27000000,1
1531163797858,1531163797851,7729972,0.00062140,4.83000000,1
1531163797858,1531163797851,7729973,0.00062130,268.52000000,1
1531163816234,1531163816227,7729974,0.00062320,2.00000000,0
1531163822473,1531163822466,7729975,0.00062320,7.85000000,0
1531163822473,1531163822466,7729976,0.00062330,10.27000000,0
1531163822473,1531163822466,7729977,0.00062340,119.11000000,0
1531163822473,1531163822466,7729978,0.00062350,368.53000000,0
1531163822473,1531163822466,7729979,0.00062380,13.31000000,0
1531163822473,1531163822466,7729980,0.00062400,530.93000000,0
1531163822515,1531163822509,7729981,0.00062400,1.60000000,0
1531163823795,1531163823788,7729982,0.00062400,8.00000000,0
1531163833251,1531163833245,7729983,0.00062300,12.13000000,1
1531163833724,1531163833719,7729984,0.00062300,11.36000000,1
1531163833938,1531163833934,7729985,0.00062300,1.63000000,1
1531163834006,1531163834000,7729986,0.00062300,1.95000000,1
1531163834440,1531163834435,7729987,0.00062310,1.63000000,1
