event_time,trade_time,trade_id,price,quantity,maker
1531160365953,1531160365950,259651,0.00002868,230.00000000,0
1531160365965,1531160365962,259652,0.00002867,113.00000000,1
1531160424722,1531160424719,259653,0.00002869,41.00000000,0
1531160433721,1531160433717,259654,0.00002867,754.00000000,0
1531160433740,1531160433737,259655,0.00002868,510.00000000,0
1531160449054,1531160449051,259656,0.00002869,348.00000000,0
1531160608105,1531160608102,259657,0.00002867,1854.00000000,0
1531160608117,1531160608114,259658,0.00002868,909.00000000,0
1531160645793,1531160645788,259659,0.00002868,1387.00000000,0
1531160645808,1531160645805,259660,0.00002867,555.00000000,1
1531160726692,1531160726689,259661,0.00002868,164.00000000,0
1531160726771,1531160726766,259662,0.00002869,41.00000000,0
1531160746698,1531160746695,259663,0.00002868,2617.00000000,0
1531160755565,1531160755560,259664,0.00002869,41.00000000,0
1531160765161,1531160765158,259665,0.00002867,369.00000000,1
1531160904471,1531160904466,259666,0.00002867,8362.00000000,0
1531160904488,1531160904484,259667,0.00002868,2924.00000000,0
1531160958008,1531160958005,259668,0.00002868,1560.00000000,0
1531160958016,1531160958011,259669,0.00002867,788.00000000,1
1531161006398,1531161006395,259670,0.00002867,183.00000000,0
1531161006413,1531161006409,259671,0.00002868,70.00000000,0
1531161043720,1531161043716,259672,0.00002869,41.00000000,0
1531161105948,1531161105945,259673,0.00002867,3091.00000000,0
1531161105957,1531161105955,259674,0.00002868,62.00000000,0
1531161105976,1531161105971,259675,0.00002868,1081.00000000,0
1531161227509,1531161227505,259676,0.00002867,2500.00000000,1
1531161227536,1531161227534,259677,0.00002867,2059.00000000,1
1531161227560,1531161227556,259678,0.00002867,926.00000000,1
1531161253406,1531161253403,259679,0.00002867,1321.00000000,1
1531161253420,1531161253417,259680,0.00002867,951.00000000,0
1531161253436,1531161253432,259681,0.00002867,1321.00000000,1
1531161286801,1531161286797,259682,0.00002866,659.00000000,1
1531161286816,1531161286811,259683,0.00002866,8009.00000000,0
1531161286832,1531161286829,259684,0.00002867,2909.00000000,0
1531161324994,1531161324990,259685,0.00002868,41.00000000,0
1531161351139,1531161351138,259686,0.00002868,41.00000000,0
1531161556690,1531161556685,259687,0.00002868,258.00000000,0
1531161568545,1531161568541,259688,0.00002868,818.00000000,0
1531161570654,1531161570652,259689,0.00002867,123.00000000,1
1531161645531,1531161645526,259690,0.00002868,41.00000000,0
1531161671758,1531161671752,259691,0.00002868,40.00000000,0
1531161672531,1531161672525,259692,0.00002868,41.00000000,0
1531161672750,1531161672746,259693,0.00002868,1.00000000,0
1531161730166,1531161730165,259694,0.00002869,49.00000000,0
1531161772998,1531161772993,259695,0.00002869,366.00000000,1
1531161782707,1531161782703,259696,0.00002869,423.00000000,1
1531161801570,1531161801569,259697,0.00002870,201.00000000,0
1531161807082,1531161807079,259698,0.00002869,2878.00000000,1
1531161807096,1531161807090,259699,0.00002869,587.00000000,1
1531161879723,1531161879720,259700,0.00002871,1801.00000000,1
1531161879736,1531161879732,259701,0.00002871,2322.00000000,1
1531161932460,1531161932456,259702,0.00002874,581.00000000,0
1531161932468,1531161932462,259703,0.00002877,253.00000000,0
1531161986265,1531161986261,259704,0.00002884,1040.00000000,0
1531162005395,1531162005392,259705,0.00002887,1885.00000000,0
1531162005442,1531162005438,259706,0.00002887,246.00000000,1
1531162027077,1531162027072,259707,0.00002895,39.00000000,0
1531162027077,1531162027072,259708,0.00002897,233.00000000,0
1531162027530,1531162027525,259709,0.00002888,90.00000000,1
1531162050354,1531162050350,259710,0.00002890,90.00000000,0
1531162079478,1531162079474,259711,0.00002890,667.00000000,1
1531162087582,1531162087580,259712,0.00002890,2563.00000000,1
1531162187417,1531162187412,259713,0.00002891,1519.00000000,0
1531162196234,1531162196229,259714,0.00002891,445.00000000,1
1531162196234,1531162196229,259715,0.00002890,1384.00000000,1
1531162303517,1531162303515,259716,0.00002894,172.00000000,0
1531162321665,1531162321659,259717,0.00002883,1822.00000000,1
1531162322671,1531162322667,259718,0.00002884,240.00000000,1
1531162378339,1531162378333,259719,0.00002890,240.00000000,0
1531162378339,1531162378333,259720,0.00002894,107.00000000,0
1531162408988,1531162408982,259721,0.00002893,1924.00000000,0
1531162546877,1531162546871,259722,0.00002888,2114.00000000,0
1531162546889,1531162546884,259723,0.00002893,807.00000000,0
1531162547175,1531162547169,259724,0.00002883,46.00000000,1
1531162561111,1531162561106,259725,0.00002893,46.00000000,0
1531162561511,1531162561507,259726,0.00002893,501.00000000,1
1531162588069,1531162588065,259727,0.00002888,702.00000000,0
1531162588084,1531162588079,259728,0.00002883,2393.00000000,1
1531162588108,1531162588103,259729,0.00002883,244.00000000,1
1531162621990,1531162621984,259730,0.00002892,610.00000000,0
1531162666262,1531162666257,259731,0.00002892,2526.00000000,0
1531162666283,1531162666279,259732,0.00002892,2629.00000000,0
1531162680503,1531162680498,259733,0.00002880,226.00000000,1
1531162680503,1531162680498,259734,0.00002876,603.00000000,1
1531162680503,1531162680498,259735,0.00002871,1118.00000000,1
1531162680503,1531162680498,259736,0.00002870,3950.00000000,1
1531162680514,1531162680509,259737,0.00002870,228.00000000,0
1531162680520,1531162680514,259738,0.00002870,228.00000000,0
1531162680529,1531162680525,259739,0.00002870,246.00000000,0
1531162680568,1531162680562,259740,0.00002867,77.00000000,1
1531162680568,1531162680562,259741,0.00002865,151.00000000,1
1531162680571,1531162680567,259742,0.00002870,228.00000000,0
1531162681608,1531162681603,259743,0.00002869,300.00000000,0
1531162691234,1531162691227,259744,0.00002865,314.00000000,1
1531162691234,1531162691227,259745,0.00002860,1305.00000000,1
1531162707402,1531162707399,259746,0.00002863,172.00000000,1
1531162710189,1531162710183,259747,0.00002858,35.00000000,1
1531162710189,1531162710183,259748,0.00002857,333.00000000,1
1531162719266,1531162719262,259749,0.00002869,58.00000000,0
1531162725810,1531162725806,259750,0.00002859,172.00000000,1
1531162742528,1531162742523,259751,0.00002865,760.00000000,0
1531162872789,1531162872787,259752,0.00002874,226.00000000,0
1531162873448,1531162873443,259753,0.00002875,1043.00000000,0
1531162908211,1531162908206,259754,0.00002878,1632.00000000,0
1531162933839,1531162933835,259755,0.00002868,172.00000000,1
1531162940428,1531162940423,259756,0.00002878,100.00000000,0
1531162945642,1531162945635,259757,0.00002873,3104.00000000,0
1531162945661,1531162945656,259758,0.00002869,1895.00000000,1
1531162945681,1531162945674,259759,0.00002869,1893.00000000,1
1531162987743,1531162987737,259760,0.00002874,2507.00000000,1
1531162997614,1531162997608,259761,0.00002876,72.00000000,0
1531162997614,1531162997608,259762,0.00002879,205.00000000,0
1531162997614,1531162997608,259763,0.00002880,486.00000000,0
1531162997614,1531162997608,259764,0.00002881,1046.00000000,0
1531163067015,1531163067009,259765,0.00002877,1680.00000000,0
1531163067037,1531163067031,259766,0.00002874,459.00000000,1
1531163067057,1531163067052,259767,0.00002874,875.00000000,1
1531163075465,1531163075460,259768,0.00002881,46.00000000,0
1531163139589,1531163139585,259769,0.00002881,213.00000000,0
1531163139589,1531163139585,259770,0.00002888,3160.00000000,0
1531163139638,1531163139633,259771,0.00002888,246.00000000,1
1531163180461,1531163180456,259772,0.00002891,981.00000000,1
1531163180469,1531163180463,259773,0.00002891,2065.00000000,1
1531163229010,1531163229005,259774,0.00002890,48.00000000,0
1531163267190,1531163267183,259775,0.00002889,675.00000000,0
1531163267213,1531163267208,259776,0.00002889,2540.00000000,0
1531163350931,1531163350926,259777,0.00002890,23.00000000,0
1531163350931,1531163350926,259778,0.00002893,501.00000000,0
1531163350931,1531163350926,259779,0.00002894,38.00000000,0
1531163350931,1531163350926,259780,0.00002897,252.00000000,0
1531163350931,1531163350926,259781,0.00002898,53.00000000,0
1531163350931,1531163350926,259782,0.00002900,906.00000000,0
1531163350954,1531163350949,259783,0.00002900,3477.00000000,1
1531163350961,1531163350955,259784,0.00002900,2187.00000000,1
1531163351014,1531163351007,259785,0.00002910,188.00000000,0
1531163351014,1531163351007,259786,0.00002911,188.00000000,0
1531163351014,1531163351007,259787,0.00002912,582.00000000,0
1531163351015,1531163351009,259788,0.00002900,550.00000000,1
1531163351085,1531163351081,259789,0.00002900,622.00000000,1
1531163351882,1531163351875,259790,0.00002900,3.00000000,1
1531163351981,1531163351976,259791,0.00002900,884.00000000,1
1531163351992,1531163351989,259792,0.00002900,152.00000000,0
1531163352127,1531163352120,259793,0.00002902,80.00000000,1
1531163352486,1531163352480,259794,0.00002902,281.00000000,1
1531163353009,1531163353005,259795,0.00002902,164.00000000,1
1531163353162,1531163353157,259796,0.00002902,433.00000000,1
1531163353913,1531163353907,259797,0.00002903,693.00000000,1
1531163353992,1531163353987,259798,0.00002903,162.00000000,1
1531163354007,1531163354005,259799,0.00002903,949.00000000,1
1531163354304,1531163354299,259800,0.00002903,1539.00000000,1
1531163354820,1531163354815,259801,0.00002902,3.00000000,1
1531163355714,1531163355709,259802,0.00002902,266.00000000,1
1531163371186,1531163371181,259803,0.00002900,118.00000000,0
1531163376767,1531163376761,259804,0.00002903,78.00000000,0
1531163376767,1531163376761,259805,0.00002905,70.00000000,0
1531163376767,1531163376761,259806,0.00002912,43.00000000,0
1531163376767,1531163376761,259807,0.00002923,1222.00000000,0
1531163402978,1531163402975,259808,0.00002923,239.00000000,0
1531163403009,1531163403003,259809,0.00002923,213.00000000,0
1531163403011,1531163403006,259810,0.00002923,242.00000000,0
1531163403066,1531163403064,259811,0.00002909,212.00000000,1
1531163403076,1531163403071,259812,0.00002923,239.00000000,0
1531163403105,1531163403100,259813,0.00002909,213.00000000,1
1531163403139,1531163403134,259814,0.00002909,35.00000000,1
1531163403139,1531163403134,259815,0.00002908,207.00000000,1
1531163419024,1531163419019,259816,0.00002911,58.00000000,1
1531163433296,1531163433291,259817,0.00002911,246.00000000,1
1531163433312,1531163433307,259818,0.00002911,246.00000000,1
1531163442881,1531163442875,259819,0.00002911,13.00000000,1
1531163519864,1531163519859,259820,0.00002904,207.00000000,1
1531163523465,1531163523460,259821,0.00002904,647.00000000,1
1531163523483,1531163523479,259822,0.00002905,1833.00000000,0
1531163523497,1531163523494,259823,0.00002905,549.00000000,0
1531163547502,1531163547496,259824,0.00002907,55.00000000,1
1531163553023,1531163553017,259825,0.00002912,515.00000000,0
1531163553023,1531163553017,259826,0.00002919,854.00000000,0
1531163553023,1531163553017,259827,0.00002920,240.00000000,0
1531163553711,1531163553705,259828,0.00002920,302.00000000,1
1531163553891,1531163553887,259829,0.00002920,3493.00000000,1
1531163553919,1531163553915,259830,0.00002920,3.00000000,1
1531163554727,1531163554700,259831,0.00002920,308.00000000,1
1531163554925,1531163554921,259832,0.00002920,271.00000000,1
1531163555484,1531163555481,259833,0.00002920,311.00000000,1
1531163556165,1531163556160,259834,0.00002920,3.00000000,1
1531163561582,1531163561576,259835,0.00002920,329.00000000,1
1531163562227,1531163562220,259836,0.00002920,289.00000000,1
1531163562309,1531163562304,259837,0.00002920,221.00000000,1
1531163565130,1531163565124,259838,0.00002920,232.00000000,1
1531163566327,1531163566321,259839,0.00002920,148.00000000,1
1531163566960,1531163566957,259840,0.00002921,40.00000000,0
1531163566960,1531163566957,259841,0.00002922,76.00000000,0
1531163580253,1531163580248,259842,0.00002922,41.00000000,0
1531163595398,1531163595391,259843,0.00002920,3695.00000000,1
1531163595428,1531163595423,259844,0.00002921,1283.00000000,0
1531163604613,1531163604607,259845,0.00002920,245.00000000,1
1531163606217,1531163606214,259846,0.00002921,236.00000000,1
1531163607618,1531163607612,259847,0.00002921,40.00000000,1
1531163615895,1531163615891,259848,0.00002921,62.00000000,1
1531163637660,1531163637658,259849,0.00002921,741.00000000,1
1531163657063,1531163657056,259850,0.00002921,38.00000000,1
1531163671554,1531163671547,259851,0.00002921,36.00000000,1
1531163676088,1531163676083,259852,0.00002921,38.00000000,1
1531163723133,1531163723128,259853,0.00002907,207.00000000,1
1531163731220,1531163731213,259854,0.00002921,207.00000000,0
1531163731220,1531163731213,259855,0.00002922,495.00000000,0
1531163731220,1531163731213,259856,0.00002924,107.00000000,0
1531163731220,1531163731213,259857,0.00002925,67.00000000,0
1531163731220,1531163731213,259858,0.00002926,48.00000000,0
1531163731378,1531163731373,259859,0.00002930,575.00000000,1
1531163731392,1531163731387,259860,0.00002930,708.00000000,1
1531163731646,1531163731640,259861,0.00002930,1416.00000000,1
1531163731899,1531163731892,259862,0.00002930,3.00000000,1
1531163733809,1531163733804,259863,0.00002930,3.00000000,1
1531163735802,1531163735800,259864,0.00002930,3.00000000,1
1531163735881,1531163735876,259865,0.00002930,281.00000000,1
1531163736485,1531163736480,259866,0.00002930,386.00000000,1
1531163737841,1531163737836,259867,0.00002930,3.00000000,1
1531163741336,1531163741332,259868,0.00002930,179.00000000,1
1531163741664,1531163741659,259869,0.00002932,40.00000000,0
1531163742837,1531163742833,259870,0.00002932,93.00000000,1
1531163742837,1531163742833,259871,0.00002930,164.00000000,1
1531163745558,1531163745552,259872,0.00002930,3204.00000000,1
1531163745621,1531163745616,259873,0.00002930,3.00000000,1
1531163747439,1531163747432,259874,0.00002930,1097.00000000,1
1531163748926,1531163748921,259875,0.00002930,40.00000000,1
1531163753930,1531163753923,259876,0.00002930,582.00000000,1
1531163754544,1531163754537,259877,0.00002930,59.00000000,1
1531163754659,1531163754653,259878,0.00002930,245.00000000,1
1531163758197,1531163758191,259879,0.00002930,31.00000000,1
1531163762525,1531163762520,259880,0.00002931,69.00000000,1
1531163762639,1531163762634,259881,0.00002931,69.00000000,1
1531163766505,1531163766500,259882,0.00002932,401.00000000,0
1531163766522,1531163766515,259883,0.00002931,69.00000000,1
1531163774026,1531163774020,259884,0.00002930,1769.00000000,1
1531163778767,1531163778736,259885,0.00002930,40.00000000,1
1531163785294,1531163785287,259886,0.00002930,1816.00000000,1
1531163785322,1531163785316,259887,0.00002931,138.00000000,0
1531163800527,1531163800521,259888,0.00002931,69.00000000,1
1531163800527,1531163800521,259889,0.00002930,160.00000000,1
1531163814009,1531163814003,259890,0.00002930,229.00000000,1
1531163820519,1531163820513,259891,0.00002930,229.00000000,1
1531163828081,1531163828077,259892,0.00002931,784.00000000,1
1531163828097,1531163828092,259893,0.00002931,1797.00000000,1
1531163858645,1531163858640,259894,0.00002931,50.00000000,0
1531163905278,1531163905272,259895,0.00002932,432.00000000,1
1531163905300,1531163905294,259896,0.00002932,2837.00000000,1
1531163913682,1531163913676,259897,0.00002930,70.00000000,1
1531163923195,1531163923189,259898,0.00002933,447.00000000,0
1531163926767,1531163926760,259899,0.00002934,134.00000000,1
1531163933121,1531163933115,259900,0.00002934,1743.00000000,1
1531163933136,1531163933131,259901,0.00002934,658.00000000,1
1531163934193,1531163934188,259902,0.00002933,36.00000000,1
1531163941225,1531163941219,259903,0.00002933,39.00000000,1
1531163946696,1531163946690,259904,0.00002933,324.00000000,1
1531163966662,1531163966656,259905,0.00002934,134.00000000,0
1531163979250,1531163979243,259906,0.00002935,49.00000000,0
1531163986248,1531163986243,259907,0.00002935,6.00000000,1
1531163989929,1531163989924,259908,0.00002935,282.00000000,1
1531163994531,1531163994526,259909,0.00002935,291.00000000,1
1531163995870,1531163995865,259910,0.00002935,3.00000000,1
1531163998009,1531163998003,259911,0.00002935,3.00000000,1
1531164000490,1531164000485,259912,0.00002935,3.00000000,1
1531164003419,1531164003415,259913,0.00002935,3.00000000,1
1531164005539,1531164005534,259914,0.00002935,206.00000000,1
1531164006116,1531164006112,259915,0.00002935,3.00000000,1
1531164008338,1531164008333,259916,0.00002935,3.00000000,1
1531164010813,1531164010809,259917,0.00002935,3.00000000,1
1531164013793,1531164013789,259918,0.00002935,3.00000000,1
1531164014941,1531164014939,259919,0.00002935,31.00000000,1
1531164014941,1531164014939,259920,0.00002933,2.00000000,1
1531164015868,1531164015862,259921,0.00002933,3.00000000,1
1531164018409,1531164018405,259922,0.00002933,3.00000000,1
1531164061008,1531164061003,259923,0.00002934,70.00000000,1
1531164068155,1531164068149,259924,0.00002934,2046.00000000,1
1531164068178,1531164068173,259925,0.00002934,3.00000000,1
1531164092306,1531164092302,259926,0.00002934,70.00000000,0
1531164094566,1531164094563,259927,0.00002934,3.00000000,1
1531164120673,1531164120668,259928,0.00002936,480.00000000,0
1531164120682,1531164120675,259929,0.00002936,1141.00000000,0
1531164120682,1531164120675,259930,0.00002940,1721.00000000,0
1531164120682,1531164120675,259931,0.00002941,408.00000000,0
1531164126606,1531164126599,259932,0.00002934,792.00000000,1
1531164126625,1531164126622,259933,0.00002934,1261.00000000,1
1531164136605,1531164136599,259934,0.00002938,3013.00000000,0
1531164136616,1531164136610,259935,0.00002934,967.00000000,1
1531164136632,1531164136627,259936,0.00002934,1266.00000000,1
1531164146838,1531164146835,259937,0.00002935,29.00000000,1
1531164167045,1531164167039,259938,0.00002936,2557.00000000,1
1531164167058,1531164167053,259939,0.00002936,2874.00000000,1
1531164189797,1531164189791,259940,0.00002936,488.00000000,1
1531164207181,1531164207176,259941,0.00002937,2900.00000000,0
1531164207191,1531164207184,259942,0.00002934,2649.00000000,1
1531164207215,1531164207209,259943,0.00002934,2458.00000000,1
1531164210120,1531164210117,259944,0.00002940,273.00000000,1
1531164220801,1531164220798,259945,0.00002940,114.00000000,1
1531164222591,1531164222587,259946,0.00002940,272.00000000,1
1531164223948,1531164223941,259947,0.00002940,89.00000000,1
1531164254091,1531164254086,259948,0.00002940,70.00000000,1
1531164255693,1531164255692,259949,0.00002940,70.00000000,1
1531164266999,1531164266994,259950,0.00002934,1783.00000000,1
1531164299045,1531164299041,259951,0.00002934,2035.00000000,1
1531164299067,1531164299061,259952,0.00002934,2251.00000000,1
1531164326246,1531164326240,259953,0.00002935,565.00000000,1
1531164353621,1531164353616,259954,0.00002938,1760.00000000,0
1531164353629,1531164353624,259955,0.00002935,1334.00000000,1
1531164385567,1531164385562,259956,0.00002935,40.00000000,1
1531164386262,1531164386257,259957,0.00002935,1021.00000000,1
1531164414287,1531164414283,259958,0.00002935,40.00000000,0
1531164421530,1531164421527,259959,0.00002935,342.00000000,1
1531164427242,1531164427234,259960,0.00002939,480.00000000,0
1531164427242,1531164427234,259961,0.00002941,51.00000000,0
1531164427242,1531164427234,259962,0.00002942,3270.00000000,0
1531164427242,1531164427234,259963,0.00002943,138.00000000,0
1531164427242,1531164427234,259964,0.00002944,112.00000000,0
1531164427242,1531164427234,259965,0.00002947,553.00000000,0
1531164427242,1531164427234,259966,0.00002948,206.00000000,0
1531164427242,1531164427234,259967,0.00002949,40.00000000,0
1531164427242,1531164427234,259968,0.00002952,52.00000000,0
1531164427242,1531164427234,259969,0.00002953,851.00000000,0
1531164427242,1531164427234,259970,0.00002955,3509.00000000,0
1531164427242,1531164427234,259971,0.00002966,126.00000000,0
1531164427242,1531164427234,259972,0.00002968,275.00000000,0
1531164427242,1531164427234,259973,0.00002969,171.00000000,0
1531164427242,1531164427234,259974,0.00002970,990.00000000,0
1531164427242,1531164427234,259975,0.00002971,172.00000000,0
1531164427242,1531164427234,259976,0.00002975,212.00000000,0
1531164427242,1531164427234,259977,0.00002976,435.00000000,0
1531164427242,1531164427234,259978,0.00002977,2291.00000000,0
1531164427242,1531164427234,259979,0.00002982,59.00000000,0
1531164427242,1531164427234,259980,0.00002983,140.00000000,0
1531164427252,1531164427247,259981,0.00002983,1264.00000000,1
1531164427378,1531164427373,259982,0.00002970,13316.00000000,1
1531164427412,1531164427410,259983,0.00002935,4.00000000,1
1531164427416,1531164427412,259984,0.00002953,840.00000000,0
1531164427544,1531164427542,259985,0.00002953,168.00000000,0
1531164427711,1531164427709,259986,0.00002953,131.00000000,0
1531164427877,1531164427873,259987,0.00002953,67.00000000,0
1531164427913,1531164427908,259988,0.00002951,270.00000000,1
1531164427924,1531164427918,259989,0.00002953,504.00000000,0
1531164428569,1531164428566,259990,0.00002946,67.00000000,1
1531164428569,1531164428566,259991,0.00002940,617.00000000,1
1531164430481,1531164430474,259992,0.00002942,1357.00000000,1
1531164430481,1531164430474,259993,0.00002939,480.00000000,1
1531164430481,1531164430474,259994,0.00002938,202.00000000,1
1531164430481,1531164430474,259995,0.00002937,101.00000000,1
1531164430481,1531164430474,259996,0.00002935,726.00000000,1
1531164430481,1531164430474,259997,0.00002934,680.00000000,1
1531164430481,1531164430474,259998,0.00002933,34.00000000,1
1531164430481,1531164430474,259999,0.00002931,203.00000000,1
1531164430642,1531164430637,260000,0.00002921,1224.00000000,1
1531164430698,1531164430692,260001,0.00002921,1210.00000000,1
1531164430707,1531164430705,260002,0.00002921,407.00000000,1
1531164430707,1531164430705,260003,0.00002917,205.00000000,1
1531164466791,1531164466786,260004,0.00002931,1676.00000000,1
1531164478826,1531164478823,260005,0.00002938,35.00000000,0
1531164484381,1531164484376,260006,0.00002938,2806.00000000,0
1531164484381,1531164484376,260007,0.00002944,5586.00000000,0
1531164485035,1531164485030,260008,0.00002944,5586.00000000,1
1531164485326,1531164485320,260009,0.00002944,3396.00000000,1
1531164493051,1531164493045,260010,0.00002944,138.00000000,1
1531164493323,1531164493318,260011,0.00002945,138.00000000,1
1531164499846,1531164499840,260012,0.00002945,138.00000000,1
1531164501665,1531164501662,260013,0.00002945,35.00000000,1
1531164506516,1531164506511,260014,0.00002944,138.00000000,1
1531164509215,1531164509211,260015,0.00002946,101.00000000,0
1531164510433,1531164510428,260016,0.00002946,321.00000000,1
1531164511137,1531164511131,260017,0.00002946,278.00000000,1
1531164517080,1531164517077,260018,0.00002946,169.00000000,1
1531164519264,1531164519260,260019,0.00002946,175.00000000,1
1531164519633,1531164519628,260020,0.00002946,148.00000000,1
1531164534804,1531164534798,260021,0.00002948,906.00000000,1
1531164535771,1531164535765,260022,0.00002948,178.00000000,1
1531164556306,1531164556301,260023,0.00002952,820.00000000,0
1531164561219,1531164561214,260024,0.00002952,285.00000000,1
1531164571483,1531164571477,260025,0.00002952,154.00000000,1
1531164578644,1531164578633,260026,0.00002952,239.00000000,1
1531164599760,1531164599757,260027,0.00002953,205.00000000,0
1531164599845,1531164599841,260028,0.00002953,178.00000000,1
1531164600495,1531164600494,260029,0.00002954,594.00000000,1
1531164600642,1531164600638,260030,0.00002954,125.00000000,1
1531164600718,1531164600711,260031,0.00002954,213.00000000,1
1531164606851,1531164606847,260032,0.00002957,4590.00000000,0
1531164606864,1531164606859,260033,0.00002954,781.00000000,1
1531164612993,1531164612988,260034,0.00002954,932.00000000,0
1531164613881,1531164613880,260035,0.00002954,36.00000000,1
1531164636691,1531164636684,260036,0.00002954,323.00000000,1
1531164649768,1531164649763,260037,0.00002954,116.00000000,0
1531164651075,1531164651070,260038,0.00002955,518.00000000,1
1531164655998,1531164655993,260039,0.00002955,220.00000000,1
1531164657058,1531164657052,260040,0.00002955,679.00000000,1
1531164663522,1531164663517,260041,0.00002946,197.00000000,1
1531164665747,1531164665742,260042,0.00002946,84.00000000,1
1531164666603,1531164666596,260043,0.00002946,41.00000000,1
1531164669350,1531164669345,260044,0.00002946,66.00000000,1
1531164674620,1531164674595,260045,0.00002946,66.00000000,1
1531164693845,1531164693838,260046,0.00002945,343.00000000,1
1531164716980,1531164716973,260047,0.00002950,82.00000000,0
1531164716980,1531164716973,260048,0.00002955,1031.00000000,0
1531164737888,1531164737885,260049,0.00002954,115.00000000,0
1531164737888,1531164737885,260050,0.00002955,512.00000000,0
1531164746763,1531164746757,260051,0.00002955,432.00000000,0
1531164752147,1531164752142,260052,0.00002955,202.00000000,1
1531164760073,1531164760068,260053,0.00002955,74.00000000,1
1531164761147,1531164761142,260054,0.00002956,63.00000000,1
1531164761147,1531164761142,260055,0.00002955,122.00000000,1
1531164761953,1531164761946,260056,0.00002955,74.00000000,1
1531164777781,1531164777778,260057,0.00002956,28.00000000,1
1531164778881,1531164778875,260058,0.00002959,7154.00000000,0
1531164778896,1531164778891,260059,0.00002956,2811.00000000,1
1531164789506,1531164789501,260060,0.00002956,28.00000000,0
1531164791817,1531164791811,260061,0.00002962,454.00000000,0
1531164793586,1531164793585,260062,0.00002957,49.00000000,1
1531164794574,1531164794567,260063,0.00002962,237.00000000,0
1531164794574,1531164794567,260064,0.00002963,343.00000000,0
1531164794574,1531164794567,260065,0.00002967,60.00000000,0
1531164794574,1531164794567,260066,0.00002969,40.00000000,0
1531164794574,1531164794567,260067,0.00002970,1264.00000000,0
1531164794574,1531164794567,260068,0.00002974,358.00000000,0
1531164799275,1531164799269,260069,0.00002959,477.00000000,1
1531164799275,1531164799269,260070,0.00002958,121.00000000,1
1531164799275,1531164799269,260071,0.00002957,8.00000000,1
1531164799398,1531164799394,260072,0.00002958,169.00000000,1
1531164799398,1531164799394,260073,0.00002957,249.00000000,1
1531164799413,1531164799407,260074,0.00002972,409.00000000,0
1531164799636,1531164799633,260075,0.00002957,3.00000000,1
1531164799785,1531164799780,260076,0.00002957,83.00000000,1
1531164799917,1531164799914,260077,0.00002957,100.00000000,1
1531164806286,1531164806285,260078,0.00002958,218.00000000,1
1531164813796,1531164813788,260079,0.00002958,218.00000000,1
1531164815584,1531164815584,260080,0.00002958,162.00000000,1
1531164816499,1531164816493,260081,0.00002963,137.00000000,0
1531164816499,1531164816493,260082,0.00002964,23.00000000,0
1531164821799,1531164821792,260083,0.00002960,181.00000000,1
1531164826231,1531164826225,260084,0.00002962,4779.00000000,0
1531164826245,1531164826241,260085,0.00002960,2860.00000000,1
1531164826257,1531164826252,260086,0.00002960,2664.00000000,1
1531164828305,1531164828305,260087,0.00002959,98.00000000,1
1531164828355,1531164828351,260088,0.00002960,181.00000000,0
1531164828459,1531164828453,260089,0.00002960,212.00000000,1
1531164830474,1531164830468,260090,0.00002964,41.00000000,1
1531164830474,1531164830468,260091,0.00002962,98.00000000,1
1531164834890,1531164834888,260092,0.00002962,313.00000000,1
1531164839971,1531164839969,260093,0.00002962,162.00000000,1
1531164840486,1531164840480,260094,0.00002962,162.00000000,1
1531164841109,1531164841103,260095,0.00002962,3.00000000,1
1531164846379,1531164846371,260096,0.00002965,265.00000000,0
1531164846379,1531164846371,260097,0.00002973,1023.00000000,0
1531164846379,1531164846371,260098,0.00002974,5345.00000000,0
1531164846379,1531164846371,260099,0.00002983,2063.00000000,0
1531164846379,1531164846371,260100,0.00002984,1044.00000000,0
1531164846958,1531164846952,260101,0.00002963,3.00000000,1
1531164847892,1531164847886,260102,0.00002982,267.00000000,0
1531164847892,1531164847886,260103,0.00002983,2118.00000000,0
1531164848213,1531164848209,260104,0.00002964,267.00000000,1
1531164849011,1531164849004,260105,0.00002965,67.00000000,1
1531164849067,1531164849061,260106,0.00002983,580.00000000,0
1531164849079,1531164849072,260107,0.00002965,3.00000000,1
1531164850301,1531164850294,260108,0.00002984,146.00000000,0
1531164852086,1531164852082,260109,0.00002983,36.00000000,0
1531164853279,1531164853276,260110,0.00002983,9.00000000,0
1531164854472,1531164854467,260111,0.00002982,2.00000000,0
1531164855423,1531164855417,260112,0.00002965,25.00000000,1
1531164855671,1531164855666,260113,0.00002982,1.00000000,0
1531164858798,1531164858795,260114,0.00002968,155.00000000,1
1531164866726,1531164866719,260115,0.00002969,93.00000000,1
1531164866751,1531164866746,260116,0.00002969,283.00000000,1
1531164870108,1531164870106,260117,0.00002970,150.00000000,1
1531164870833,1531164870833,260118,0.00002970,283.00000000,1
1531164886706,1531164886700,260119,0.00002976,66.00000000,0
1531164888395,1531164888390,260120,0.00002971,139.00000000,1
1531164888678,1531164888672,260121,0.00002971,179.00000000,1
1531164889831,1531164889824,260122,0.00002971,102.00000000,1
1531164889831,1531164889824,260123,0.00002970,211.00000000,1
1531164890129,1531164890127,260124,0.00002976,198.00000000,0
1531164890502,1531164890495,260125,0.00002976,133.00000000,1
1531164903917,1531164903912,260126,0.00002976,134.00000000,1
1531164904062,1531164904062,260127,0.00002976,134.00000000,1
1531164910149,1531164910143,260128,0.00002976,245.00000000,1
1531164930502,1531164930496,260129,0.00002981,155.00000000,0
1531164933752,1531164933746,260130,0.00002979,2500.00000000,1
1531164933773,1531164933768,260131,0.00002979,1960.00000000,1
1531164937424,1531164937419,260132,0.00002984,155.00000000,0
1531164938631,1531164938625,260133,0.00002984,270.00000000,0
1531164939034,1531164939027,260134,0.00002987,35.00000000,0
1531164939034,1531164939027,260135,0.00002988,525.00000000,0
1531164939034,1531164939027,260136,0.00002989,922.00000000,0
1531164939034,1531164939027,260137,0.00002994,170.00000000,0
1531164939034,1531164939027,260138,0.00002997,148.00000000,0
1531164940900,1531164940893,260139,0.00002985,451.00000000,1
1531164942276,1531164942270,260140,0.00002985,127.00000000,1
1531164942394,1531164942388,260141,0.00002994,269.00000000,0
1531164942394,1531164942388,260142,0.00002995,2025.00000000,0
1531164942984,1531164942978,260143,0.00002996,3.00000000,1
1531164943205,1531164943200,260144,0.00002996,5916.00000000,1
1531164944363,1531164944358,260145,0.00002996,35.00000000,1
1531164945827,1531164945823,260146,0.00002991,7039.00000000,0
1531164945840,1531164945835,260147,0.00002985,2355.00000000,1
1531164946872,1531164946867,260148,0.00002985,578.00000000,0
1531164947095,1531164947088,260149,0.00002997,285.00000000,0
1531164947095,1531164947088,260150,0.00002998,1465.00000000,0
1531164948101,1531164948094,260151,0.00002987,117.00000000,1
1531164949404,1531164949398,260152,0.00002987,62.00000000,1
1531164950463,1531164950458,260153,0.00002988,58.00000000,1
1531164950713,1531164950707,260154,0.00002988,147.00000000,1
1531164952594,1531164952588,260155,0.00002997,205.00000000,0
1531164952594,1531164952588,260156,0.00002998,416.00000000,0
1531164953982,1531164953977,260157,0.00002994,3.00000000,1
1531164955973,1531164955966,260158,0.00002994,3.00000000,1
1531164956115,1531164956108,260159,0.00002998,404.00000000,0
1531164956115,1531164956108,260160,0.00003000,60.00000000,0
1531164956822,1531164956816,260161,0.00002994,29.00000000,1
1531164957134,1531164957130,260162,0.00002994,29.00000000,1
1531164958010,1531164958007,260163,0.00002994,3.00000000,1
1531164958794,1531164958793,260164,0.00002988,32.00000000,1
1531164959129,1531164959123,260165,0.00003000,1173.00000000,0
1531164960670,1531164960664,260166,0.00002988,52.00000000,1
1531164962901,1531164962898,260167,0.00002988,67.00000000,1
1531164963691,1531164963686,260168,0.00003000,94.00000000,0
1531164963728,1531164963723,260169,0.00002988,538.00000000,1
1531164963937,1531164963931,260170,0.00002988,138.00000000,0
1531164966338,1531164966334,260171,0.00002999,138.00000000,0
1531164966338,1531164966334,260172,0.00003000,26.00000000,0
1531164966338,1531164966334,260173,0.00003002,207.00000000,0
1531164966338,1531164966334,260174,0.00003008,242.00000000,0
1531164967371,1531164967368,260175,0.00003008,66.00000000,0
1531164970110,1531164970105,260176,0.00003000,199.00000000,0
1531164980892,1531164980886,260177,0.00002994,1023.00000000,0
1531164980892,1531164980886,260178,0.00003000,30.00000000,0
1531164981971,1531164981964,260179,0.00002992,3.00000000,1
1531164982767,1531164982761,260180,0.00003000,72.00000000,0
1531164983844,1531164983839,260181,0.00003000,50.00000000,1
1531164983978,1531164983977,260182,0.00003000,3.00000000,1
1531164984036,1531164984030,260183,0.00003000,303.00000000,1
1531164985870,1531164985864,260184,0.00003001,68.00000000,1
1531164985870,1531164985864,260185,0.00003000,235.00000000,1
1531164986075,1531164986070,260186,0.00003000,51.00000000,1
1531164986342,1531164986339,260187,0.00003000,3.00000000,1
1531164986366,1531164986360,260188,0.00003009,43.00000000,0
1531164987190,1531164987185,260189,0.00003000,153.00000000,1
1531164988260,1531164988256,260190,0.00003000,119.00000000,1
1531164988378,1531164988374,260191,0.00003000,3.00000000,1
1531164989341,1531164989334,260192,0.00003000,119.00000000,1
1531164990388,1531164990382,260193,0.00003000,46.00000000,1
1531164990453,1531164990448,260194,0.00003008,1800.00000000,0
1531164990978,1531164990977,260195,0.00003000,3.00000000,1
1531164993950,1531164993943,260196,0.00003000,48.00000000,1
1531164995151,1531164995145,260197,0.00003008,7625.00000000,0
1531164996458,1531164996450,260198,0.00003000,293.00000000,1
1531164996458,1531164996450,260199,0.00002995,516.00000000,1
1531164999770,1531164999763,260200,0.00002996,105.00000000,1
1531165005502,1531165005497,260201,0.00002998,42.00000000,1
1531165010096,1531165010090,260202,0.00003003,365.00000000,0
1531165012609,1531165012604,260203,0.00002999,35.00000000,1
1531165015826,1531165015822,260204,0.00002999,105.00000000,1
1531165029362,1531165029356,260205,0.00003000,207.00000000,1
1531165034114,1531165034112,260206,0.00003000,573.00000000,1
1531165037400,1531165037394,260207,0.00003000,69.00000000,1
1531165043807,1531165043801,260208,0.00003002,41.00000000,1
1531165044365,1531165044358,260209,0.00003006,5628.00000000,0
1531165044930,1531165044924,260210,0.00003007,589.00000000,0
1531165044931,1531165044924,260211,0.00003008,1554.00000000,0
1531165045593,1531165045587,260212,0.00003006,103.00000000,1
1531165049622,1531165049621,260213,0.00003008,92.00000000,1
1531165049988,1531165049982,260214,0.00003008,33.00000000,1
1531165050371,1531165050366,260215,0.00003008,686.00000000,1
1531165050371,1531165050366,260216,0.00003006,1602.00000000,1
1531165050371,1531165050366,260217,0.00003002,340.00000000,1
1531165051462,1531165051456,260218,0.00003001,145.00000000,1
1531165051611,1531165051606,260219,0.00003002,141.00000000,0
1531165051694,1531165051690,260220,0.00003008,34.00000000,1
1531165052911,1531165052904,260221,0.00003008,68.00000000,1
1531165061093,1531165061087,260222,0.00003008,140.00000000,1
1531165061281,1531165061274,260223,0.00003010,60.00000000,0
1531165061728,1531165061723,260224,0.00003011,77.00000000,1
1531165061803,1531165061800,260225,0.00003011,177.00000000,1
1531165062287,1531165062282,260226,0.00003011,3337.00000000,1
1531165062360,1531165062354,260227,0.00003011,18.00000000,1
1531165062360,1531165062354,260228,0.00003008,36.00000000,1
1531165062560,1531165062554,260229,0.00003008,89.00000000,1
1531165062654,1531165062649,260230,0.00003008,140.00000000,1
1531165076008,1531165076003,260231,0.00003008,790.00000000,1
1531165076638,1531165076633,260232,0.00003004,300.00000000,1
1531165084105,1531165084098,260233,0.00003007,2052.00000000,0
1531165084117,1531165084113,260234,0.00003004,1936.00000000,1
1531165084237,1531165084230,260235,0.00003004,129.00000000,1
1531165084237,1531165084230,260236,0.00003003,2471.00000000,1
1531165084237,1531165084230,260237,0.00003002,1832.00000000,1
1531165084237,1531165084230,260238,0.00003000,2053.00000000,1
1531165084914,1531165084909,260239,0.00003000,197.00000000,0
1531165085594,1531165085590,260240,0.00002999,70.00000000,1
1531165085736,1531165085731,260241,0.00002999,358.00000000,1
1531165086624,1531165086615,260242,0.00002998,79.00000000,1
1531165087195,1531165087190,260243,0.00002998,1566.00000000,1
1531165088759,1531165088752,260244,0.00002984,130.00000000,1
1531165088989,1531165088982,260245,0.00002984,96.00000000,1
1531165088989,1531165088982,260246,0.00002981,167.00000000,1
1531165088989,1531165088982,260247,0.00002980,83.00000000,1
1531165089267,1531165089262,260248,0.00002980,216.00000000,1
1531165089267,1531165089262,260249,0.00002978,129.00000000,1
1531165090052,1531165090046,260250,0.00002979,348.00000000,1
1531165090689,1531165090682,260251,0.00002979,274.00000000,1
1531165090689,1531165090682,260252,0.00002978,74.00000000,1
1531165091175,1531165091169,260253,0.00002978,41.00000000,1
1531165091622,1531165091616,260254,0.00002992,60.00000000,0
1531165101595,1531165101589,260255,0.00002992,250.00000000,0
1531165104436,1531165104431,260256,0.00002992,312.00000000,0
1531165109859,1531165109852,260257,0.00002992,1790.00000000,1
1531165111326,1531165111320,260258,0.00002991,1263.00000000,0
1531165122950,1531165122944,260259,0.00002992,5662.00000000,1
1531165130418,1531165130411,260260,0.00002993,244.00000000,0
1531165130418,1531165130411,260261,0.00002995,299.00000000,0
1531165130418,1531165130411,260262,0.00002996,167.00000000,0
1531165130418,1531165130411,260263,0.00003008,431.00000000,0
1531165130418,1531165130411,260264,0.00003011,177.00000000,0
1531165130418,1531165130411,260265,0.00003013,1150.00000000,0
1531165130418,1531165130411,260266,0.00003017,9209.00000000,0
1531165134450,1531165134446,260267,0.00003016,429.00000000,0
1531165134450,1531165134446,260268,0.00003017,2492.00000000,0
1531165141216,1531165141210,260269,0.00003017,940.00000000,0
1531165141447,1531165141442,260270,0.00003017,1251.00000000,1
1531165145342,1531165145336,260271,0.00003017,567.00000000,0
1531165146164,1531165146158,260272,0.00003017,1076.00000000,1
1531165146191,1531165146185,260273,0.00003017,67.00000000,1
1531165148936,1531165148934,260274,0.00003017,158.00000000,1
1531165153156,1531165153150,260275,0.00003017,3337.00000000,1
1531165153341,1531165153335,260276,0.00003017,217.00000000,1
1531165156171,1531165156168,260277,0.00003018,1409.00000000,1
1531165171956,1531165171949,260278,0.00003019,358.00000000,0
1531165171956,1531165171949,260279,0.00003023,2446.00000000,0
1531165178131,1531165178125,260280,0.00003023,1246.00000000,0
1531165178147,1531165178144,260281,0.00003023,100.00000000,1
1531165178228,1531165178222,260282,0.00003023,2445.00000000,1
1531165178289,1531165178283,260283,0.00003023,84.00000000,1
1531165178301,1531165178295,260284,0.00003023,513.00000000,1
1531165178491,1531165178485,260285,0.00003023,1734.00000000,1
1531165188970,1531165188968,260286,0.00003011,238.00000000,1
1531165188980,1531165188973,260287,0.00003011,278.00000000,1
1531165196539,1531165196534,260288,0.00003013,161.00000000,1
1531165245192,1531165245186,260289,0.00003012,442.00000000,0
1531165245192,1531165245186,260290,0.00003013,341.00000000,0
1531165245192,1531165245186,260291,0.00003022,74.00000000,0
1531165245192,1531165245186,260292,0.00003023,2321.00000000,0
1531165252641,1531165252639,260293,0.00003023,152.00000000,0
1531165256013,1531165256007,260294,0.00003023,1592.00000000,0
1531165257472,1531165257469,260295,0.00003023,1311.00000000,0
1531165271987,1531165271981,260296,0.00003022,519.00000000,0
1531165274412,1531165274410,260297,0.00003009,43.00000000,1
1531165280671,1531165280665,260298,0.00003008,76.00000000,1
1531165297699,1531165297697,260299,0.00003020,43.00000000,0
1531165299072,1531165299065,260300,0.00003020,106.00000000,1
1531165303113,1531165303108,260301,0.00003020,133.00000000,1
1531165339389,1531165339383,260302,0.00003010,50.00000000,0
1531165339389,1531165339383,260303,0.00003020,838.00000000,0
1531165342825,1531165342818,260304,0.00003010,37.00000000,1
1531165379932,1531165379927,260305,0.00003010,75.00000000,1
1531165405254,1531165405248,260306,0.00003013,445.00000000,1
1531165406532,1531165406526,260307,0.00003012,369.00000000,1
1531165411595,1531165411589,260308,0.00003012,292.00000000,1
1531165422295,1531165422289,260309,0.00003019,37.00000000,0
1531165422360,1531165422354,260310,0.00003013,37.00000000,1
1531165425946,1531165425940,260311,0.00003020,372.00000000,0
1531165425946,1531165425940,260312,0.00003021,2684.00000000,0
1531165440318,1531165440311,260313,0.00003021,478.00000000,0
1531165441336,1531165441311,260314,0.00003015,300.00000000,1
1531165441583,1531165441577,260315,0.00003015,1200.00000000,1
1531165441583,1531165441577,260316,0.00003014,1211.00000000,1
1531165442267,1531165442260,260317,0.00003013,263.00000000,1
1531165442267,1531165442260,260318,0.00003012,37.00000000,1
1531165461550,1531165461544,260319,0.00003019,1049.00000000,1
1531165462394,1531165462388,260320,0.00003019,524.00000000,1
1531165482306,1531165482285,260321,0.00003020,3375.00000000,0
1531165482308,1531165482303,260322,0.00003021,34.00000000,0
1531165482328,1531165482323,260323,0.00003021,2961.00000000,0
1531165483232,1531165483228,260324,0.00003019,335.00000000,1
1531165489561,1531165489555,260325,0.00003022,174.00000000,0
1531165492543,1531165492536,260326,0.00003021,122.00000000,1
1531165492543,1531165492536,260327,0.00003019,191.00000000,1
1531165519291,1531165519285,260328,0.00003020,502.00000000,1
1531165523278,1531165523272,260329,0.00003021,551.00000000,1
1531165523278,1531165523272,260330,0.00003020,1617.00000000,1
1531165543618,1531165543612,260331,0.00003019,74.00000000,1
1531165547288,1531165547284,260332,0.00003019,60.00000000,1
1531165553937,1531165553932,260333,0.00003019,1195.00000000,1
1531165556681,1531165556675,260334,0.00003019,1626.00000000,0
1531165556681,1531165556675,260335,0.00003021,100.00000000,0
1531165560231,1531165560225,260336,0.00003022,1338.00000000,0
1531165560264,1531165560257,260337,0.00003023,246.00000000,0
1531165560321,1531165560317,260338,0.00003023,992.00000000,0
1531165560438,1531165560433,260339,0.00003021,503.00000000,1
1531165581861,1531165581854,260340,0.00003022,134.00000000,0
1531165589371,1531165589364,260341,0.00003022,832.00000000,1
1531165589371,1531165589364,260342,0.00003021,638.00000000,1
1531165609981,1531165609976,260343,0.00003021,1047.00000000,1
1531165618234,1531165618229,260344,0.00003021,45.00000000,1
1531165627266,1531165627260,260345,0.00003022,1965.00000000,0
1531165630933,1531165630928,260346,0.00003021,990.00000000,1
1531165642446,1531165642440,260347,0.00003022,162.00000000,1
1531165642446,1531165642440,260348,0.00003022,534.00000000,1
1531165651421,1531165651415,260349,0.00003022,575.00000000,0
1531165710475,1531165710469,260350,0.00003022,1143.00000000,0
1531165742538,1531165742533,260351,0.00003022,41.00000000,1
1531165751562,1531165751553,260352,0.00003022,973.00000000,1
1531165758505,1531165758499,260353,0.00003022,49.00000000,1
1531165777196,1531165777194,260354,0.00003022,2355.00000000,1
1531165777196,1531165777194,260355,0.00003021,200.00000000,1
1531165777196,1531165777194,260356,0.00003019,126.00000000,1
1531165786082,1531165786077,260357,0.00003020,99.00000000,1
1531165786086,1531165786082,260358,0.00003020,246.00000000,1
1531165790845,1531165790839,260359,0.00003020,318.00000000,1
1531165796821,1531165796815,260360,0.00003020,221.00000000,0
1531165807264,1531165807258,260361,0.00003020,113.00000000,0
1531165826955,1531165826948,260362,0.00003019,1799.00000000,1
1531165826974,1531165826968,260363,0.00003019,3585.00000000,0
1531165826989,1531165826984,260364,0.00003020,11.00000000,0
1531165833503,1531165833496,260365,0.00003020,87.00000000,1
1531165838707,1531165838702,260366,0.00003020,50.00000000,1
1531165839504,1531165839498,260367,0.00003020,50.00000000,1
1531165844797,1531165844794,260368,0.00003020,92.00000000,1
1531165847119,1531165847112,260369,0.00003020,373.00000000,1
1531165847119,1531165847112,260370,0.00003019,1272.00000000,1
1531165856194,1531165856189,260371,0.00003021,6757.00000000,0
1531165856203,1531165856197,260372,0.00003020,2346.00000000,1
1531165856230,1531165856225,260373,0.00003020,2964.00000000,1
1531165856250,1531165856243,260374,0.00003019,527.00000000,1
1531165885765,1531165885759,260375,0.00003016,488.00000000,1
1531165885783,1531165885778,260376,0.00003016,833.00000000,1
1531165885804,1531165885799,260377,0.00003019,4857.00000000,0
1531165902708,1531165902702,260378,0.00003020,1295.00000000,1
1531165902730,1531165902725,260379,0.00003020,196.00000000,1
1531165902753,1531165902748,260380,0.00003019,527.00000000,1
1531165914183,1531165914177,260381,0.00003015,2116.00000000,1
1531165915300,1531165915296,260382,0.00003019,783.00000000,0
1531165924896,1531165924890,260383,0.00003015,1034.00000000,1
1531165924919,1531165924918,260384,0.00003015,399.00000000,0
1531165933927,1531165933921,260385,0.00003015,1.00000000,0
1531165933927,1531165933921,260386,0.00003019,353.00000000,0
1531165938704,1531165938700,260387,0.00003010,50.00000000,1
1531165938704,1531165938700,260388,0.00003010,157.00000000,1
1531165938723,1531165938719,260389,0.00003010,417.00000000,0
1531165944028,1531165944021,260390,0.00003010,1254.00000000,1
1531165944028,1531165944021,260391,0.00003001,765.00000000,1
1531165944028,1531165944021,260392,0.00002998,428.00000000,1
1531165944028,1531165944021,260393,0.00002995,102.00000000,1
1531165944028,1531165944021,260394,0.00002993,390.00000000,1
1531165944030,1531165944021,260395,0.00002993,210.00000000,1
1531165944030,1531165944021,260396,0.00002992,199.00000000,1
1531165944030,1531165944021,260397,0.00002991,642.00000000,1
1531165944043,1531165944038,260398,0.00003001,307.00000000,0
1531165944745,1531165944743,260399,0.00003008,199.00000000,0
1531165944899,1531165944894,260400,0.00003014,199.00000000,0
1531165945036,1531165945030,260401,0.00003009,150.00000000,1
1531165945101,1531165945096,260402,0.00003009,400.00000000,1
1531165945898,1531165945895,260403,0.00003010,150.00000000,1
1531165946076,1531165946071,260404,0.00003010,150.00000000,1
1531165946191,1531165946186,260405,0.00003010,150.00000000,1
1531165948428,1531165948421,260406,0.00003012,43.00000000,0
1531165952507,1531165952502,260407,0.00003016,206.00000000,0
1531165953725,1531165953720,260408,0.00003016,1.00000000,0
1531165953725,1531165953720,260409,0.00003017,33.00000000,0
1531165954451,1531165954446,260410,0.00003017,34.00000000,0
1531165954663,1531165954656,260411,0.00003017,1.00000000,0
1531165954663,1531165954656,260412,0.00003018,33.00000000,0
1531165974333,1531165974329,260413,0.00003011,2522.00000000,1
1531165974353,1531165974349,260414,0.00003011,469.00000000,1
1531166074494,1531166074492,260415,0.00003001,219.00000000,1
1531166074494,1531166074492,260416,0.00003000,116.00000000,1
1531166082645,1531166082639,260417,0.00002999,105.00000000,0
1531166084932,1531166084926,260418,0.00002996,34.00000000,1
1531166084932,1531166084926,260419,0.00002995,34.00000000,1
1531166084932,1531166084926,260420,0.00002993,34.00000000,1
1531166086245,1531166086239,260421,0.00002990,3.00000000,0
1531166088110,1531166088103,260422,0.00002990,3.00000000,0
1531166089147,1531166089141,260423,0.00002989,82.00000000,1
1531166100350,1531166100344,260424,0.00002990,1746.00000000,1
1531166100350,1531166100344,260425,0.00002989,2.00000000,1
1531166121194,1531166121185,260426,0.00002989,1558.00000000,1
1531166121194,1531166121185,260427,0.00002987,150.00000000,1
1531166121194,1531166121185,260428,0.00002985,447.00000000,1
1531166121194,1531166121185,260429,0.00002984,802.00000000,1
1531166121194,1531166121185,260430,0.00002983,43.00000000,1
1531166121194,1531166121185,260431,0.00002982,592.00000000,1
1531166121194,1531166121185,260432,0.00002981,211.00000000,1
1531166121209,1531166121204,260433,0.00002982,39.00000000,0
1531166121219,1531166121213,260434,0.00002982,246.00000000,0
1531166121704,1531166121700,260435,0.00002982,654.00000000,0
1531166121727,1531166121721,260436,0.00002982,1992.00000000,0
1531166121983,1531166121979,260437,0.00002982,1043.00000000,0
1531166121991,1531166121986,260438,0.00002982,3338.00000000,0
1531166122002,1531166121995,260439,0.00002982,737.00000000,0
1531166122161,1531166122157,260440,0.00002999,3.00000000,0
1531166174459,1531166174452,260441,0.00002993,219.00000000,0
1531166174459,1531166174452,260442,0.00002996,43.00000000,0
1531166174459,1531166174452,260443,0.00002998,649.00000000,0
1531166193566,1531166193559,260444,0.00002987,134.00000000,1
1531166197955,1531166197948,260445,0.00002987,787.00000000,1
1531166222547,1531166222540,260446,0.00002986,194.00000000,1
1531166224381,1531166224375,260447,0.00002986,66.00000000,1
1531166246600,1531166246594,260448,0.00002988,3563.00000000,0
1531166246616,1531166246611,260449,0.00002990,1414.00000000,0
1531166254294,1531166254290,260450,0.00002988,1444.00000000,0
1531166254305,1531166254304,260451,0.00002990,1444.00000000,0
1531166254327,1531166254321,260452,0.00002990,1363.00000000,0
1531166314270,1531166314264,260453,0.00002991,150.00000000,0
1531166319792,1531166319785,260454,0.00002990,197.00000000,1
1531166321119,1531166321113,260455,0.00002991,68.00000000,0
1531166324003,1531166323996,260456,0.00002990,1085.00000000,1
1531166344350,1531166344344,260457,0.00002990,407.00000000,1
1531166354972,1531166354968,260458,0.00002990,417.00000000,1
1531166366155,1531166366150,260459,0.00002991,1907.00000000,0
1531166383052,1531166383046,260460,0.00002992,630.00000000,0
1531166387707,1531166387701,260461,0.00002992,562.00000000,0
1531166399988,1531166399982,260462,0.00002993,150.00000000,0
1531166440557,1531166440551,260463,0.00003000,319.00000000,0
1531166455841,1531166455836,260464,0.00003000,40.00000000,1
1531166461558,1531166461551,260465,0.00003000,88.00000000,1
1531166466280,1531166466274,260466,0.00003001,514.00000000,1
1531166493909,1531166493903,260467,0.00003002,175.00000000,0
1531166507363,1531166507357,260468,0.00003002,50.00000000,0
1531166517549,1531166517543,260469,0.00003002,134.00000000,0
1531166520968,1531166520939,260470,0.00003002,34.00000000,0
1531166522218,1531166522211,260471,0.00003002,5.00000000,0
1531166522218,1531166522211,260472,0.00003006,554.00000000,0
1531166538444,1531166538439,260473,0.00003007,404.00000000,0
1531166546550,1531166546543,260474,0.00003007,1396.00000000,0
1531166546568,1531166546566,260475,0.00003009,2835.00000000,0
1531166546589,1531166546583,260476,0.00003009,629.00000000,0
1531166548670,1531166548664,260477,0.00003008,428.00000000,0
1531166588213,1531166588206,260478,0.00003009,3.00000000,1
1531166588590,1531166588583,260479,0.00003009,55.00000000,1
1531166590973,1531166590966,260480,0.00003009,2756.00000000,1
1531166592928,1531166592926,260481,0.00003010,69.00000000,0
1531166592928,1531166592926,260482,0.00003011,200.00000000,0
1531166592928,1531166592926,260483,0.00003013,34.00000000,0
1531166592928,1531166592926,260484,0.00003014,132.00000000,0
1531166592928,1531166592926,260485,0.00003016,48.00000000,0
1531166598840,1531166598834,260486,0.00003008,46.00000000,1
1531166601351,1531166601344,260487,0.00003009,34.00000000,0
1531166614545,1531166614540,260488,0.00003009,234.00000000,0
1531166640916,1531166640910,260489,0.00003016,300.00000000,0
1531166640916,1531166640910,260490,0.00003016,347.00000000,0
1531166654282,1531166654277,260491,0.00003016,37.00000000,0
1531166660534,1531166660528,260492,0.00003016,3.00000000,1
1531166661612,1531166661606,260493,0.00003016,1669.00000000,1
1531166669534,1531166669532,260494,0.00003017,68.00000000,0
1531166669534,1531166669532,260495,0.00003020,84.00000000,0
1531166682563,1531166682562,260496,0.00003020,34.00000000,0
1531166686158,1531166686153,260497,0.00003020,281.00000000,0
1531166686176,1531166686169,260498,0.00003020,2810.00000000,0
1531166701730,1531166701725,260499,0.00003020,34.00000000,1
1531166701746,1531166701741,260500,0.00003020,1903.00000000,0
1531166701759,1531166701754,260501,0.00003020,34.00000000,1
1531166701865,1531166701859,260502,0.00003020,2810.00000000,0
1531166702247,1531166702241,260503,0.00003021,34.00000000,0
1531166707622,1531166707617,260504,0.00003020,232.00000000,1
1531166715646,1531166715643,260505,0.00003021,34.00000000,0
1531166725301,1531166725296,260506,0.00003021,1735.00000000,1
1531166725320,1531166725319,260507,0.00003021,1526.00000000,0
1531166725337,1531166725336,260508,0.00003021,1735.00000000,1
1531166766806,1531166766798,260509,0.00003022,101.00000000,0
1531166766806,1531166766798,260510,0.00003023,60.00000000,0
1531166766806,1531166766798,260511,0.00003024,400.00000000,0
1531166766806,1531166766798,260512,0.00003025,1440.00000000,0
1531166768530,1531166768524,260513,0.00003021,16.00000000,1
1531166788109,1531166788103,260514,0.00003023,2425.00000000,0
1531166788129,1531166788123,260515,0.00003022,34.00000000,1
1531166788153,1531166788146,260516,0.00003022,978.00000000,1
1531166800782,1531166800776,260517,0.00003022,1121.00000000,1
1531166827630,1531166827627,260518,0.00003025,2437.00000000,0
1531166838752,1531166838746,260519,0.00003024,2042.00000000,1
1531166845068,1531166845063,260520,0.00003026,67.00000000,0
1531166846074,1531166846072,260521,0.00003024,43.00000000,1
1531166846967,1531166846961,260522,0.00003024,86.00000000,1
1531166846967,1531166846961,260523,0.00003023,190.00000000,1
1531166848769,1531166848763,260524,0.00003026,3265.00000000,0
1531166848769,1531166848763,260525,0.00003031,360.00000000,0
1531166848769,1531166848763,260526,0.00003032,449.00000000,0
1531166850532,1531166850531,260527,0.00003023,401.00000000,1
1531166862633,1531166862627,260528,0.00003032,86.00000000,0
1531166864955,1531166864952,260529,0.00003032,34.00000000,0
1531166866354,1531166866348,260530,0.00003024,2147.00000000,1
1531166868962,1531166868957,260531,0.00003032,86.00000000,0
1531166872268,1531166872261,260532,0.00003032,559.00000000,0
1531166872268,1531166872261,260533,0.00003033,71.00000000,0
1531166884960,1531166884955,260534,0.00003033,34.00000000,0
1531166904293,1531166904286,260535,0.00003024,232.00000000,1
1531166904404,1531166904396,260536,0.00003025,34.00000000,0
1531166910085,1531166910080,260537,0.00003024,580.00000000,1
1531166910110,1531166910105,260538,0.00003024,2820.00000000,1
1531166920634,1531166920628,260539,0.00003025,16.00000000,0
1531166930036,1531166930032,260540,0.00003027,247.00000000,1
1531166943069,1531166943064,260541,0.00003024,61.00000000,1
1531166948589,1531166948583,260542,0.00003025,193.00000000,1
1531166966482,1531166966477,260543,0.00003029,846.00000000,0
1531166966499,1531166966494,260544,0.00003026,206.00000000,1
1531166966510,1531166966504,260545,0.00003026,504.00000000,1
1531166987969,1531166987963,260546,0.00003024,2533.00000000,1
1531167023795,1531167023790,260547,0.00003026,904.00000000,1
1531167023795,1531167023790,260548,0.00003025,357.00000000,1
1531167040509,1531167040503,260549,0.00003033,329.00000000,0
1531167050364,1531167050358,260550,0.00003033,1041.00000000,0
1531167059282,1531167059276,260551,0.00003033,159.00000000,1
1531167062126,1531167062122,260552,0.00003033,300.00000000,1
1531167063199,1531167063199,260553,0.00003033,122.00000000,1
1531167064676,1531167064670,260554,0.00003033,326.00000000,1
1531167065157,1531167065151,260555,0.00003033,10.00000000,1
1531167065627,1531167065620,260556,0.00003031,182.00000000,0
1531167065627,1531167065620,260557,0.00003034,1636.00000000,0
1531167067588,1531167067583,260558,0.00003034,1677.00000000,0
1531167067932,1531167067925,260559,0.00003034,34.00000000,0
1531167072962,1531167072955,260560,0.00003034,928.00000000,0
1531167074095,1531167074088,260561,0.00003034,192.00000000,1
1531167074848,1531167074842,260562,0.00003034,2606.00000000,1
1531167079972,1531167079967,260563,0.00003035,248.00000000,0
1531167083358,1531167083356,260564,0.00003036,34.00000000,0
1531167083358,1531167083356,260565,0.00003038,66.00000000,0
1531167083358,1531167083356,260566,0.00003039,67.00000000,0
1531167083358,1531167083356,260567,0.00003040,52.00000000,0
1531167083358,1531167083356,260568,0.00003042,281.00000000,0
1531167093222,1531167093215,260569,0.00003036,3055.00000000,1
1531167095791,1531167095791,260570,0.00003043,500.00000000,0
1531167096979,1531167096974,260571,0.00003043,400.00000000,0
1531167104608,1531167104602,260572,0.00003042,943.00000000,0
1531167105176,1531167105170,260573,0.00003042,326.00000000,1
1531167105625,1531167105620,260574,0.00003043,34.00000000,0
1531167105848,1531167105841,260575,0.00003042,54.00000000,1
1531167106266,1531167106261,260576,0.00003042,3.00000000,1
1531167107253,1531167107246,260577,0.00003042,180.00000000,1
1531167114122,1531167114118,260578,0.00003042,314.00000000,1
1531167119475,1531167119469,260579,0.00003043,225.00000000,0
1531167121909,1531167121903,260580,0.00003043,90.00000000,1
1531167124003,1531167123998,260581,0.00003043,74.00000000,1
1531167124810,1531167124804,260582,0.00003044,37.00000000,0
1531167124810,1531167124804,260583,0.00003045,1698.00000000,0
1531167127454,1531167127448,260584,0.00003044,2702.00000000,1
1531167143189,1531167143183,260585,0.00003046,419.00000000,0
1531167146038,1531167146032,260586,0.00003046,1000.00000000,0
1531167146142,1531167146136,260587,0.00003046,562.00000000,0
1531167146391,1531167146385,260588,0.00003049,139.00000000,0
1531167159603,1531167159599,260589,0.00003047,50.00000000,1
1531167160452,1531167160447,260590,0.00003047,85.00000000,1
1531167160452,1531167160447,260591,0.00003046,264.00000000,1
1531167161255,1531167161252,260592,0.00003049,34.00000000,0
1531167161953,1531167161948,260593,0.00003046,50.00000000,1
1531167163589,1531167163585,260594,0.00003046,57.00000000,1
1531167164592,1531167164585,260595,0.00003046,57.00000000,1
1531167164717,1531167164715,260596,0.00003046,200.00000000,1
1531167165066,1531167165060,260597,0.00003046,6817.00000000,1
1531167171872,1531167171869,260598,0.00003046,326.00000000,1
1531167180480,1531167180478,260599,0.00003048,466.00000000,1
1531167180480,1531167180478,260600,0.00003046,1557.00000000,1
1531167182430,1531167182422,260601,0.00003046,672.00000000,1
1531167187907,1531167187903,260602,0.00003048,2451.00000000,0
1531167188040,1531167188034,260603,0.00003048,281.00000000,0
1531167195284,1531167195280,260604,0.00003048,99.00000000,1
1531167203891,1531167203885,260605,0.00003048,471.00000000,1
1531167205305,1531167205299,260606,0.00003049,159.00000000,0
1531167211248,1531167211241,260607,0.00003049,511.00000000,0
1531167211248,1531167211241,260608,0.00003050,985.00000000,0
1531167215242,1531167215237,260609,0.00003049,35.00000000,1
1531167215872,1531167215865,260610,0.00003049,293.00000000,1
1531167215872,1531167215865,260611,0.00003048,55.00000000,1
1531167217838,1531167217831,260612,0.00003048,2279.00000000,1
1531167219202,1531167219196,260613,0.00003048,368.00000000,1
1531167224403,1531167224397,260614,0.00003048,676.00000000,1
1531167234724,1531167234719,260615,0.00003048,35.00000000,1
1531167243392,1531167243386,260616,0.00003049,2255.00000000,0
1531167246240,1531167246235,260617,0.00003049,133.00000000,0
1531167247166,1531167247162,260618,0.00003049,2640.00000000,0
1531167260932,1531167260925,260619,0.00003050,25.00000000,0
1531167260932,1531167260925,260620,0.00003052,102.00000000,0
1531167260932,1531167260925,260621,0.00003055,129.00000000,0
1531167260932,1531167260925,260622,0.00003056,244.00000000,0
1531167266560,1531167266553,260623,0.00003056,200.00000000,0
1531167271783,1531167271778,260624,0.00003051,35.00000000,1
1531167272956,1531167272950,260625,0.00003056,1537.00000000,0
1531167276466,1531167276459,260626,0.00003056,162.00000000,1
1531167282740,1531167282735,260627,0.00003056,39.00000000,1
1531167286232,1531167286226,260628,0.00003057,34.00000000,0
1531167288429,1531167288422,260629,0.00003058,366.00000000,0
1531167288429,1531167288422,260630,0.00003060,1791.00000000,0
1531167288962,1531167288961,260631,0.00003056,127.00000000,1
1531167289495,1531167289488,260632,0.00003056,206.00000000,1
1531167289646,1531167289642,260633,0.00003060,216.00000000,0
1531167289689,1531167289681,260634,0.00003060,800.00000000,1
1531167294213,1531167294207,260635,0.00003060,947.00000000,1
1531167294415,1531167294409,260636,0.00003061,67.00000000,0
1531167294415,1531167294409,260637,0.00003063,3520.00000000,0
1531167295293,1531167295286,260638,0.00003063,132.00000000,1
1531167296918,1531167296911,260639,0.00003064,1975.00000000,0
1531167297323,1531167297317,260640,0.00003064,50.00000000,1
1531167300430,1531167300425,260641,0.00003065,2458.00000000,0
1531167300549,1531167300544,260642,0.00003065,498.00000000,0
1531167302323,1531167302321,260643,0.00003064,170.00000000,1
1531167303188,1531167303182,260644,0.00003064,1614.00000000,1
1531167305026,1531167305020,260645,0.00003064,42.00000000,1
1531167305738,1531167305732,260646,0.00003064,192.00000000,1
1531167306150,1531167306145,260647,0.00003065,64.00000000,1
1531167307634,1531167307628,260648,0.00003065,134.00000000,1
1531167307634,1531167307628,260649,0.00003064,10.00000000,1
1531167310533,1531167310527,260650,0.00003064,93.00000000,1
1531167311186,1531167311179,260651,0.00003066,1280.00000000,0
1531167313030,1531167313026,260652,0.00003064,56.00000000,1
1531167313869,1531167313863,260653,0.00003067,980.00000000,0
1531167314447,1531167314440,260654,0.00003066,50.00000000,1
1531167318558,1531167318550,260655,0.00003066,141.00000000,1
1531167319256,1531167319252,260656,0.00003066,15.00000000,1
1531167319256,1531167319252,260657,0.00003064,418.00000000,1
1531167319590,1531167319590,260658,0.00003064,61.00000000,1
1531167320928,1531167320922,260659,0.00003066,1131.00000000,1
1531167322974,1531167322967,260660,0.00003066,141.00000000,1
1531167323371,1531167323365,260661,0.00003066,273.00000000,1
1531167324609,1531167324603,260662,0.00003066,735.00000000,1
1531167324609,1531167324603,260663,0.00003064,121.00000000,1
1531167326883,1531167326878,260664,0.00003067,3.00000000,0
1531167326883,1531167326878,260665,0.00003068,30.00000000,0
1531167327619,1531167327613,260666,0.00003064,257.00000000,1
1531167329512,1531167329506,260667,0.00003066,138.00000000,1
1531167332019,1531167332018,260668,0.00003066,70.00000000,1
1531167332122,1531167332117,260669,0.00003066,71.00000000,1
1531167332806,1531167332799,260670,0.00003068,851.00000000,0
1531167332924,1531167332920,260671,0.00003068,246.00000000,1
1531167333282,1531167333275,260672,0.00003068,97.00000000,1
1531167334999,1531167334994,260673,0.00003068,50.00000000,1
1531167335136,1531167335130,260674,0.00003068,42.00000000,1
1531167340139,1531167340132,260675,0.00003068,67.00000000,1
1531167341117,1531167341115,260676,0.00003068,202.00000000,1
1531167345741,1531167345734,260677,0.00003068,200.00000000,1
1531167349182,1531167349179,260678,0.00003070,104.00000000,0
1531167349182,1531167349179,260679,0.00003073,270.00000000,0
1531167353357,1531167353351,260680,0.00003073,215.00000000,0
1531167357998,1531167357992,260681,0.00003073,554.00000000,0
1531167358881,1531167358873,260682,0.00003074,36.00000000,0
1531167358881,1531167358873,260683,0.00003075,86.00000000,0
1531167358881,1531167358873,260684,0.00003076,526.00000000,0
1531167359314,1531167359314,260685,0.00003073,338.00000000,1
1531167360359,1531167360353,260686,0.00003073,156.00000000,1
1531167361695,1531167361691,260687,0.00003074,221.00000000,1
1531167363714,1531167363714,260688,0.00003074,179.00000000,1
1531167364384,1531167364381,260689,0.00003076,50.00000000,0
1531167364605,1531167364601,260690,0.00003074,806.00000000,1
1531167364674,1531167364673,260691,0.00003074,361.00000000,1
1531167364952,1531167364945,260692,0.00003074,1262.00000000,1
1531167364952,1531167364945,260693,0.00003073,351.00000000,1
1531167366832,1531167366829,260694,0.00003073,140.00000000,1
1531167367642,1531167367641,260695,0.00003073,2771.00000000,1
1531167368317,1531167368311,260696,0.00003073,3.00000000,1
1531167371869,1531167371863,260697,0.00003073,62.00000000,1
1531167372070,1531167372062,260698,0.00003076,423.00000000,0
1531167373355,1531167373349,260699,0.00003073,1161.00000000,1
1531167375340,1531167375339,260700,0.00003073,32.00000000,0
1531167376878,1531167376872,260701,0.00003073,120.00000000,0
1531167377263,1531167377258,260702,0.00003069,130.00000000,1
1531167377281,1531167377276,260703,0.00003073,32.00000000,0
1531167384420,1531167384414,260704,0.00003069,70.00000000,1
1531167389248,1531167389242,260705,0.00003069,2996.00000000,1
1531167389845,1531167389838,260706,0.00003069,178.00000000,0
1531167390228,1531167390227,260707,0.00003069,639.00000000,0
1531167392361,1531167392355,260708,0.00003068,671.00000000,1
1531167392873,1531167392873,260709,0.00003069,126.00000000,0
1531167393262,1531167393255,260710,0.00003069,3831.00000000,0
1531167393262,1531167393255,260711,0.00003076,878.00000000,0
1531167393262,1531167393255,260712,0.00003077,237.00000000,0
1531167393262,1531167393255,260713,0.00003078,66.00000000,0
1531167393262,1531167393255,260714,0.00003080,64.00000000,0
1531167393262,1531167393255,260715,0.00003081,712.00000000,0
1531167393262,1531167393255,260716,0.00003087,33.00000000,0
1531167393262,1531167393255,260717,0.00003090,388.00000000,0
1531167393262,1531167393255,260718,0.00003094,800.00000000,0
1531167393622,1531167393616,260719,0.00003094,1113.00000000,1
1531167393626,1531167393620,260720,0.00003094,648.00000000,1
1531167393679,1531167393672,260721,0.00003094,197.00000000,1
1531167393753,1531167393747,260722,0.00003094,2133.00000000,1
1531167393884,1531167393877,260723,0.00003094,1557.00000000,1
1531167394659,1531167394653,260724,0.00003071,58.00000000,1
1531167395389,1531167395381,260725,0.00003071,136.00000000,1
1531167395389,1531167395381,260726,0.00003068,2403.00000000,1
1531167395842,1531167395836,260727,0.00003075,1445.00000000,0
1531167399063,1531167399057,260728,0.00003075,41.00000000,0
1531167400191,1531167400186,260729,0.00003075,1888.00000000,0
1531167400277,1531167400270,260730,0.00003076,342.00000000,0
1531167403821,1531167403815,260731,0.00003076,915.00000000,0
1531167404438,1531167404433,260732,0.00003076,84.00000000,1
1531167407585,1531167407578,260733,0.00003076,323.00000000,1
1531167408416,1531167408409,260734,0.00003078,163.00000000,0
1531167408424,1531167408418,260735,0.00003076,343.00000000,1
1531167408424,1531167408418,260736,0.00003075,305.00000000,1
1531167422913,1531167422907,260737,0.00003077,36.00000000,1
1531167427973,1531167427969,260738,0.00003078,1285.00000000,0
1531167431319,1531167431310,260739,0.00003087,66.00000000,0
1531167431319,1531167431310,260740,0.00003089,66.00000000,0
1531167431319,1531167431310,260741,0.00003092,194.00000000,0
1531167431319,1531167431310,260742,0.00003094,339.00000000,0
1531167431319,1531167431310,260743,0.00003095,659.00000000,0
1531167431319,1531167431310,260744,0.00003097,46.00000000,0
1531167431319,1531167431310,260745,0.00003099,1064.00000000,0
1531167441541,1531167441536,260746,0.00003097,904.00000000,0
1531167442859,1531167442853,260747,0.00003084,50.00000000,1
1531167446631,1531167446625,260748,0.00003096,33.00000000,0
1531167447018,1531167447011,260749,0.00003096,17.00000000,0
1531167447018,1531167447011,260750,0.00003098,16.00000000,0
1531167447049,1531167447042,260751,0.00003098,66.00000000,0
1531167449263,1531167449257,260752,0.00003087,208.00000000,1
1531167449263,1531167449257,260753,0.00003086,650.00000000,1
1531167449626,1531167449619,260754,0.00003086,240.00000000,1
1531167449990,1531167449984,260755,0.00003097,208.00000000,0
1531167449990,1531167449984,260756,0.00003098,3971.00000000,0
1531167450132,1531167450126,260757,0.00003086,381.00000000,1
1531167450132,1531167450126,260758,0.00003085,103.00000000,1
1531167450369,1531167450366,260759,0.00003085,1420.00000000,1
1531167452432,1531167452427,260760,0.00003086,209.00000000,1
1531167452432,1531167452427,260761,0.00003085,472.00000000,1
1531167452961,1531167452955,260762,0.00003097,33.00000000,1
1531167453295,1531167453289,260763,0.00003097,176.00000000,0
1531167453295,1531167453289,260764,0.00003098,900.00000000,0
1531167454970,1531167454963,260765,0.00003087,210.00000000,1
1531167454970,1531167454963,260766,0.00003086,75.00000000,1
1531167456166,1531167456164,260767,0.00003087,40.00000000,1
1531167463487,1531167463481,260768,0.00003098,3523.00000000,0
1531167463487,1531167463481,260769,0.00003099,1121.00000000,0
1531167466993,1531167466985,260770,0.00003099,68.00000000,0
1531167466993,1531167466985,260771,0.00003100,1749.00000000,0
1531167466993,1531167466985,260772,0.00003087,211.00000000,1
1531167466993,1531167466985,260773,0.00003086,2174.00000000,1
1531167466993,1531167466985,260774,0.00003085,3911.00000000,1
1531167467569,1531167467563,260775,0.00003086,456.00000000,1
1531167468305,1531167468299,260776,0.00003090,100.00000000,0
1531167468305,1531167468299,260777,0.00003099,211.00000000,0
1531167468305,1531167468299,260778,0.00003100,424.00000000,0
1531167469435,1531167469427,260779,0.00003099,456.00000000,0
1531167469435,1531167469427,260780,0.00003100,18429.00000000,0
1531167470340,1531167470336,260781,0.00003100,174.00000000,1
1531167471462,1531167471456,260782,0.00003100,64.00000000,1
1531167472799,1531167472793,260783,0.00003101,72.00000000,0
1531167474019,1531167474011,260784,0.00003101,3313.00000000,1
1531167474191,1531167474187,260785,0.00003105,36.00000000,0
1531167474191,1531167474187,260786,0.00003106,1319.00000000,0
1531167474343,1531167474337,260787,0.00003106,411.00000000,0
1531167475223,1531167475197,260788,0.00003107,248.00000000,0
1531167475724,1531167475720,260789,0.00003107,307.00000000,1
1531167475748,1531167475744,260790,0.00003107,200.00000000,1
1531167476285,1531167476278,260791,0.00003108,69.00000000,0
1531167476285,1531167476278,260792,0.00003110,56.00000000,0
1531167476285,1531167476278,260793,0.00003111,1875.00000000,0
1531167476903,1531167476898,260794,0.00003107,200.00000000,1
1531167478152,1531167478146,260795,0.00003107,72.00000000,0
1531167478152,1531167478146,260796,0.00003110,1123.00000000,0
1531167479819,1531167479813,260797,0.00003111,88.00000000,0
1531167479870,1531167479865,260798,0.00003111,1927.00000000,0
1531167479870,1531167479865,260799,0.00003112,58.00000000,0
1531167480899,1531167480891,260800,0.00003102,187.00000000,1
1531167483119,1531167483113,260801,0.00003112,596.00000000,0
1531167483235,1531167483231,260802,0.00003112,187.00000000,1
1531167483367,1531167483362,260803,0.00003114,64.00000000,0
1531167483743,1531167483738,260804,0.00003112,508.00000000,1
1531167483761,1531167483754,260805,0.00003112,508.00000000,1
1531167483923,1531167483917,260806,0.00003114,203.00000000,0
1531167483923,1531167483917,260807,0.00003116,2843.00000000,0
1531167484029,1531167484022,260808,0.00003112,1.00000000,1
1531167486180,1531167486173,260809,0.00003103,74.00000000,1
1531167486402,1531167486398,260810,0.00003115,749.00000000,0
1531167489009,1531167489002,260811,0.00003114,74.00000000,0
1531167489009,1531167489002,260812,0.00003115,113.00000000,0
1531167489424,1531167489418,260813,0.00003115,952.00000000,0
1531167490697,1531167490691,260814,0.00003115,46.00000000,0
1531167491335,1531167491329,260815,0.00003115,191.00000000,0
1531167491895,1531167491889,260816,0.00003115,12.00000000,0
1531167493069,1531167493062,260817,0.00003115,8976.00000000,0
1531167493237,1531167493230,260818,0.00003115,110.00000000,0
1531167493280,1531167493276,260819,0.00003113,1611.00000000,1
1531167494506,1531167494500,260820,0.00003111,3.00000000,0
1531167495116,1531167495111,260821,0.00003111,450.00000000,0
1531167495771,1531167495767,260822,0.00003102,132.00000000,1
1531167496825,1531167496822,260823,0.00003108,676.00000000,1
1531167496825,1531167496822,260824,0.00003102,752.00000000,1
1531167497303,1531167497297,260825,0.00003102,56.00000000,1
1531167498706,1531167498699,260826,0.00003104,324.00000000,1
1531167498776,1531167498774,260827,0.00003104,695.00000000,1
1531167498776,1531167498774,260828,0.00003103,4000.00000000,1
1531167498776,1531167498774,260829,0.00003102,4945.00000000,1
1531167499800,1531167499795,260830,0.00003115,800.00000000,0
1531167499919,1531167499918,260831,0.00003115,219.00000000,1
1531167502534,1531167502513,260832,0.00003116,991.00000000,0
1531167507437,1531167507430,260833,0.00003116,194.00000000,1
1531167510374,1531167510368,260834,0.00003116,971.00000000,1
1531167510374,1531167510368,260835,0.00003115,498.00000000,1
1531167510971,1531167510969,260836,0.00003115,38.00000000,1
1531167511901,1531167511896,260837,0.00003115,518.00000000,1
1531167511901,1531167511896,260838,0.00003102,828.00000000,1
1531167518543,1531167518537,260839,0.00003115,41.00000000,1
1531167518562,1531167518555,260840,0.00003115,2000.00000000,1
1531167518972,1531167518966,260841,0.00003116,317.00000000,0
1531167522704,1531167522699,260842,0.00003116,1197.00000000,0
1531167524233,1531167524224,260843,0.00003117,66.00000000,0
1531167524233,1531167524224,260844,0.00003120,853.00000000,0
1531167524233,1531167524224,260845,0.00003124,99.00000000,0
1531167524233,1531167524224,260846,0.00003129,198.00000000,0
1531167524233,1531167524224,260847,0.00003130,37.00000000,0
1531167524233,1531167524224,260848,0.00003135,325.00000000,0
1531167524233,1531167524224,260849,0.00003136,40.00000000,0
1531167524233,1531167524224,260850,0.00003137,72.00000000,0
1531167524233,1531167524224,260851,0.00003139,303.00000000,0
1531167524233,1531167524224,260852,0.00003143,404.00000000,0
1531167532920,1531167532914,260853,0.00003123,420.00000000,1
1531167532933,1531167532931,260854,0.00003123,245.00000000,1
1531167532994,1531167532989,260855,0.00003123,212.00000000,1
1531167533014,1531167533008,260856,0.00003123,30.00000000,1
1531167533082,1531167533075,260857,0.00003122,776.00000000,1
1531167533100,1531167533097,260858,0.00003122,268.00000000,1
1531167533100,1531167533097,260859,0.00003121,319.00000000,1
1531167533903,1531167533895,260860,0.00003121,253.00000000,1
1531167533903,1531167533895,260861,0.00003120,420.00000000,1
1531167533903,1531167533895,260862,0.00003118,1028.00000000,1
1531167533903,1531167533895,260863,0.00003117,206.00000000,1
1531167537828,1531167537822,260864,0.00003117,705.00000000,1
1531167538269,1531167538263,260865,0.00003117,132.00000000,1
1531167538270,1531167538263,260866,0.00003116,1545.00000000,1
1531167538304,1531167538298,260867,0.00003116,1057.00000000,1
1531167540023,1531167540016,260868,0.00003112,95.00000000,1
1531167541096,1531167541095,260869,0.00003100,1544.00000000,1
1531167542177,1531167542169,260870,0.00003094,190.00000000,1
1531167542177,1531167542169,260871,0.00003091,320.00000000,1
1531167542177,1531167542169,260872,0.00003090,262.00000000,1
1531167542177,1531167542169,260873,0.00003086,41.00000000,1
1531167542177,1531167542169,260874,0.00003085,176.00000000,1
1531167542177,1531167542169,260875,0.00003084,191.00000000,1
1531167542177,1531167542169,260876,0.00003081,160.00000000,1
1531167542177,1531167542169,260877,0.00003079,1054.00000000,1
1531167542193,1531167542188,260878,0.00003090,557.00000000,0
1531167542690,1531167542685,260879,0.00003087,334.00000000,1
1531167542991,1531167542984,260880,0.00003101,1044.00000000,0
1531167542991,1531167542984,260881,0.00003102,1890.00000000,0
1531167543075,1531167543069,260882,0.00003112,144.00000000,1
1531167543083,1531167543077,260883,0.00003115,48.00000000,0
1531167543163,1531167543162,260884,0.00003112,176.00000000,1
1531167543206,1531167543200,260885,0.00003112,138.00000000,1
1531167543358,1531167543354,260886,0.00003112,1839.00000000,1
1531167543640,1531167543634,260887,0.00003112,191.00000000,1
1531167543950,1531167543946,260888,0.00003112,333.00000000,1
1531167544127,1531167544121,260889,0.00003112,4.00000000,1
1531167544196,1531167544190,260890,0.00003112,431.00000000,1
1531167544822,1531167544815,260891,0.00003112,524.00000000,1
1531167544985,1531167544983,260892,0.00003112,213.00000000,1
1531167545054,1531167545049,260893,0.00003112,76.00000000,1
1531167545098,1531167545092,260894,0.00003112,41.00000000,1
1531167545207,1531167545202,260895,0.00003112,160.00000000,1
1531167545253,1531167545249,260896,0.00003112,679.00000000,1
1531167545715,1531167545710,260897,0.00003113,191.00000000,0
1531167545766,1531167545762,260898,0.00003112,1359.00000000,1
1531167546078,1531167546072,260899,0.00003112,340.00000000,1
1531167546363,1531167546362,260900,0.00003113,38.00000000,0
1531167546363,1531167546362,260901,0.00003116,1398.00000000,0
1531167546363,1531167546362,260902,0.00003119,511.00000000,0
1531167546872,1531167546872,260903,0.00003121,300.00000000,1
1531167546932,1531167546930,260904,0.00003121,191.00000000,1
1531167549320,1531167549314,260905,0.00003119,65.00000000,1
1531167552684,1531167552679,260906,0.00003112,2020.00000000,1
1531167554038,1531167554030,260907,0.00003112,1240.00000000,1
1531167554605,1531167554599,260908,0.00003112,8967.00000000,1
1531167558559,1531167558553,260909,0.00003112,1136.00000000,1
1531167559691,1531167559686,260910,0.00003112,17187.00000000,1
1531167562634,1531167562628,260911,0.00003101,33.00000000,0
1531167562634,1531167562628,260912,0.00003112,3415.00000000,0
1531167562634,1531167562628,260913,0.00003119,1552.00000000,0
1531167563276,1531167563269,260914,0.00003097,229.00000000,1
1531167563276,1531167563269,260915,0.00003096,33.00000000,1
1531167563276,1531167563269,260916,0.00003095,997.00000000,1
1531167563276,1531167563269,260917,0.00003093,821.00000000,1
1531167563276,1531167563269,260918,0.00003092,121.00000000,1
1531167563276,1531167563269,260919,0.00003087,237.00000000,1
1531167564874,1531167564872,260920,0.00003090,307.00000000,1
1531167564874,1531167564872,260921,0.00003089,23.00000000,1
1531167567463,1531167567457,260922,0.00003116,33.00000000,0
1531167569019,1531167569015,260923,0.00003090,156.00000000,1
1531167570611,1531167570609,260924,0.00003093,329.00000000,1
1531167571734,1531167571731,260925,0.00003093,331.00000000,1
1531167572393,1531167572392,260926,0.00003093,289.00000000,1
1531167572393,1531167572392,260927,0.00003090,40.00000000,1
1531167572797,1531167572791,260928,0.00003090,51.00000000,1
1531167573218,1531167573212,260929,0.00003090,38.00000000,1
1531167574206,1531167574199,260930,0.00003093,939.00000000,0
1531167574206,1531167574199,260931,0.00003094,821.00000000,0
1531167574206,1531167574199,260932,0.00003095,300.00000000,0
1531167575059,1531167575054,260933,0.00003095,196.00000000,1
1531167578633,1531167578630,260934,0.00003096,602.00000000,1
1531167584591,1531167584586,260935,0.00003098,323.00000000,1
1531167584591,1531167584586,260936,0.00003090,107.00000000,1
1531167584591,1531167584586,260937,0.00003087,1172.00000000,1
1531167585347,1531167585345,260938,0.00003088,160.00000000,1
1531167586493,1531167586487,260939,0.00003088,333.00000000,1
1531167586526,1531167586520,260940,0.00003088,337.00000000,1
1531167587233,1531167587228,260941,0.00003088,47.00000000,1
1531167587233,1531167587228,260942,0.00003087,289.00000000,1
1531167587962,1531167587960,260943,0.00003087,332.00000000,1
1531167588188,1531167588182,260944,0.00003087,333.00000000,1
1531167590635,1531167590629,260945,0.00003098,156.00000000,0
1531167590635,1531167590629,260946,0.00003099,427.00000000,0
1531167590719,1531167590715,260947,0.00003087,191.00000000,1
1531167596137,1531167596132,260948,0.00003086,42.00000000,1
1531167596137,1531167596132,260949,0.00003079,191.00000000,1
1531167596137,1531167596132,260950,0.00003075,100.00000000,1
1531167596541,1531167596535,260951,0.00003075,168.00000000,1
1531167596554,1531167596552,260952,0.00003075,165.00000000,1
1531167596694,1531167596688,260953,0.00003075,245.00000000,1
1531167596694,1531167596688,260954,0.00003073,88.00000000,1
1531167596991,1531167596991,260955,0.00003073,330.00000000,1
1531167600511,1531167600505,260956,0.00003088,48.00000000,0
1531167602180,1531167602177,260957,0.00003073,333.00000000,1
1531167602193,1531167602192,260958,0.00003073,332.00000000,1
1531167602367,1531167602360,260959,0.00003073,330.00000000,1
1531167602877,1531167602872,260960,0.00003073,50.00000000,1
1531167602877,1531167602872,260961,0.00003070,284.00000000,1
1531167603091,1531167603084,260962,0.00003074,840.00000000,0
1531167603376,1531167603374,260963,0.00003082,3.00000000,0
1531167603659,1531167603653,260964,0.00003071,500.00000000,1
1531167604918,1531167604911,260965,0.00003070,627.00000000,1
1531167604983,1531167604983,260966,0.00003070,175.00000000,1
1531167606140,1531167606138,260967,0.00003071,80.00000000,0
1531167606174,1531167606168,260968,0.00003071,3.00000000,0
1531167606278,1531167606272,260969,0.00003071,85.00000000,0
1531167606459,1531167606454,260970,0.00003071,83.00000000,1
1531167606459,1531167606454,260971,0.00003070,256.00000000,1
1531167607378,1531167607370,260972,0.00003077,131.00000000,0
1531167607378,1531167607370,260973,0.00003092,61.00000000,0
1531167607671,1531167607669,260974,0.00003070,48.00000000,1
1531167607774,1531167607768,260975,0.00003070,68.00000000,1
1531167608243,1531167608236,260976,0.00003093,3.00000000,0
1531167609681,1531167609675,260977,0.00003071,366.00000000,1
1531167610040,1531167610033,260978,0.00003071,734.00000000,1
1531167610040,1531167610033,260979,0.00003070,245.00000000,1
1531167610040,1531167610033,260980,0.00003067,194.00000000,1
1531167610040,1531167610033,260981,0.00003064,33.00000000,1
1531167610040,1531167610033,260982,0.00003062,288.00000000,1
1531167610040,1531167610033,260983,0.00003062,34.00000000,1
1531167610168,1531167610162,260984,0.00003066,936.00000000,0
1531167610314,1531167610313,260985,0.00003066,163.00000000,0
1531167610505,1531167610498,260986,0.00003088,59.00000000,0
1531167611210,1531167611208,260987,0.00003066,224.00000000,1
1531167611210,1531167611208,260988,0.00003063,280.00000000,1
1531167612829,1531167612822,260989,0.00003066,62.00000000,0
1531167612829,1531167612822,260990,0.00003073,601.00000000,0
1531167613042,1531167613037,260991,0.00003062,133.00000000,1
1531167613049,1531167613043,260992,0.00003062,323.00000000,1
1531167613140,1531167613133,260993,0.00003062,574.00000000,1
1531167613140,1531167613133,260994,0.00003057,1781.00000000,1
1531167613899,1531167613895,260995,0.00003073,48.00000000,0
1531167614909,1531167614909,260996,0.00003067,76.00000000,1
1531167618734,1531167618728,260997,0.00003066,186.00000000,0
1531167618909,1531167618906,260998,0.00003059,33.00000000,1
1531167622206,1531167622201,260999,0.00003059,734.00000000,1
1531167625976,1531167625971,261000,0.00003059,406.00000000,1
1531167626011,1531167626006,261001,0.00003059,211.00000000,0
1531167626029,1531167626027,261002,0.00003059,245.00000000,0
1531167626046,1531167626041,261003,0.00003059,278.00000000,0
1531167626808,1531167626803,261004,0.00003060,341.00000000,1
1531167629082,1531167629075,261005,0.00003060,3455.00000000,1
1531167629082,1531167629075,261006,0.00003056,52.00000000,1
1531167629082,1531167629075,261007,0.00003051,55.00000000,1
1531167629082,1531167629075,261008,0.00003049,42.00000000,1
1531167629082,1531167629075,261009,0.00003048,312.00000000,1
1531167629082,1531167629075,261010,0.00003042,1084.00000000,1
1531167629082,1531167629075,261011,0.00003042,347.00000000,1
1531167629082,1531167629075,261012,0.00003042,40.00000000,1
1531167629995,1531167629991,261013,0.00003060,80.00000000,0
1531167631064,1531167631058,261014,0.00003060,123.00000000,0
1531167631120,1531167631113,261015,0.00003060,630.00000000,0
1531167631120,1531167631113,261016,0.00003064,20.00000000,0
1531167634947,1531167634942,261017,0.00003054,169.00000000,0
1531167635002,1531167634996,261018,0.00003054,605.00000000,0
1531167635037,1531167635031,261019,0.00003054,384.00000000,0
1531167636709,1531167636703,261020,0.00003048,136.00000000,1
1531167638064,1531167638057,261021,0.00003048,254.00000000,1
1531167638154,1531167638152,261022,0.00003048,270.00000000,0
1531167638677,1531167638672,261023,0.00003045,85.00000000,0
1531167639778,1531167639773,261024,0.00003053,547.00000000,0
1531167640660,1531167640656,261025,0.00003053,51.00000000,1
1531167640710,1531167640709,261026,0.00003048,373.00000000,0
1531167640935,1531167640931,261027,0.00003048,263.00000000,0
1531167640957,1531167640951,261028,0.00003048,241.00000000,0
1531167640968,1531167640962,261029,0.00003048,183.00000000,0
1531167649860,1531167649854,261030,0.00003064,176.00000000,0
1531167662274,1531167662271,261031,0.00003054,79.00000000,1
1531167668592,1531167668585,261032,0.00003059,367.00000000,0
1531167669779,1531167669775,261033,0.00003059,10.00000000,0
1531167669779,1531167669775,261034,0.00003062,23.00000000,0
1531167669863,1531167669861,261035,0.00003062,33.00000000,0
1531167671208,1531167671205,261036,0.00003058,138.00000000,0
1531167671208,1531167671205,261037,0.00003062,56.00000000,0
1531167673624,1531167673618,261038,0.00003062,83.00000000,0
1531167673624,1531167673618,261039,0.00003066,195.00000000,0
1531167673624,1531167673618,261040,0.00003070,57.00000000,0
1531167677729,1531167677724,261041,0.00003070,207.00000000,0
1531167678839,1531167678834,261042,0.00003070,249.00000000,0
1531167688300,1531167688296,261043,0.00003070,357.00000000,0
1531167708795,1531167708788,261044,0.00003070,161.00000000,0
1531167708795,1531167708788,261045,0.00003072,33.00000000,0
1531167708795,1531167708788,261046,0.00003073,14.00000000,0
1531167708795,1531167708788,261047,0.00003078,136.00000000,0
1531167712075,1531167712068,261048,0.00003064,55.00000000,1
1531167712241,1531167712235,261049,0.00003077,33.00000000,0
1531167712241,1531167712235,261050,0.00003078,274.00000000,0
1531167714265,1531167714258,261051,0.00003059,22.00000000,1
1531167730698,1531167730694,261052,0.00003077,33.00000000,0
1531167732470,1531167732465,261053,0.00003077,33.00000000,0
1531167750038,1531167750034,261054,0.00003077,43.00000000,0
1531167774751,1531167774745,261055,0.00003077,577.00000000,1
1531167774751,1531167774745,261056,0.00003058,358.00000000,1
1531167778776,1531167778770,261057,0.00003078,345.00000000,0
1531167780877,1531167780872,261058,0.00003078,497.00000000,1
1531167792809,1531167792803,261059,0.00003078,194.00000000,1
1531167794614,1531167794615,261060,0.00003078,16.00000000,1
1531167834894,1531167834888,261061,0.00003077,147.00000000,0
1531167834894,1531167834888,261062,0.00003079,42.00000000,0
1531167834894,1531167834888,261063,0.00003084,97.00000000,0
1531167834894,1531167834888,261064,0.00003087,410.00000000,0
1531167834920,1531167834913,261065,0.00003087,143.00000000,1
1531167835012,1531167835006,261066,0.00003087,38.00000000,1
1531167835467,1531167835462,261067,0.00003087,238.00000000,1
1531167845087,1531167845080,261068,0.00003088,5447.00000000,0
1531167849674,1531167849674,261069,0.00003088,1808.00000000,0
1531167853263,1531167853257,261070,0.00003088,700.00000000,0
1531167857964,1531167857959,261071,0.00003088,2613.00000000,0
1531167872890,1531167872883,261072,0.00003088,33.00000000,0
1531167879386,1531167879365,261073,0.00003098,48.00000000,0
1531167879386,1531167879365,261074,0.00003100,107.00000000,0
1531167879386,1531167879365,261075,0.00003101,191.00000000,0
1531167879386,1531167879365,261076,0.00003102,154.00000000,0
1531167887914,1531167887913,261077,0.00003089,3.00000000,1
1531167890039,1531167890033,261078,0.00003102,64.00000000,0
1531167892332,1531167892326,261079,0.00003091,141.00000000,1
1531167894582,1531167894576,261080,0.00003092,224.00000000,1
1531167894582,1531167894576,261081,0.00003089,95.00000000,1
1531167894582,1531167894576,261082,0.00003088,380.00000000,1
1531167894865,1531167894860,261083,0.00003088,3.00000000,1
1531167894924,1531167894918,261084,0.00003088,42.00000000,1
1531167905537,1531167905529,261085,0.00003101,224.00000000,0
1531167905537,1531167905529,261086,0.00003102,130.00000000,0
1531167905537,1531167905529,261087,0.00003108,10.00000000,0
1531167906462,1531167906456,261088,0.00003108,120.00000000,0
1531167908878,1531167908873,261089,0.00003109,1662.00000000,0
1531167924773,1531167924767,261090,0.00003108,432.00000000,0
1531167925733,1531167925728,261091,0.00003108,626.00000000,0
1531167926327,1531167926322,261092,0.00003108,117.00000000,1
1531167926821,1531167926820,261093,0.00003108,3.00000000,1
1531167927242,1531167927236,261094,0.00003108,50.00000000,1
1531167927652,1531167927649,261095,0.00003108,49.00000000,1
1531167934152,1531167934145,261096,0.00003109,65.00000000,0
1531167934392,1531167934385,261097,0.00003109,33.00000000,0
1531167934523,1531167934518,261098,0.00003109,33.00000000,0
1531167936497,1531167936493,261099,0.00003109,1767.00000000,0
1531167937124,1531167937117,261100,0.00003108,121.00000000,1
1531167949384,1531167949377,261101,0.00003108,62.00000000,1
1531167951684,1531167951679,261102,0.00003108,30.00000000,1
1531167951684,1531167951679,261103,0.00003092,28.00000000,1
1531167956465,1531167956447,261104,0.00003093,1329.00000000,1
1531167965033,1531167965029,261105,0.00003087,229.00000000,1
1531167967244,1531167967244,261106,0.00003087,64.00000000,1
1531167967867,1531167967861,261107,0.00003087,1703.00000000,1
1531167976304,1531167976299,261108,0.00003087,367.00000000,1
1531167978098,1531167978092,261109,0.00003088,1139.00000000,0
1531167979669,1531167979664,261110,0.00003088,1471.00000000,1
1531167996163,1531167996157,261111,0.00003092,556.00000000,0
1531167996608,1531167996601,261112,0.00003092,62.00000000,0
1531168002549,1531168002542,261113,0.00003091,2288.00000000,0
1531168002549,1531168002542,261114,0.00003092,511.00000000,0
1531168002987,1531168002981,261115,0.00003108,60.00000000,0
1531168002987,1531168002981,261116,0.00003109,440.00000000,0
1531168019960,1531168019960,261117,0.00003108,365.00000000,0
1531168026167,1531168026162,261118,0.00003096,119.00000000,1
1531168027212,1531168027206,261119,0.00003102,2211.00000000,0
1531168027224,1531168027219,261120,0.00003096,1246.00000000,1
1531168039545,1531168039539,261121,0.00003095,2459.00000000,1
1531168039560,1531168039555,261122,0.00003095,2226.00000000,1
1531168039569,1531168039563,261123,0.00003096,119.00000000,0
1531168056220,1531168056214,261124,0.00003096,512.00000000,0
1531168058443,1531168058437,261125,0.00003096,552.00000000,0
1531168073678,1531168073672,261126,0.00003096,100.00000000,0
1531168096494,1531168096487,261127,0.00003098,300.00000000,1
1531168096914,1531168096909,261128,0.00003098,848.00000000,1
1531168098750,1531168098749,261129,0.00003102,1209.00000000,0
1531168098750,1531168098749,261130,0.00003103,1900.00000000,0
1531168098750,1531168098749,261131,0.00003105,991.00000000,0
1531168105057,1531168105052,261132,0.00003102,3134.00000000,0
1531168105072,1531168105066,261133,0.00003099,1787.00000000,1
1531168105087,1531168105081,261134,0.00003099,1096.00000000,1
1531168127687,1531168127682,261135,0.00003099,1588.00000000,1
1531168141190,1531168141185,261136,0.00003099,289.00000000,0
1531168146469,1531168146463,261137,0.00003098,94.00000000,1
1531168163755,1531168163752,261138,0.00003098,41.00000000,1
1531168179872,1531168179866,261139,0.00003098,2796.00000000,1
1531168180847,1531168180842,261140,0.00003098,1260.00000000,1
1531168217692,1531168217686,261141,0.00003097,2508.00000000,1
1531168217707,1531168217707,261142,0.00003097,250.00000000,0
1531168217723,1531168217722,261143,0.00003097,2508.00000000,1
1531168221473,1531168221468,261144,0.00003098,64.00000000,0
1531168235562,1531168235556,261145,0.00003096,484.00000000,1
1531168245328,1531168245324,261146,0.00003097,450.00000000,1
1531168259544,1531168259538,261147,0.00003097,344.00000000,0
1531168278901,1531168278897,261148,0.00003098,1612.00000000,0
1531168286629,1531168286622,261149,0.00003097,301.00000000,1
1531168286629,1531168286622,261150,0.00003096,1544.00000000,1
1531168286967,1531168286962,261151,0.00003096,129.00000000,0
1531168303534,1531168303527,261152,0.00003095,322.00000000,0
1531168308990,1531168308984,261153,0.00003095,158.00000000,1
1531168312988,1531168312982,261154,0.00003095,1520.00000000,1
1531168325950,1531168325944,261155,0.00003094,573.00000000,0
1531168326807,1531168326801,261156,0.00003091,281.00000000,0
1531168326824,1531168326819,261157,0.00003089,2065.00000000,1
1531168326846,1531168326843,261158,0.00003089,251.00000000,1
1531168346177,1531168346172,261159,0.00003091,326.00000000,0
1531168346189,1531168346186,261160,0.00003089,297.00000000,1
1531168349855,1531168349850,261161,0.00003089,130.00000000,1
1531168353060,1531168353055,261162,0.00003089,930.00000000,1
1531168359168,1531168359162,261163,0.00003088,597.00000000,1
1531168374390,1531168374378,261164,0.00003098,129.00000000,0
1531168374390,1531168374378,261165,0.00003104,463.00000000,0
1531168374390,1531168374378,261166,0.00003105,3554.00000000,0
1531168374390,1531168374378,261167,0.00003108,640.00000000,0
1531168374390,1531168374378,261168,0.00003117,237.00000000,0
1531168374390,1531168374378,261169,0.00003120,66.00000000,0
1531168374390,1531168374378,261170,0.00003123,390.00000000,0
1531168374390,1531168374378,261171,0.00003124,98.00000000,0
1531168374390,1531168374378,261172,0.00003128,3313.00000000,0
1531168374390,1531168374378,261173,0.00003130,598.00000000,0
1531168374390,1531168374378,261174,0.00003140,1447.00000000,0
1531168374390,1531168374378,261175,0.00003145,899.00000000,0
1531168374390,1531168374378,261176,0.00003148,4040.00000000,0
1531168374390,1531168374378,261177,0.00003149,962.00000000,0
1531168374390,1531168374378,261178,0.00003150,4041.00000000,0
1531168375198,1531168375192,261179,0.00003109,75.00000000,1
1531168375198,1531168375192,261180,0.00003105,1870.00000000,1
1531168375610,1531168375605,261181,0.00003105,153.00000000,1
1531168375907,1531168375901,261182,0.00003107,1286.00000000,1
1531168375907,1531168375901,261183,0.00003105,599.00000000,1
1531168375907,1531168375901,261184,0.00003104,5017.00000000,1
1531168376272,1531168376266,261185,0.00003116,300.00000000,0
1531168377209,1531168377201,261186,0.00003103,1025.00000000,1
1531168377210,1531168377201,261187,0.00003101,186.00000000,1
1531168377210,1531168377201,261188,0.00003100,1474.00000000,1
1531168377210,1531168377201,261189,0.00003099,12.00000000,1
1531168377590,1531168377584,261190,0.00003116,64.00000000,0
1531168377867,1531168377863,261191,0.00003116,48.00000000,0
1531168380690,1531168380684,261192,0.00003116,639.00000000,0
1531168380690,1531168380684,261193,0.00003119,1963.00000000,0
1531168380690,1531168380684,261194,0.00003122,382.00000000,0
1531168380690,1531168380684,261195,0.00003128,1571.00000000,0
1531168380690,1531168380684,261196,0.00003129,390.00000000,0
1531168380701,1531168380695,261197,0.00003105,616.00000000,1
1531168380701,1531168380695,261198,0.00003099,372.00000000,1
1531168380701,1531168380695,261199,0.00003089,193.00000000,1
1531168380701,1531168380695,261200,0.00003088,1284.00000000,1
1531168388038,1531168388032,261201,0.00003111,193.00000000,0
1531168388038,1531168388032,261202,0.00003129,1047.00000000,0
1531168390009,1531168390004,261203,0.00003127,393.00000000,0
1531168392286,1531168392280,261204,0.00003127,276.00000000,0
1531168393154,1531168393150,261205,0.00003127,226.00000000,1
1531168394279,1531168394272,261206,0.00003117,112.00000000,0
1531168394279,1531168394272,261207,0.00003129,207.00000000,0
1531168394876,1531168394870,261208,0.00003098,319.00000000,1
1531168396981,1531168396975,261209,0.00003128,128.00000000,0
1531168397246,1531168397239,261210,0.00003128,65.00000000,0
1531168397654,1531168397650,261211,0.00003128,33.00000000,0
1531168398057,1531168398055,261212,0.00003128,33.00000000,0
1531168401274,1531168401269,261213,0.00003127,502.00000000,0
1531168402106,1531168402100,261214,0.00003127,43.00000000,0
1531168402959,1531168402953,261215,0.00003127,1271.00000000,0
1531168403197,1531168403190,261216,0.00003127,821.00000000,1
1531168404534,1531168404532,261217,0.00003111,557.00000000,0
1531168416973,1531168416968,261218,0.00003111,33.00000000,0
1531168417437,1531168417430,261219,0.00003111,33.00000000,0
1531168418064,1531168418057,261220,0.00003111,21.00000000,0
1531168422164,1531168422156,261221,0.00003114,1064.00000000,0
1531168428032,1531168428028,261222,0.00003113,2436.00000000,1
1531168440860,1531168440855,261223,0.00003113,132.00000000,1
1531168440879,1531168440873,261224,0.00003113,134.00000000,0
1531168440895,1531168440889,261225,0.00003113,132.00000000,1
1531168460182,1531168460177,261226,0.00003113,114.00000000,1
1531168470323,1531168470319,261227,0.00003113,285.00000000,1
1531168470323,1531168470319,261228,0.00003112,353.00000000,1
1531168474401,1531168474395,261229,0.00003112,1034.00000000,1
1531168474401,1531168474395,261230,0.00003111,718.00000000,1
1531168475107,1531168475101,261231,0.00003111,12.00000000,0
1531168478123,1531168478117,261232,0.00003110,33.00000000,0
1531168507255,1531168507249,261233,0.00003108,1386.00000000,1
1531168508956,1531168508949,261234,0.00003107,70.00000000,1
1531168526111,1531168526108,261235,0.00003105,66.00000000,1
1531168526111,1531168526108,261236,0.00003100,63.00000000,1
1531168526111,1531168526108,261237,0.00003093,1877.00000000,1
1531168526111,1531168526108,261238,0.00003090,1367.00000000,1
1531168543134,1531168543128,261239,0.00003091,632.00000000,1
1531168543134,1531168543128,261240,0.00003090,961.00000000,1
1531168567656,1531168567650,261241,0.00003090,129.00000000,1
1531168567679,1531168567676,261242,0.00003090,245.00000000,1
1531168593399,1531168593394,261243,0.00003095,509.00000000,0
1531168593411,1531168593405,261244,0.00003091,207.00000000,1
1531168596806,1531168596801,261245,0.00003090,39.00000000,1
1531168622528,1531168622524,261246,0.00003093,400.00000000,1
1531168626741,1531168626735,261247,0.00003096,2937.00000000,0
1531168626750,1531168626747,261248,0.00003093,923.00000000,1
1531168629660,1531168629655,261249,0.00003092,192.00000000,1
1531168631746,1531168631740,261250,0.00003092,130.00000000,1
1531168636473,1531168636472,261251,0.00003090,222.00000000,1
1531168639923,1531168639916,261252,0.00003091,961.00000000,0
1531168639923,1531168639916,261253,0.00003092,236.00000000,0
1531168639923,1531168639916,261254,0.00003093,400.00000000,0
1531168639923,1531168639916,261255,0.00003100,432.00000000,0
1531168639923,1531168639916,261256,0.00003104,100.00000000,0
1531168639923,1531168639916,261257,0.00003107,50.00000000,0
1531168639923,1531168639916,261258,0.00003111,384.00000000,0
1531168639923,1531168639916,261259,0.00003114,26.00000000,0
1531168639923,1531168639916,261260,0.00003123,410.00000000,0
1531168639923,1531168639916,261261,0.00003124,2088.00000000,0
1531168639923,1531168639916,261262,0.00003128,192.00000000,0
1531168639923,1531168639916,261263,0.00003130,252.00000000,0
1531168639923,1531168639916,261264,0.00003131,75.00000000,0
1531168639923,1531168639916,261265,0.00003133,643.00000000,0
1531168639923,1531168639916,261266,0.00003141,65.00000000,0
1531168639923,1531168639916,261267,0.00003144,33.00000000,0
1531168639923,1531168639916,261268,0.00003147,2702.00000000,0
1531168639923,1531168639916,261269,0.00003150,2951.00000000,0
1531168641198,1531168641191,261270,0.00003115,117.00000000,1
1531168641198,1531168641191,261271,0.00003107,160.00000000,1
1531168641198,1531168641191,261272,0.00003106,561.00000000,1
1531168641224,1531168641219,261273,0.00003106,380.00000000,1
1531168641224,1531168641219,261274,0.00003105,950.00000000,1
1531168641224,1531168641219,261275,0.00003094,34.00000000,1
1531168642343,1531168642337,261276,0.00003136,950.00000000,0
1531168643780,1531168643774,261277,0.00003115,80.00000000,1
1531168644893,1531168644889,261278,0.00003116,220.00000000,1
1531168644894,1531168644889,261279,0.00003115,81.00000000,1
1531168646158,1531168646150,261280,0.00003115,217.00000000,1
1531168646902,1531168646896,261281,0.00003110,314.00000000,1
1531168651453,1531168651447,261282,0.00003115,315.00000000,0
1531168657124,1531168657119,261283,0.00003115,5.00000000,0
1531168657245,1531168657240,261284,0.00003115,135.00000000,1
1531168660387,1531168660382,261285,0.00003100,323.00000000,1
1531168665785,1531168665779,261286,0.00003104,50.00000000,1
1531168668284,1531168668277,261287,0.00003106,71.00000000,1
1531168672614,1531168672608,261288,0.00003108,65.00000000,1
1531168686086,1531168686079,261289,0.00003115,25.00000000,0
1531168686086,1531168686079,261290,0.00003116,34.00000000,0
1531168686086,1531168686079,261291,0.00003121,637.00000000,0
1531168686086,1531168686079,261292,0.00003122,121.00000000,0
