event_time,trade_time,trade_id,price,quantity,maker
1531160270759,1531160270756,1223724,0.00012657,66.00000000,1
1531160270759,1531160270756,1223725,0.00012631,10.00000000,1
1531160270769,1531160270767,1223726,0.00012619,89.00000000,1
1531160270770,1531160270768,1223727,0.00012619,23.00000000,1
1531160278082,1531160278080,1223728,0.00012626,135.00000000,0
1531160288024,1531160288022,1223729,0.00012647,65.00000000,0
1531160316010,1531160316006,1223730,0.00012618,24.00000000,1
1531160316010,1531160316006,1223731,0.00012616,24.00000000,1
1531160334017,1531160334014,1223732,0.00012647,1.00000000,0
1531160334612,1531160334609,1223733,0.00012647,75.00000000,1
1531160453696,1531160453692,1223734,0.00012713,23.00000000,0
1531160831426,1531160831422,1223735,0.00012684,10.00000000,0
1531160903878,1531160903872,1223736,0.00012663,12.00000000,1
1531160996032,1531160996028,1223737,0.00012663,54.00000000,1
1531161038269,1531161038266,1223738,0.00012650,88.00000000,0
1531161172754,1531161172749,1223739,0.00012617,23.00000000,1
1531161181903,1531161181900,1223740,0.00012616,142.00000000,1
1531161189869,1531161189864,1223741,0.00012603,51.00000000,1
1531161191421,1531161191416,1223742,0.00012649,8.00000000,0
1531161194744,1531161194740,1223743,0.00012602,38.00000000,1
1531161194767,1531161194763,1223744,0.00012602,74.00000000,0
1531161195176,1531161195172,1223745,0.00012602,79.00000000,0
1531161195440,1531161195436,1223746,0.00012602,53.00000000,0
1531161211289,1531161211285,1223747,0.00012631,25.00000000,0
1531161234119,1531161234114,1223748,0.00012625,26.00000000,0
1531161279177,1531161279176,1223749,0.00012650,66.00000000,0
1531161295319,1531161295314,1223750,0.00012650,7.00000000,0
1531161390401,1531161390397,1223751,0.00012631,74.00000000,1
1531161410701,1531161410697,1223752,0.00012579,201.00000000,1
1531161410701,1531161410697,1223753,0.00012573,47.00000000,1
1531161410701,1531161410697,1223754,0.00012563,53.00000000,1
1531161499344,1531161499341,1223755,0.00012582,51.00000000,1
1531161499344,1531161499341,1223756,0.00012581,133.00000000,1
1531161499344,1531161499341,1223757,0.00012564,104.00000000,1
1531161514662,1531161514657,1223758,0.00012618,58.00000000,0
1531161571868,1531161571867,1223759,0.00012614,27.00000000,0
1531161721198,1531161721193,1223760,0.00012601,50.00000000,0
1531161768015,1531161768010,1223761,0.00012571,1.00000000,1
1531161912744,1531161912740,1223762,0.00012600,103.00000000,0
1531162116278,1531162116273,1223763,0.00012581,28.00000000,1
1531162227991,1531162227986,1223764,0.00012610,34.00000000,0
1531162227991,1531162227986,1223765,0.00012613,42.00000000,0
1531162315352,1531162315347,1223766,0.00012581,182.00000000,1
1531162938956,1531162938952,1223767,0.00012613,200.00000000,0
1531162940485,1531162940480,1223768,0.00012613,332.00000000,0
1531162941567,1531162941561,1223769,0.00012613,327.00000000,0
1531162942464,1531162942459,1223770,0.00012613,59.00000000,0
1531162942464,1531162942459,1223771,0.00012614,58.00000000,0
1531162942464,1531162942459,1223772,0.00012621,66.00000000,0
1531162942464,1531162942459,1223773,0.00012731,12.00000000,0
1531162942464,1531162942459,1223774,0.00012748,5.00000000,0
1531162980026,1531162980022,1223775,0.00012748,11.00000000,0
1531162990438,1531162990432,1223776,0.00012640,294.00000000,1
1531163318839,1531163318835,1223777,0.00012664,26.00000000,1
1531165127262,1531165127256,1223778,0.00012676,11.00000000,1
1531165586478,1531165586473,1223779,0.00012676,19.00000000,1
1531165667010,1531165667003,1223780,0.00012675,50.00000000,1
1531165714601,1531165714597,1223781,0.00012674,28.00000000,1
1531165805545,1531165805541,1223782,0.00012634,66.00000000,1
1531165805545,1531165805541,1223783,0.00012588,186.00000000,1
1531165919044,1531165919038,1223784,0.00012600,279.00000000,1
1531165919044,1531165919038,1223785,0.00012598,22.00000000,1
1531165996049,1531165996046,1223786,0.00012620,404.00000000,0
1531166223680,1531166223676,1223787,0.00012620,1.00000000,0
1531166227346,1531166227340,1223788,0.00012584,1.00000000,1
1531166233598,1531166233593,1223789,0.00012622,72.00000000,0
1531166405630,1531166405623,1223790,0.00012628,66.00000000,0
1531166451440,1531166451434,1223791,0.00012708,65.00000000,0
1531166452966,1531166452960,1223792,0.00012708,35.00000000,1
1531166453495,1531166453488,1223793,0.00012696,15.00000000,1
1531166455180,1531166455176,1223794,0.00012697,52.00000000,1
1531166455180,1531166455176,1223795,0.00012695,17.00000000,1
1531166457091,1531166457090,1223796,0.00012695,24.00000000,1
1531166731080,1531166731075,1223797,0.00012696,13.00000000,1
1531166731080,1531166731075,1223798,0.00012695,224.00000000,1
1531167423683,1531167423676,1223799,0.00012658,10.00000000,0
1531168115135,1531168115134,1223800,0.00012602,27.00000000,1
1531168115240,1531168115236,1223801,0.00012603,59.00000000,1
1531168159957,1531168159954,1223802,0.00012635,41.00000000,0
1531168163475,1531168163468,1223803,0.00012634,87.00000000,0
1531168165171,1531168165171,1223804,0.00012598,1.00000000,1
1531168165201,1531168165196,1223805,0.00012600,14.00000000,0
1531168232236,1531168232232,1223806,0.00012606,50.00000000,1
1531168232255,1531168232250,1223807,0.00012604,336.00000000,0
1531168232297,1531168232290,1223808,0.00012604,1.00000000,0
1531168232659,1531168232658,1223809,0.00012619,62.00000000,0
1531168232681,1531168232675,1223810,0.00012619,1.00000000,0
1531168476562,1531168476557,1223811,0.00012607,17.00000000,1
1531168867286,1531168867281,1223812,0.00012650,12.00000000,0
1531168935330,1531168935324,1223813,0.00012610,24.00000000,0
1531170024146,1531170024140,1223814,0.00012650,27.00000000,0
1531170069916,1531170069908,1223815,0.00012655,162.00000000,0
1531170069916,1531170069908,1223816,0.00012656,63.00000000,0
1531170069916,1531170069908,1223817,0.00012745,160.00000000,0
1531170069916,1531170069908,1223818,0.00012750,150.00000000,0
1531170069916,1531170069908,1223819,0.00012767,11.00000000,0
1531170069916,1531170069908,1223820,0.00012778,12.00000000,0
1531170069916,1531170069908,1223821,0.00012783,86.00000000,0
1531170069916,1531170069908,1223822,0.00012787,56.00000000,0
1531170069916,1531170069908,1223823,0.00012874,8.00000000,0
1531170069916,1531170069908,1223824,0.00012895,142.00000000,0
1531170069916,1531170069908,1223825,0.00012896,24.00000000,0
1531170069916,1531170069908,1223826,0.00012924,140.00000000,0
1531170069916,1531170069908,1223827,0.00012949,21.00000000,0
1531170069916,1531170069908,1223828,0.00012950,165.00000000,0
1531170071931,1531170071926,1223829,0.00012654,150.00000000,0
1531170072578,1531170072573,1223830,0.00012609,76.00000000,1
1531170081589,1531170081583,1223831,0.00012665,7.00000000,0
1531170130188,1531170130182,1223832,0.00012665,30.00000000,0
1531170130253,1531170130250,1223833,0.00012665,39.00000000,1
1531170130938,1531170130933,1223834,0.00012666,63.00000000,0
1531170167260,1531170167255,1223835,0.00012691,63.00000000,0
1531170167351,1531170167345,1223836,0.00012691,27.00000000,1
1531170169901,1531170169895,1223837,0.00012693,27.00000000,1
1531170171148,1531170171145,1223838,0.00012693,27.00000000,1
1531170172628,1531170172623,1223839,0.00012695,23.00000000,1
1531170172785,1531170172778,1223840,0.00012695,27.00000000,1
1531170173894,1531170173890,1223841,0.00012759,10.00000000,1
1531170173942,1531170173937,1223842,0.00012937,39.00000000,0
1531170173942,1531170173937,1223843,0.00012938,11.00000000,0
1531170174162,1531170174157,1223844,0.00012771,14.00000000,1
1531170174174,1531170174168,1223845,0.00012771,24.00000000,1
1531170174174,1531170174168,1223846,0.00012697,14.00000000,1
1531170174386,1531170174381,1223847,0.00012697,62.00000000,1
1531170175723,1531170175718,1223848,0.00012757,34.00000000,1
1531170175789,1531170175785,1223849,0.00012757,11.00000000,1
1531170176106,1531170176102,1223850,0.00012754,34.00000000,0
1531170176305,1531170176299,1223851,0.00012770,12.00000000,1
1531170178318,1531170178312,1223852,0.00012744,46.00000000,1
1531170178318,1531170178312,1223853,0.00012701,17.00000000,1
1531170178318,1531170178312,1223854,0.00012699,14.00000000,1
1531170180175,1531170180171,1223855,0.00012702,11.00000000,1
1531170180175,1531170180171,1223856,0.00012699,1.00000000,1
1531170192741,1531170192735,1223857,0.00012721,63.00000000,1
1531170199939,1531170199933,1223858,0.00012723,150.00000000,1
1531170207278,1531170207270,1223859,0.00012734,84.00000000,0
1531170207278,1531170207270,1223860,0.00012735,45.00000000,0
1531170207278,1531170207270,1223861,0.00012741,8.00000000,0
1531170207278,1531170207270,1223862,0.00012757,73.00000000,0
1531170207278,1531170207270,1223863,0.00012804,39.00000000,0
1531170207278,1531170207270,1223864,0.00012822,46.00000000,0
1531170207278,1531170207270,1223865,0.00012823,10.00000000,0
1531170207278,1531170207270,1223866,0.00012859,46.00000000,0
1531170207278,1531170207270,1223867,0.00012886,38.00000000,0
1531170207278,1531170207270,1223868,0.00012950,478.00000000,0
1531170207295,1531170207290,1223869,0.00012950,150.00000000,1
1531170207343,1531170207337,1223870,0.00012696,63.00000000,1
1531170207343,1531170207337,1223871,0.00012693,87.00000000,1
1531170210595,1531170210589,1223872,0.00012682,127.00000000,1
1531170227324,1531170227319,1223873,0.00012694,9.00000000,0
1531170227324,1531170227319,1223874,0.00012695,100.00000000,0
1531170229886,1531170229879,1223875,0.00012756,87.00000000,0
1531170237451,1531170237449,1223876,0.00012768,38.00000000,1
1531170238261,1531170238256,1223877,0.00012768,13.00000000,1
1531170239761,1531170239755,1223878,0.00012768,49.00000000,1
1531170242791,1531170242785,1223879,0.00012783,31.00000000,1
1531170242791,1531170242785,1223880,0.00012782,15.00000000,1
1531170245840,1531170245834,1223881,0.00012782,8.00000000,1
1531170245840,1531170245834,1223882,0.00012781,27.00000000,1
1531170246881,1531170246875,1223883,0.00012783,47.00000000,1
1531170248950,1531170248945,1223884,0.00012770,63.00000000,1
1531170250283,1531170250277,1223885,0.00012770,87.00000000,1
1531170275111,1531170275106,1223886,0.00012665,109.00000000,1
1531170357156,1531170357153,1223887,0.00012750,108.00000000,0
1531170360267,1531170360261,1223888,0.00012671,108.00000000,1
1531170402103,1531170402098,1223889,0.00012736,154.00000000,0
1531170414733,1531170414728,1223890,0.00012733,15.00000000,0
1531170414733,1531170414728,1223891,0.00012769,23.00000000,0
1531170417628,1531170417622,1223892,0.00012770,12.00000000,0
1531170427007,1531170427001,1223893,0.00012770,3.00000000,0
1531170427606,1531170427602,1223894,0.00012782,149.00000000,0
1531170430741,1531170430738,1223895,0.00012770,71.00000000,1
1531170430741,1531170430738,1223896,0.00012667,78.00000000,1
1531170432829,1531170432819,1223897,0.00012783,55.00000000,0
1531170464314,1531170464309,1223898,0.00012795,1.00000000,1
1531170647387,1531170647382,1223899,0.00012710,8.00000000,1
1531170684034,1531170684029,1223900,0.00012716,54.00000000,1
1531170684034,1531170684029,1223901,0.00012715,1.00000000,1
1531170813513,1531170813506,1223902,0.00012752,22.00000000,0
1531170817113,1531170817106,1223903,0.00012711,2.00000000,1
1531170940978,1531170940972,1223904,0.00012711,13.00000000,1
1531171234741,1531171234734,1223905,0.00012741,8.00000000,0
1531171234741,1531171234734,1223906,0.00012742,54.00000000,0
1531171234741,1531171234734,1223907,0.00012755,63.00000000,0
1531171234741,1531171234734,1223908,0.00012807,27.00000000,0
1531171234741,1531171234734,1223909,0.00012859,113.00000000,0
1531171234741,1531171234734,1223910,0.00012860,73.00000000,0
1531171234741,1531171234734,1223911,0.00012881,38.00000000,0
1531171234741,1531171234734,1223912,0.00012915,109.00000000,0
1531171234741,1531171234734,1223913,0.00012938,150.00000000,0
1531171234741,1531171234734,1223914,0.00013000,40.00000000,0
1531171234741,1531171234734,1223915,0.00013030,150.00000000,0
1531171234741,1531171234734,1223916,0.00013035,258.00000000,0
1531171240998,1531171240984,1223917,0.00012839,45.00000000,1
1531171240998,1531171240988,1223918,0.00012726,14.00000000,1
1531171241022,1531171241019,1223919,0.00012726,45.00000000,1
1531171241673,1531171241668,1223920,0.00012852,38.00000000,1
1531171241710,1531171241705,1223921,0.00012770,8.00000000,1
1531171241710,1531171241705,1223922,0.00012728,2.00000000,1
1531171242722,1531171242717,1223923,0.00012839,9.00000000,0
1531171282107,1531171282102,1223924,0.00012827,8.00000000,0
1531171282107,1531171282102,1223925,0.00012837,109.00000000,0
1531171323476,1531171323470,1223926,0.00012783,50.00000000,1
1531171323476,1531171323470,1223927,0.00012782,62.00000000,1
1531171323476,1531171323470,1223928,0.00012721,4.00000000,1
1531171328251,1531171328247,1223929,0.00012821,1.00000000,0
1531171330107,1531171330102,1223930,0.00012821,1.00000000,0
1531171332014,1531171332009,1223931,0.00012796,1.00000000,0
1531171335478,1531171335473,1223932,0.00012782,1.00000000,0
1531171337750,1531171337745,1223933,0.00012782,1.00000000,0
1531171338867,1531171338862,1223934,0.00012782,1.00000000,0
1531171344213,1531171344209,1223935,0.00012748,6.00000000,1
1531171347705,1531171347700,1223936,0.00012750,42.00000000,1
1531171477028,1531171477024,1223937,0.00012777,50.00000000,0
1531171509195,1531171509191,1223938,0.00012802,62.00000000,0
1531171511039,1531171511035,1223939,0.00012827,36.00000000,1
1531171512109,1531171512105,1223940,0.00012827,26.00000000,1
1531171553582,1531171553575,1223941,0.00012823,15.00000000,0
1531171553582,1531171553575,1223942,0.00012824,79.00000000,0
1531171553582,1531171553575,1223943,0.00012840,62.00000000,0
1531171553582,1531171553575,1223944,0.00012903,9.00000000,0
1531171553582,1531171553575,1223945,0.00012916,38.00000000,0
1531171553582,1531171553575,1223946,0.00013000,112.00000000,0
1531171553594,1531171553587,1223947,0.00013000,460.00000000,1
1531171553601,1531171553598,1223948,0.00013000,466.00000000,1
1531171553615,1531171553611,1223949,0.00013000,58.00000000,1
1531171553630,1531171553625,1223950,0.00013000,236.00000000,1
1531171553648,1531171553645,1223951,0.00013000,132.00000000,1
1531171553655,1531171553650,1223952,0.00013000,238.00000000,1
1531171553725,1531171553719,1223953,0.00013000,139.00000000,1
1531171554146,1531171554142,1223954,0.00013000,40.00000000,1
1531171554258,1531171554253,1223955,0.00013000,10.00000000,1
1531171554581,1531171554578,1223956,0.00013000,40.00000000,1
1531171556813,1531171556810,1223957,0.00013000,341.00000000,1
1531171557669,1531171557665,1223958,0.00013000,213.00000000,1
1531171557673,1531171557671,1223959,0.00013000,15.00000000,1
1531171557679,1531171557675,1223960,0.00013000,152.00000000,1
1531171557688,1531171557684,1223961,0.00013000,26.00000000,1
1531171558396,1531171558391,1223962,0.00013000,2000.00000000,1
1531171558623,1531171558619,1223963,0.00013000,20.00000000,1
1531171559104,1531171559098,1223964,0.00013000,63.00000000,1
1531171575983,1531171575978,1223965,0.00013000,620.00000000,1
1531171576927,1531171576922,1223966,0.00013000,76.00000000,0
1531171580013,1531171580009,1223967,0.00012999,111.00000000,0
1531171580013,1531171580009,1223968,0.00013000,120.00000000,0
1531171597496,1531171597491,1223969,0.00012974,1528.00000000,1
1531171602880,1531171602875,1223970,0.00012974,1079.00000000,1
1531171607187,1531171607184,1223971,0.00012882,478.00000000,1
1531171648845,1531171648840,1223972,0.00012867,3045.00000000,0
1531171648845,1531171648840,1223973,0.00012868,921.00000000,0
1531171655755,1531171655751,1223974,0.00012867,356.00000000,0
1531171655755,1531171655751,1223975,0.00012868,1646.00000000,0
1531171655755,1531171655751,1223976,0.00012974,639.00000000,0
1531171655755,1531171655751,1223977,0.00012999,282.00000000,0
1531171658716,1531171658711,1223978,0.00013037,15.00000000,0
1531171658716,1531171658711,1223979,0.00013041,188.00000000,0
1531171658846,1531171658841,1223980,0.00013041,412.00000000,0
1531171658846,1531171658841,1223981,0.00013042,127.00000000,0
1531171658846,1531171658841,1223982,0.00013050,2723.00000000,0
1531171741036,1531171741032,1223983,0.00012947,62.00000000,1
1531171752404,1531171752399,1223984,0.00012973,29.00000000,1
1531171759840,1531171759837,1223985,0.00012948,12.00000000,1
1531171761189,1531171761183,1223986,0.00012948,463.00000000,1
1531171761189,1531171761183,1223987,0.00012940,231.00000000,1
1531171761189,1531171761183,1223988,0.00012920,92.00000000,1
1531171761201,1531171761199,1223989,0.00012920,213.00000000,0
1531171762281,1531171762276,1223990,0.00012920,1.00000000,0
1531171774708,1531171774703,1223991,0.00012953,132.00000000,1
1531171775563,1531171775560,1223992,0.00012953,56.00000000,0
1531171798804,1531171798799,1223993,0.00012897,14.00000000,1
1531171919226,1531171919222,1223994,0.00012895,30.00000000,1
1531171919226,1531171919222,1223995,0.00012854,72.00000000,1
1531171939901,1531171939897,1223996,0.00012854,416.00000000,1
1531171941308,1531171941304,1223997,0.00012947,381.00000000,0
1531171941336,1531171941333,1223998,0.00012947,59.00000000,0
1531171945453,1531171945447,1223999,0.00012854,23.00000000,1
1531171945453,1531171945447,1224000,0.00012853,138.00000000,1
1531171945453,1531171945447,1224001,0.00012851,34.00000000,1
1531171945453,1531171945447,1224002,0.00012850,34.00000000,1
1531171945453,1531171945447,1224003,0.00012848,42.00000000,1
1531171945453,1531171945447,1224004,0.00012841,110.00000000,1
1531171946036,1531171946034,1224005,0.00012945,150.00000000,0
1531171946281,1531171946277,1224006,0.00012945,34.00000000,1
1531171947208,1531171947204,1224007,0.00012945,13.00000000,1
1531171949215,1531171949212,1224008,0.00012841,150.00000000,1
1531171949414,1531171949412,1224009,0.00012841,47.00000000,1
1531171951821,1531171951819,1224010,0.00012903,379.00000000,0
1531171954932,1531171954927,1224011,0.00012842,21.00000000,1
1531171954932,1531171954927,1224012,0.00012823,358.00000000,1
1531171958195,1531171958190,1224013,0.00012824,256.00000000,1
1531171958195,1531171958190,1224014,0.00012823,24.00000000,1
1531171958195,1531171958190,1224015,0.00012822,35.00000000,1
1531171958259,1531171958256,1224016,0.00012822,69.00000000,0
1531171958828,1531171958822,1224017,0.00012817,35.00000000,1
1531171960827,1531171960824,1224018,0.00012816,21.00000000,1
1531171967204,1531171967200,1224019,0.00012818,379.00000000,0
1531171970339,1531171970335,1224020,0.00012800,379.00000000,1
1531171978961,1531171978957,1224021,0.00012879,23.00000000,0
1531171978985,1531171978981,1224022,0.00012880,77.00000000,0
1531171978990,1531171978985,1224023,0.00012880,31.00000000,0
1531171979014,1531171979009,1224024,0.00012881,35.00000000,0
1531171979050,1531171979045,1224025,0.00012880,31.00000000,1
1531171982258,1531171982254,1224026,0.00012880,31.00000000,1
1531171989107,1531171989101,1224027,0.00012880,36.00000000,1
1531171989107,1531171989101,1224028,0.00012800,90.00000000,1
1531171989107,1531171989101,1224029,0.00012720,331.00000000,1
1531172139075,1531172139070,1224030,0.00012860,36.00000000,0
1531172154151,1531172154147,1224031,0.00012786,35.00000000,1
1531172188774,1531172188769,1224032,0.00012786,128.00000000,1
1531172188774,1531172188769,1224033,0.00012777,150.00000000,1
1531172188774,1531172188769,1224034,0.00012756,113.00000000,1
1531172188789,1531172188785,1224035,0.00012756,10.00000000,0
1531172188808,1531172188805,1224036,0.00012756,10.00000000,0
1531172188816,1531172188813,1224037,0.00012756,54.00000000,0
1531172188864,1531172188842,1224038,0.00012756,10.00000000,0
1531172188947,1531172188943,1224039,0.00012756,31.00000000,0
1531172190930,1531172190928,1224040,0.00012755,38.00000000,0
1531172191723,1531172191719,1224041,0.00012743,30.00000000,1
1531172192576,1531172192573,1224042,0.00012755,38.00000000,0
1531172193918,1531172193916,1224043,0.00012755,25.00000000,0
1531172286371,1531172286367,1224044,0.00012718,25.00000000,1
1531172311551,1531172311546,1224045,0.00012718,8.00000000,1
1531172322690,1531172322678,1224046,0.00012716,50.00000000,0
1531172322915,1531172322911,1224047,0.00012716,19.00000000,0
1531172343145,1531172343142,1224048,0.00012715,41.00000000,0
1531172554190,1531172554187,1224049,0.00012714,52.00000000,1
1531172555418,1531172555414,1224050,0.00012713,110.00000000,1
1531172611937,1531172611933,1224051,0.00012757,202.00000000,0
1531172615685,1531172615681,1224052,0.00012758,150.00000000,1
1531172615767,1531172615763,1224053,0.00012758,60.00000000,1
1531172618770,1531172618766,1224054,0.00012768,30.00000000,0
1531172618770,1531172618766,1224055,0.00012781,96.00000000,0
1531172651961,1531172651957,1224056,0.00012780,246.00000000,0
1531172652712,1531172652708,1224057,0.00012780,50.00000000,1
1531172655657,1531172655652,1224058,0.00012780,178.00000000,1
1531172714178,1531172714174,1224059,0.00012740,150.00000000,1
1531172714178,1531172714174,1224060,0.00012729,52.00000000,1
1531172748963,1531172748959,1224061,0.00012741,9.00000000,1
1531172750151,1531172750147,1224062,0.00012729,11.00000000,1
1531172889515,1531172889512,1224063,0.00012711,66.00000000,1
1531172911143,1531172911139,1224064,0.00012727,9.00000000,0
1531172911143,1531172911139,1224065,0.00012728,22.00000000,0
1531172916393,1531172916389,1224066,0.00012728,181.00000000,0
1531173081958,1531173081955,1224067,0.00012728,275.00000000,0
1531173081977,1531173081973,1224068,0.00012729,60.00000000,0
1531173081991,1531173081989,1224069,0.00012729,78.00000000,0
1531173086072,1531173086067,1224070,0.00012711,185.00000000,1
1531173086072,1531173086067,1224071,0.00012710,20.00000000,1
1531173086072,1531173086067,1224072,0.00012700,32.00000000,1
1531173086072,1531173086067,1224073,0.00012694,38.00000000,1
1531173196193,1531173196190,1224074,0.00012729,8.00000000,0
1531173360469,1531173360466,1224075,0.00012697,23.00000000,1
1531173360469,1531173360466,1224076,0.00012696,55.00000000,1
1531173412679,1531173412676,1224077,0.00012696,1002.00000000,1
1531173438453,1531173438451,1224078,0.00012667,133.00000000,1
1531173438453,1531173438451,1224079,0.00012665,39.00000000,1
1531173468265,1531173468262,1224080,0.00012665,8.00000000,1
1531174642353,1531174642351,1224081,0.00012719,10.00000000,0
1531174908875,1531174908872,1224082,0.00012715,122.00000000,1
1531174911479,1531174911478,1224083,0.00012729,1598.00000000,0
1531174929273,1531174929270,1224084,0.00012715,1378.00000000,1
1531174929273,1531174929270,1224085,0.00012665,120.00000000,1
1531174929331,1531174929328,1224086,0.00012665,281.00000000,1
1531175074337,1531175074335,1224087,0.00012672,50.00000000,1
1531175074338,1531175074335,1224088,0.00012671,138.00000000,1
1531175081800,1531175081793,1224089,0.00012666,467.00000000,1
1531175081800,1531175081793,1224090,0.00012665,510.00000000,1
1531175081800,1531175081793,1224091,0.00012598,734.00000000,1
1531175081800,1531175081793,1224092,0.00012584,15.00000000,1
1531175081800,1531175081793,1224093,0.00012581,39.00000000,1
1531175081800,1531175081793,1224094,0.00012570,433.00000000,1
1531175081800,1531175081793,1224095,0.00012561,100.00000000,1
1531175081800,1531175081793,1224096,0.00012559,575.00000000,1
1531175081800,1531175081793,1224097,0.00012549,167.00000000,1
1531175081800,1531175081793,1224098,0.00012536,160.00000000,1
1531175081800,1531175081793,1224099,0.00012529,100.00000000,1
1531175081800,1531175081793,1224100,0.00012528,47.00000000,1
1531175081800,1531175081793,1224101,0.00012511,19.00000000,1
1531175081800,1531175081793,1224102,0.00012494,47.00000000,1
1531175081800,1531175081793,1224103,0.00012482,366.00000000,1
1531175081800,1531175081793,1224104,0.00012481,28.00000000,1
1531175081800,1531175081793,1224105,0.00012480,9.00000000,1
1531175081800,1531175081793,1224106,0.00012477,375.00000000,1
1531175081800,1531175081793,1224107,0.00012475,492.00000000,1
1531175081800,1531175081793,1224108,0.00012468,1200.00000000,1
1531175081800,1531175081793,1224109,0.00012464,47.00000000,1
1531175081800,1531175081793,1224110,0.00012459,120.00000000,1
1531175081800,1531175081793,1224111,0.00012458,4091.00000000,1
1531175081815,1531175081812,1224112,0.00012500,828.00000000,0
1531175082518,1531175082517,1224113,0.00012619,11.00000000,0
1531175083506,1531175083503,1224114,0.00012561,9.00000000,0
1531175083506,1531175083503,1224115,0.00012619,4.00000000,0
1531175088520,1531175088519,1224116,0.00012581,42.00000000,1
1531175095377,1531175095374,1224117,0.00012590,26.00000000,0
1531175095394,1531175095392,1224118,0.00012590,19.00000000,0
1531175095402,1531175095400,1224119,0.00012590,21.00000000,0
1531175095423,1531175095421,1224120,0.00012590,60.00000000,0
1531175095442,1531175095439,1224121,0.00012581,5.00000000,1
1531175095442,1531175095439,1224122,0.00012544,2.00000000,1
1531175113393,1531175113391,1224123,0.00012581,15.00000000,0
1531175113393,1531175113391,1224124,0.00012582,32.00000000,0
1531175113393,1531175113391,1224125,0.00012589,53.00000000,0
1531175269600,1531175269598,1224126,0.00012522,433.00000000,0
1531175281860,1531175281857,1224127,0.00012546,7.00000000,0
1531175398118,1531175398116,1224128,0.00012483,108.00000000,1
1531175398118,1531175398116,1224129,0.00012471,2.00000000,1
1531175448518,1531175448516,1224130,0.00012537,1.00000000,0
1531175690219,1531175690216,1224131,0.00012479,266.00000000,1
1531175690219,1531175690216,1224132,0.00012471,46.00000000,1
1531175690219,1531175690216,1224133,0.00012462,87.00000000,1
1531175697298,1531175697296,1224134,0.00012467,282.00000000,1
1531175697298,1531175697296,1224135,0.00012462,317.00000000,1
1531175703227,1531175703225,1224136,0.00012464,166.00000000,1
1531175703227,1531175703225,1224137,0.00012462,434.00000000,1
1531175773518,1531175773516,1224138,0.00012524,30.00000000,0
1531175992124,1531175992121,1224139,0.00012463,2.00000000,1
1531176244056,1531176244055,1224140,0.00012467,182.00000000,1
1531176278178,1531176278175,1224141,0.00012464,80.00000000,0
1531176285188,1531176285186,1224142,0.00012464,80.00000000,0
1531176286185,1531176286183,1224143,0.00012464,80.00000000,0
1531176288655,1531176288654,1224144,0.00012464,46.00000000,0
1531176438295,1531176438295,1224145,0.00012463,27.00000000,1
1531176458232,1531176458230,1224146,0.00012463,9.00000000,1
1531176638563,1531176638561,1224147,0.00012463,305.00000000,1
1531176640702,1531176640699,1224148,0.00012466,19.00000000,0
1531176640702,1531176640699,1224149,0.00012467,18.00000000,0
1531176640702,1531176640699,1224150,0.00012488,38.00000000,0
1531176725365,1531176725361,1224151,0.00012463,44.00000000,1
1531176725365,1531176725361,1224152,0.00012462,285.00000000,1
1531176725365,1531176725361,1224153,0.00012450,107.00000000,1
1531176725365,1531176725361,1224154,0.00012438,64.00000000,1
1531176725365,1531176725361,1224155,0.00012404,129.00000000,1
1531176725365,1531176725361,1224156,0.00012397,764.00000000,1
1531176730353,1531176730338,1224157,0.00012434,10.00000000,0
1531176730386,1531176730385,1224158,0.00012434,37.00000000,0
1531176731358,1531176731356,1224159,0.00012403,30.00000000,1
1531176780735,1531176780732,1224160,0.00012453,12.00000000,0
1531176804898,1531176804896,1224161,0.00012453,1.00000000,0
1531176849899,1531176849898,1224162,0.00012453,2.00000000,0
1531176883445,1531176883443,1224163,0.00012428,6.00000000,1
1531176903481,1531176903480,1224164,0.00012399,6.00000000,1
1531176910497,1531176910496,1224165,0.00012402,12.00000000,1
1531176910497,1531176910496,1224166,0.00012397,27.00000000,1
1531176912567,1531176912566,1224167,0.00012403,39.00000000,1
1531177381614,1531177381613,1224168,0.00012449,3.00000000,0
1531177399484,1531177399483,1224169,0.00012449,81.00000000,0
1531177804830,1531177804833,1224170,0.00012417,1.00000000,1
1531177809514,1531177809515,1224171,0.00012449,10.00000000,0
1531177869326,1531177869327,1224172,0.00012449,64.00000000,0
1531178264179,1531178264182,1224173,0.00012454,20.00000000,0
1531178271136,1531178271140,1224174,0.00012454,2.00000000,0
1531178635989,1531178635994,1224175,0.00012454,24.00000000,0
1531178678783,1531178678785,1224176,0.00012417,23.00000000,1
1531178678783,1531178678785,1224177,0.00012416,37.00000000,1
1531178678810,1531178678813,1224178,0.00012416,11.00000000,1
1531178678810,1531178678813,1224179,0.00012411,37.00000000,1
1531178680578,1531178680583,1224180,0.00012418,23.00000000,1
1531178767092,1531178767096,1224181,0.00012453,24.00000000,0
1531178767092,1531178767096,1224182,0.00012454,18.00000000,0
1531178767092,1531178767096,1224183,0.00012561,19.00000000,0
1531178767092,1531178767096,1224184,0.00012574,19.00000000,0
1531179053727,1531179053731,1224185,0.00012465,20.00000000,1
1531179053727,1531179053731,1224186,0.00012458,23.00000000,1
1531179134712,1531179134716,1224187,0.00012526,23.00000000,0
1531179134712,1531179134716,1224188,0.00012527,20.00000000,0
1531179134712,1531179134716,1224189,0.00012529,36.00000000,0
1531179157446,1531179157451,1224190,0.00012477,24.00000000,1
1531179157446,1531179157451,1224191,0.00012476,91.00000000,1
1531179157458,1531179157463,1224192,0.00012401,113.00000000,1
1531179376000,1531179376006,1224193,0.00012407,51.00000000,1
1531179376000,1531179376006,1224194,0.00012397,149.00000000,1
1531179518596,1531179518600,1224195,0.00012397,300.00000000,1
1531179518596,1531179518600,1224196,0.00012390,9.00000000,1
1531179518596,1531179518600,1224197,0.00012357,100.00000000,1
1531179518596,1531179518600,1224198,0.00012321,158.00000000,1
1531179546054,1531179546059,1224199,0.00012323,1.00000000,1
1531179552747,1531179552752,1224200,0.00012323,62.00000000,1
1531179606698,1531179606703,1224201,0.00012329,9.00000000,1
1531179797348,1531179797355,1224202,0.00012332,17.00000000,1
1531179808745,1531179808750,1224203,0.00012390,50.00000000,0
1531179811501,1531179811505,1224204,0.00012331,1.00000000,1
1531179812996,1531179813002,1224205,0.00012391,129.00000000,0
1531179830823,1531179830830,1224206,0.00012388,17.00000000,0
1531179866127,1531179866133,1224207,0.00012385,2.00000000,0
1531180234369,1531180234375,1224208,0.00012380,21.00000000,0
1531180234369,1531180234375,1224209,0.00012392,59.00000000,0
1531180244716,1531180244723,1224210,0.00012392,5.00000000,0
1531180244716,1531180244723,1224211,0.00012453,6.00000000,0
1531180977655,1531180977656,1224212,0.00012380,78.00000000,1
1531180977655,1531180977656,1224213,0.00012379,64.00000000,1
1531180977655,1531180977656,1224214,0.00012329,82.00000000,1
1531180977655,1531180977656,1224215,0.00012321,42.00000000,1
1531180977655,1531180977656,1224216,0.00012313,9.00000000,1
1531180977655,1531180977656,1224217,0.00012304,81.00000000,1
1531180977655,1531180977656,1224218,0.00012300,97.00000000,1
1531180977655,1531180977656,1224219,0.00012294,12.00000000,1
1531180977655,1531180977656,1224220,0.00012255,288.00000000,1
1531180977655,1531180977656,1224221,0.00012253,48.00000000,1
1531180977655,1531180977656,1224222,0.00012252,47.00000000,1
1531180977655,1531180977656,1224223,0.00012244,444.00000000,1
1531180977655,1531180977656,1224224,0.00012243,59.00000000,1
1531180977655,1531180977656,1224225,0.00012231,155.00000000,1
1531180977655,1531180977656,1224226,0.00012222,250.00000000,1
1531180977655,1531180977656,1224227,0.00012220,15.00000000,1
1531180977655,1531180977656,1224228,0.00012193,9.00000000,1
1531180977655,1531180977656,1224229,0.00012182,375.00000000,1
1531180977655,1531180977656,1224230,0.00012177,504.00000000,1
1531180977655,1531180977656,1224231,0.00012171,10.00000000,1
1531180977655,1531180977656,1224232,0.00012157,267.00000000,1
1531180977674,1531180977680,1224233,0.00012200,75.00000000,0
1531180977674,1531180977680,1224234,0.00012290,6.00000000,0
1531180977682,1531180977688,1224235,0.00012290,141.00000000,0
1531180977715,1531180977722,1224236,0.00012290,19.00000000,0
1531180977755,1531180977759,1224237,0.00012159,141.00000000,1
1531180977829,1531180977833,1224238,0.00012200,18.00000000,1
1531180977903,1531180977908,1224239,0.00012208,45.00000000,1
1531180978731,1531180978736,1224240,0.00012284,9.00000000,0
1531180978731,1531180978736,1224241,0.00012293,55.00000000,0
1531180978765,1531180978771,1224242,0.00012293,42.00000000,0
1531180978915,1531180978919,1224243,0.00012293,347.00000000,0
1531180979964,1531180979968,1224244,0.00012293,96.00000000,1
1531180983118,1531180983121,1224245,0.00012360,25.00000000,0
1531180984335,1531180984340,1224246,0.00012360,20.00000000,0
1531180986075,1531180986080,1224247,0.00012335,92.00000000,0
1531180986439,1531180986444,1224248,0.00012335,56.00000000,0
1531180988936,1531180988942,1224249,0.00012359,24.00000000,0
1531180988936,1531180988942,1224250,0.00012360,20.00000000,0
1531181004970,1531181004976,1224251,0.00012329,24.00000000,1
1531181004970,1531181004976,1224252,0.00012328,65.00000000,1
1531181007284,1531181007287,1224253,0.00012293,24.00000000,1
1531181010399,1531181010403,1224254,0.00012303,9.00000000,0
1531181010399,1531181010403,1224255,0.00012323,65.00000000,0
1531181014505,1531181014512,1224256,0.00012375,30.00000000,0
1531181016077,1531181016083,1224257,0.00012338,15.00000000,0
1531181027369,1531181027373,1224258,0.00012231,9.00000000,1
1531181029201,1531181029206,1224259,0.00012232,29.00000000,1
1531181029201,1531181029206,1224260,0.00012231,3.00000000,1
1531181046476,1531181046479,1224261,0.00012274,53.00000000,0
1531181046476,1531181046479,1224262,0.00012276,149.00000000,0
1531181047195,1531181047199,1224263,0.00012273,8.00000000,0
1531181047314,1531181047319,1224264,0.00012232,9.00000000,1
1531181063328,1531181063333,1224265,0.00012264,46.00000000,0
1531181063328,1531181063333,1224266,0.00012267,75.00000000,0
1531181063328,1531181063333,1224267,0.00012271,18.00000000,0
1531181143662,1531181143667,1224268,0.00012270,9.00000000,0
1531181143662,1531181143667,1224269,0.00012271,66.00000000,0
1531181143662,1531181143667,1224270,0.00012276,6.00000000,0
1531181206975,1531181206980,1224271,0.00012232,38.00000000,1
1531181207306,1531181207310,1224272,0.00012232,42.00000000,0
1531181233823,1531181233827,1224273,0.00012223,77.00000000,1
1531181317814,1531181317819,1224274,0.00012327,8.00000000,0
1531181451452,1531181451454,1224275,0.00012289,1.00000000,0
1531181569844,1531181569847,1224276,0.00012259,150.00000000,0
1531181971602,1531181971604,1224277,0.00012256,5.00000000,0
1531181996772,1531181996775,1224278,0.00012225,1.00000000,1
1531182013498,1531182013501,1224279,0.00012256,25.00000000,0
1531182088324,1531182088313,1224280,0.00012222,9.00000000,1
1531182088324,1531182088313,1224281,0.00012214,45.00000000,1
1531182088324,1531182088313,1224282,0.00012213,8.00000000,1
1531182139777,1531182139781,1224283,0.00012214,9.00000000,1
1531182161551,1531182161554,1224284,0.00012255,9.00000000,0
1531182161551,1531182161554,1224285,0.00012256,4.00000000,0
1531182363437,1531182363440,1224286,0.00012215,74.00000000,1
1531182558226,1531182558229,1224287,0.00012256,49.00000000,0
1531182558226,1531182558229,1224288,0.00012257,104.00000000,0
1531182676822,1531182676824,1224289,0.00012262,65.00000000,0
1531182724323,1531182724324,1224290,0.00012276,9.00000000,0
1531182724323,1531182724324,1224291,0.00012280,62.00000000,0
1531182777817,1531182777819,1224292,0.00012280,3.00000000,0
1531182777817,1531182777819,1224293,0.00012355,9.00000000,0
1531182777817,1531182777819,1224294,0.00012379,9.00000000,0
1531182777817,1531182777819,1224295,0.00012390,283.00000000,0
1531182849681,1531182849681,1224296,0.00012317,65.00000000,1
1531182849681,1531182849681,1224297,0.00012275,502.00000000,1
1531182849681,1531182849681,1224298,0.00012274,416.00000000,1
1531182849681,1531182849681,1224299,0.00012272,176.00000000,1
1531182874461,1531182874463,1224300,0.00012342,120.00000000,0
1531182922686,1531182922687,1224301,0.00012329,54.00000000,0
1531182924679,1531182924681,1224302,0.00012317,26.00000000,0
1531182924679,1531182924681,1224303,0.00012329,156.00000000,0
1531182926690,1531182926692,1224304,0.00012317,23.00000000,0
1531182946351,1531182946353,1224305,0.00012257,23.00000000,0
1531182946809,1531182946811,1224306,0.00012257,46.00000000,0
1531182947025,1531182947026,1224307,0.00012257,46.00000000,0
1531182947256,1531182947255,1224308,0.00012257,44.00000000,0
1531182949214,1531182949213,1224309,0.00012257,1.00000000,0
1531182950143,1531182950142,1224310,0.00012253,46.00000000,1
1531182962068,1531182962069,1224311,0.00012294,45.00000000,0
1531182962068,1531182962069,1224312,0.00012390,1.00000000,0
1531182962068,1531182962069,1224313,0.00012402,82.00000000,0
1531183002329,1531183002328,1224314,0.00012400,124.00000000,0
1531183048950,1531183048949,1224315,0.00012400,8.00000000,0
1531183048950,1531183048949,1224316,0.00012403,48.00000000,0
1531183048950,1531183048949,1224317,0.00012476,9.00000000,0
1531183048950,1531183048949,1224318,0.00012477,9.00000000,0
1531183048950,1531183048949,1224319,0.00012538,118.00000000,0
1531183059707,1531183059708,1224320,0.00012538,52.00000000,0
1531183059707,1531183059708,1224321,0.00012541,382.00000000,0
1531183280956,1531183280957,1224322,0.00012499,2.00000000,1
1531183338209,1531183338207,1224323,0.00012541,3.00000000,0
1531183338209,1531183338207,1224324,0.00012556,9.00000000,0
1531183338209,1531183338207,1224325,0.00012581,26.00000000,0
1531183338209,1531183338207,1224326,0.00012591,41.00000000,0
1531183369644,1531183369642,1224327,0.00012591,6.00000000,0
1531183387743,1531183387742,1224328,0.00012592,3.00000000,1
1531183458033,1531183458032,1224329,0.00012559,66.00000000,1
1531183458033,1531183458032,1224330,0.00012558,21.00000000,1
1531183458033,1531183458032,1224331,0.00012555,13.00000000,1
1531183684099,1531183684098,1224332,0.00012542,24.00000000,1
1531183752601,1531183752598,1224333,0.00012591,1.00000000,0
1531183847782,1531183847781,1224334,0.00012548,110.00000000,1
1531183921326,1531183921324,1224335,0.00012548,1.00000000,1
1531183922676,1531183922675,1224336,0.00012542,1.00000000,1
1531183953599,1531183953598,1224337,0.00012549,23.00000000,1
1531184039015,1531184039013,1224338,0.00012542,63.00000000,1
1531184039015,1531184039013,1224339,0.00012471,45.00000000,1
1531184397418,1531184397413,1224340,0.00012506,1.00000000,1
1531184399618,1531184399617,1224341,0.00012505,1.00000000,1
1531184421606,1531184421603,1224342,0.00012505,121.00000000,1
1531184421620,1531184421617,1224343,0.00012505,388.00000000,0
1531184421632,1531184421628,1224344,0.00012505,244.00000000,0
1531184421659,1531184421656,1224345,0.00012505,59.00000000,0
1531184422657,1531184422654,1224346,0.00012505,83.00000000,0
1531184500434,1531184500430,1224347,0.00012521,22.00000000,0
1531184500434,1531184500430,1224348,0.00012522,143.00000000,0
1531184528112,1531184528108,1224349,0.00012480,3.00000000,1
1531184702620,1531184702616,1224350,0.00012524,64.00000000,0
1531184702620,1531184702616,1224351,0.00012590,15.00000000,0
1531184731330,1531184731326,1224352,0.00012590,95.00000000,0
1531184921330,1531184921326,1224353,0.00012530,49.00000000,1
1531184921330,1531184921326,1224354,0.00012515,8.00000000,1
1531185007680,1531185007676,1224355,0.00012516,4.00000000,1
1531185039652,1531185039649,1224356,0.00012516,20.00000000,1
1531185130216,1531185130210,1224357,0.00012553,71.00000000,0
1531185130532,1531185130528,1224358,0.00012521,34.00000000,1
1531185130532,1531185130528,1224359,0.00012520,27.00000000,1
1531185157676,1531185157671,1224360,0.00012521,5.00000000,1
1531185232281,1531185232277,1224361,0.00012521,1.00000000,1
1531185295075,1531185295069,1224362,0.00012521,37.00000000,1
1531185298090,1531185298086,1224363,0.00012520,3.00000000,1
1531185346172,1531185346167,1224364,0.00012537,205.00000000,0
1531185366371,1531185366366,1224365,0.00012537,2.00000000,0
1531185366371,1531185366366,1224366,0.00012560,41.00000000,0
1531185366371,1531185366366,1224367,0.00012561,7.00000000,0
1531186044298,1531186044294,1224368,0.00012521,21.00000000,1
1531186044727,1531186044692,1224369,0.00012521,31.00000000,1
1531186100842,1531186100836,1224370,0.00012515,56.00000000,1
1531186100842,1531186100836,1224371,0.00012478,423.00000000,1
1531186100842,1531186100836,1224372,0.00012477,68.00000000,1
1531186100842,1531186100836,1224373,0.00012471,923.00000000,1
1531186121190,1531186121183,1224374,0.00012489,64.00000000,1
1531186121190,1531186121183,1224375,0.00012470,577.00000000,1
1531186121190,1531186121183,1224376,0.00012467,192.00000000,1
1531186121190,1531186121183,1224377,0.00012463,256.00000000,1
1531186121190,1531186121183,1224378,0.00012397,442.00000000,1
1531186121190,1531186121183,1224379,0.00012387,169.00000000,1
1531186121867,1531186121861,1224380,0.00012447,160.00000000,0
1531186121898,1531186121894,1224381,0.00012447,10.00000000,0
1531186121942,1531186121935,1224382,0.00012447,101.00000000,0
1531186122221,1531186122215,1224383,0.00012447,24.00000000,0
1531186122929,1531186122923,1224384,0.00012447,60.00000000,0
1531186127286,1531186127280,1224385,0.00012413,64.00000000,0
1531186131931,1531186131927,1224386,0.00012400,26.00000000,0
1531186135246,1531186135240,1224387,0.00012389,13.00000000,0
1531186135246,1531186135240,1224388,0.00012419,225.00000000,0
1531186136080,1531186136074,1224389,0.00012395,64.00000000,0
1531186138246,1531186138239,1224390,0.00012419,198.00000000,0
1531186138246,1531186138239,1224391,0.00012422,57.00000000,0
1531186138277,1531186138271,1224392,0.00012422,30.00000000,0
1531186140733,1531186140728,1224393,0.00012474,71.00000000,0
1531186190990,1531186190984,1224394,0.00012461,64.00000000,0
1531186190990,1531186190984,1224395,0.00012474,98.00000000,0
1531186213483,1531186213478,1224396,0.00012455,69.00000000,1
1531186213483,1531186213478,1224397,0.00012454,452.00000000,1
1531186213799,1531186213793,1224398,0.00012453,282.00000000,0
1531186289958,1531186289951,1224399,0.00012469,50.00000000,1
1531186291056,1531186291049,1224400,0.00012530,73.00000000,0
1531186291056,1531186291049,1224401,0.00012531,307.00000000,0
1531186304954,1531186304948,1224402,0.00012470,74.00000000,1
1531186767149,1531186767143,1224403,0.00012413,45.00000000,0
1531186767938,1531186767933,1224404,0.00012412,45.00000000,0
1531186770763,1531186770757,1224405,0.00012411,51.00000000,0
1531186779761,1531186779755,1224406,0.00012397,1.00000000,1
1531186919967,1531186919962,1224407,0.00012395,64.00000000,1
1531186919967,1531186919962,1224408,0.00012385,63.00000000,1
1531186957561,1531186957555,1224409,0.00012367,21.00000000,1
1531186960946,1531186960940,1224410,0.00012363,20.00000000,0
1531187043453,1531187043447,1224411,0.00012371,30.00000000,0
1531187191788,1531187191784,1224412,0.00012350,34.00000000,1
1531187194291,1531187194286,1224413,0.00012350,2.00000000,1
1531187194324,1531187194320,1224414,0.00012349,42.00000000,0
1531187195272,1531187195265,1224415,0.00012349,108.00000000,0
1531187196148,1531187196144,1224416,0.00012349,1.00000000,0
1531187263910,1531187263905,1224417,0.00012359,142.00000000,1
1531187291247,1531187291241,1224418,0.00012349,8.00000000,0
1531187317186,1531187317180,1224419,0.00012349,164.00000000,0
1531187483596,1531187483592,1224420,0.00012318,24.00000000,1
1531187483596,1531187483592,1224421,0.00012317,32.00000000,1
1531187531386,1531187531380,1224422,0.00012341,428.00000000,0
1531187531386,1531187531380,1224423,0.00012347,24.00000000,0
1531187531386,1531187531380,1224424,0.00012350,820.00000000,0
1531187531461,1531187531456,1224425,0.00012350,80.00000000,0
1531187624713,1531187624707,1224426,0.00012332,456.00000000,0
1531187624713,1531187624707,1224427,0.00012333,738.00000000,0
1531188312915,1531188312912,1224428,0.00012356,30.00000000,0
1531188354622,1531188354618,1224429,0.00012356,25.00000000,0
1531188368191,1531188368189,1224430,0.00012356,35.00000000,0
1531188368191,1531188368189,1224431,0.00012358,65.00000000,0
1531188368191,1531188368189,1224432,0.00012359,3.00000000,0
1531188421374,1531188421371,1224433,0.00012389,2.00000000,0
1531188484710,1531188484705,1224434,0.00012341,70.00000000,1
1531188485708,1531188485705,1224435,0.00012342,24.00000000,1
1531188485708,1531188485705,1224436,0.00012341,31.00000000,1
1531188485718,1531188485716,1224437,0.00012341,60.00000000,1
1531188619001,1531188618997,1224438,0.00012388,46.00000000,0
1531188710468,1531188710464,1224439,0.00012388,2.00000000,0
1531188710468,1531188710464,1224440,0.00012389,56.00000000,0
1531188730309,1531188730305,1224441,0.00012389,6.00000000,0
1531188733256,1531188733254,1224442,0.00012341,23.00000000,1
1531188734293,1531188734291,1224443,0.00012341,50.00000000,1
1531188737030,1531188737027,1224444,0.00012341,32.00000000,1
1531188737273,1531188737269,1224445,0.00012341,66.00000000,1
1531188739221,1531188739218,1224446,0.00012341,115.00000000,1
1531188740088,1531188740083,1224447,0.00012341,19.00000000,1
1531188740088,1531188740083,1224448,0.00012340,23.00000000,1
1531188741129,1531188741127,1224449,0.00012340,21.00000000,1
1531188769110,1531188769106,1224450,0.00012340,21.00000000,1
1531188769110,1531188769106,1224451,0.00012317,4.00000000,1
1531188769110,1531188769106,1224452,0.00012301,55.00000000,1
1531188769292,1531188769289,1224453,0.00012264,55.00000000,1
1531188792969,1531188792965,1224454,0.00012269,30.00000000,1
1531188836733,1531188836730,1224455,0.00012273,9.00000000,1
1531188846740,1531188846737,1224456,0.00012274,53.00000000,1
1531188846740,1531188846737,1224457,0.00012273,82.00000000,1
1531188918693,1531188918687,1224458,0.00012271,52.00000000,1
1531188918693,1531188918687,1224459,0.00012266,59.00000000,1
1531188918693,1531188918687,1224460,0.00012265,65.00000000,1
1531188918693,1531188918687,1224461,0.00012264,245.00000000,1
1531188920335,1531188920331,1224462,0.00012256,27.00000000,1
1531188962982,1531188962978,1224463,0.00012301,65.00000000,0
1531188985133,1531188985130,1224464,0.00012251,9.00000000,1
1531189082340,1531189082338,1224465,0.00012269,44.00000000,1
1531189088519,1531189088515,1224466,0.00012269,21.00000000,1
1531189116518,1531189116514,1224467,0.00012269,21.00000000,0
1531189119744,1531189119741,1224468,0.00012269,1.00000000,0
1531189142755,1531189142753,1224469,0.00012269,162.00000000,0
1531189143267,1531189143265,1224470,0.00012269,140.00000000,0
1531189265072,1531189265069,1224471,0.00012238,34.00000000,1
1531189294219,1531189294217,1224472,0.00012285,81.00000000,1
1531189563106,1531189563104,1224473,0.00012240,65.00000000,1
1531189607635,1531189607631,1224474,0.00012217,22.00000000,1
1531189607655,1531189607652,1224475,0.00012217,23.00000000,0
1531189607687,1531189607684,1224476,0.00012217,23.00000000,0
1531189607694,1531189607691,1224477,0.00012217,32.00000000,0
1531190087319,1531190087315,1224478,0.00012219,177.00000000,1
1531190088315,1531190088313,1224479,0.00012215,79.00000000,1
1531190090313,1531190090311,1224480,0.00012219,21.00000000,1
1531190297074,1531190297069,1224481,0.00012214,9.00000000,1
1531190549124,1531190549121,1224482,0.00012205,18.00000000,1
1531190549124,1531190549121,1224483,0.00012193,1.00000000,1
1531190601645,1531190601642,1224484,0.00012193,8.00000000,1
1531190613737,1531190613734,1224485,0.00012178,63.00000000,0
1531190642727,1531190642725,1224486,0.00012178,9.00000000,1
1531190665844,1531190665840,1224487,0.00012174,66.00000000,0
1531190678102,1531190678099,1224488,0.00012174,50.00000000,1
1531190678102,1531190678099,1224489,0.00012151,66.00000000,1
1531190678102,1531190678099,1224490,0.00012110,43.00000000,1
1531190678102,1531190678099,1224491,0.00012106,103.00000000,1
1531190678102,1531190678099,1224492,0.00012100,849.00000000,1
1531190702109,1531190702105,1224493,0.00012116,9.00000000,1
1531190704481,1531190704478,1224494,0.00012117,24.00000000,1
1531190704481,1531190704478,1224495,0.00012116,12.00000000,1
1531190707375,1531190707372,1224496,0.00012116,78.00000000,1
1531190721248,1531190721246,1224497,0.00012156,183.00000000,0
1531190728146,1531190728143,1224498,0.00012156,121.00000000,0
1531190758187,1531190758183,1224499,0.00012156,82.00000000,0
1531190758235,1531190758231,1224500,0.00012156,99.00000000,0
1531190866655,1531190866650,1224501,0.00012166,66.00000000,0
1531190866655,1531190866650,1224502,0.00012177,10.00000000,0
1531190866655,1531190866650,1224503,0.00012329,6.00000000,0
1531190975144,1531190975141,1224504,0.00012203,65.00000000,1
1531190984347,1531190984344,1224505,0.00012181,24.00000000,1
1531190984413,1531190984410,1224506,0.00012180,21.00000000,1
1531190984446,1531190984443,1224507,0.00012166,21.00000000,1
1531190997725,1531190997723,1224508,0.00012156,36.00000000,1
1531191060430,1531191060428,1224509,0.00012151,24.00000000,0
1531191060430,1531191060428,1224510,0.00012152,35.00000000,0
1531191084379,1531191084376,1224511,0.00012117,24.00000000,1
1531191106110,1531191106106,1224512,0.00012116,12.00000000,1
1531191106110,1531191106106,1224513,0.00012100,123.00000000,1
1531191236484,1531191236482,1224514,0.00012101,218.00000000,1
1531191323766,1531191323762,1224515,0.00012139,82.00000000,0
1531191537993,1531191537989,1224516,0.00012101,16.00000000,1
1531191538022,1531191538018,1224517,0.00012101,8.00000000,1
1531191538022,1531191538018,1224518,0.00012100,3.00000000,1
1531191572408,1531191572404,1224519,0.00012101,9.00000000,1
1531191635758,1531191635756,1224520,0.00012101,60.00000000,1
1531191682659,1531191682656,1224521,0.00012144,1.00000000,0
1531191734750,1531191734747,1224522,0.00012148,66.00000000,0
1531191787118,1531191787113,1224523,0.00012171,12.00000000,1
1531191787118,1531191787113,1224524,0.00012170,66.00000000,1
1531191787289,1531191787283,1224525,0.00012101,31.00000000,1
1531191787932,1531191787928,1224526,0.00012101,32.00000000,1
1531191943941,1531191943940,1224527,0.00012106,13.00000000,1
1531191998680,1531191998677,1224528,0.00012140,1.00000000,0
1531192064851,1531192064846,1224529,0.00012145,74.00000000,0
1531192066790,1531192066787,1224530,0.00012143,104.00000000,0
1531192066790,1531192066787,1224531,0.00012144,41.00000000,0
1531192067104,1531192067101,1224532,0.00012144,104.00000000,0
1531192076772,1531192076769,1224533,0.00012158,160.00000000,0
1531192098896,1531192098892,1224534,0.00012157,45.00000000,0
1531192099844,1531192099841,1224535,0.00012157,1.00000000,0
1531192099844,1531192099841,1224536,0.00012159,66.00000000,0
1531192108970,1531192108966,1224537,0.00012167,58.00000000,0
1531192110648,1531192110646,1224538,0.00012170,77.00000000,0
1531192118722,1531192118718,1224539,0.00012170,1.00000000,0
1531192164811,1531192164807,1224540,0.00012210,23.00000000,0
1531192165932,1531192165927,1224541,0.00012210,42.00000000,0
1531192213773,1531192213770,1224542,0.00012168,21.00000000,1
1531192215178,1531192215173,1224543,0.00012168,28.00000000,1
1531192215178,1531192215173,1224544,0.00012167,59.00000000,1
1531192215178,1531192215173,1224545,0.00012162,66.00000000,1
1531192215191,1531192215187,1224546,0.00012162,43.00000000,0
1531192215775,1531192215772,1224547,0.00012221,213.00000000,0
1531192463117,1531192463115,1224548,0.00012196,20.00000000,0
1531192493550,1531192493546,1224549,0.00012196,6.00000000,0
1531192521745,1531192521741,1224550,0.00012196,11.00000000,0
1531192543476,1531192543471,1224551,0.00012196,9.00000000,0
1531192697865,1531192697861,1224552,0.00012196,3.00000000,0
1531192697865,1531192697861,1224553,0.00012197,3.00000000,0
1531192884216,1531192884214,1224554,0.00012154,37.00000000,1
1531192884216,1531192884214,1224555,0.00012153,34.00000000,1
1531192934050,1531192934048,1224556,0.00012154,36.00000000,1
1531192934050,1531192934048,1224557,0.00012153,24.00000000,1
1531193322200,1531193322195,1224558,0.00012193,119.00000000,0
1531193322209,1531193322207,1224559,0.00012194,60.00000000,0
1531193322209,1531193322207,1224560,0.00012194,264.00000000,0
1531193322227,1531193322224,1224561,0.00012194,265.00000000,0
1531193322233,1531193322228,1224562,0.00012194,82.00000000,0
1531193322259,1531193322254,1224563,0.00012194,265.00000000,0
1531193322308,1531193322304,1224564,0.00012194,265.00000000,0
1531193323039,1531193323033,1224565,0.00012148,66.00000000,1
1531193323872,1531193323868,1224566,0.00012148,199.00000000,0
1531193411079,1531193411075,1224567,0.00012139,16.00000000,1
1531193483477,1531193483472,1224568,0.00012184,200.00000000,0
1531193824390,1531193824385,1224569,0.00012113,43.00000000,1
1531193859372,1531193859369,1224570,0.00012126,40.00000000,1
1531193859372,1531193859369,1224571,0.00012119,3.00000000,1
1531193859671,1531193859666,1224572,0.00012119,43.00000000,1
1531193973199,1531193973194,1224573,0.00012133,47.00000000,1
1531194161805,1531194161800,1224574,0.00012132,36.00000000,0
1531194222767,1531194222762,1224575,0.00012136,25.00000000,1
1531194409995,1531194409990,1224576,0.00012154,50.00000000,1
1531194584231,1531194584226,1224577,0.00012126,51.00000000,1
1531194584359,1531194584354,1224578,0.00012126,51.00000000,1
1531194584932,1531194584927,1224579,0.00012124,25.00000000,1
1531195929998,1531195929994,1224580,0.00012180,1.00000000,0
1531196321073,1531196321068,1224581,0.00012123,338.00000000,1
1531196321073,1531196321068,1224582,0.00012122,174.00000000,1
1531196321073,1531196321068,1224583,0.00012101,43.00000000,1
1531196321142,1531196321136,1224584,0.00012101,183.00000000,0
1531196321956,1531196321950,1224585,0.00012101,267.00000000,0
1531196323691,1531196323686,1224586,0.00012105,71.00000000,1
1531196324348,1531196324342,1224587,0.00012105,16.00000000,1
1531196324348,1531196324342,1224588,0.00012100,5.00000000,1
1531196354335,1531196354330,1224589,0.00012178,8.00000000,0
1531196362814,1531196362810,1224590,0.00012174,3.00000000,0
1531196692382,1531196692378,1224591,0.00012150,2.00000000,0
1531197217236,1531197217233,1224592,0.00012101,19.00000000,1
1531197217236,1531197217233,1224593,0.00012100,8.00000000,1
1531197470731,1531197470728,1224594,0.00012120,1.00000000,0
1531197664039,1531197664036,1224595,0.00012116,210.00000000,0
1531197942670,1531197942665,1224596,0.00012100,198.00000000,1
1531198110813,1531198110809,1224597,0.00012116,150.00000000,0
1531198204927,1531198204922,1224598,0.00012100,67.00000000,1
1531198204971,1531198204968,1224599,0.00012100,67.00000000,1
1531198388052,1531198388050,1224600,0.00012100,66.00000000,1
1531198388081,1531198388080,1224601,0.00012100,1.00000000,1
1531198904088,1531198904084,1224602,0.00012108,19.00000000,0
1531199272128,1531199272123,1224603,0.00012100,1227.00000000,1
1531199274328,1531199274323,1224604,0.00012100,212.00000000,1
1531199276210,1531199276206,1224605,0.00012097,19.00000000,1
1531199283225,1531199283218,1224606,0.00012079,165.00000000,1
1531199283225,1531199283218,1224607,0.00012063,131.00000000,1
1531199283225,1531199283218,1224608,0.00012045,151.00000000,1
1531199283225,1531199283218,1224609,0.00012039,17.00000000,1
1531199283225,1531199283218,1224610,0.00012038,12.00000000,1
1531199283225,1531199283218,1224611,0.00012035,90.00000000,1
1531199283225,1531199283218,1224612,0.00012004,9.00000000,1
1531199283225,1531199283218,1224613,0.00012000,707.00000000,1
1531199283235,1531199283231,1224614,0.00012000,558.00000000,0
1531199283264,1531199283260,1224615,0.00012027,10.00000000,0
1531199283287,1531199283282,1224616,0.00012027,18.00000000,0
1531199283309,1531199283305,1224617,0.00012027,30.00000000,0
1531199284158,1531199284154,1224618,0.00012027,17.00000000,0
1531199285296,1531199285291,1224619,0.00012027,35.00000000,0
1531199285480,1531199285474,1224620,0.00012001,1.00000000,1
1531199286155,1531199286151,1224621,0.00012027,4.00000000,0
1531199286287,1531199286287,1224622,0.00012027,15.00000000,0
1531199301730,1531199301728,1224623,0.00012006,10.00000000,1
1531199301730,1531199301728,1224624,0.00012004,68.00000000,1
1531199302123,1531199302118,1224625,0.00012004,78.00000000,1
1531199305953,1531199305948,1224626,0.00012001,86.00000000,1
1531199305953,1531199305948,1224627,0.00011999,20.00000000,1
1531199305953,1531199305948,1224628,0.00011978,834.00000000,1
1531199305971,1531199305966,1224629,0.00011978,86.00000000,0
1531199305974,1531199305969,1224630,0.00011978,585.00000000,0
1531199305975,1531199305969,1224631,0.00011978,85.00000000,0
1531199305987,1531199305985,1224632,0.00011978,145.00000000,0
1531199308250,1531199308246,1224633,0.00011995,15.00000000,0
1531199308778,1531199308774,1224634,0.00011995,27.00000000,0
1531199308778,1531199308774,1224635,0.00011995,27.00000000,0
1531199309586,1531199309583,1224636,0.00011995,1.00000000,0
1531199309587,1531199309583,1224637,0.00012018,118.00000000,0
1531199311209,1531199311204,1224638,0.00011979,9.00000000,1
1531199312109,1531199312104,1224639,0.00012043,8.00000000,0
1531199312968,1531199312963,1224640,0.00012042,1.00000000,0
1531199316793,1531199316789,1224641,0.00012042,8.00000000,0
1531199316793,1531199316789,1224642,0.00012043,36.00000000,0
1531199327851,1531199327845,1224643,0.00011989,9.00000000,1
1531199342501,1531199342498,1224644,0.00012025,33.00000000,0
1531199345493,1531199345490,1224645,0.00012024,9.00000000,0
1531199345493,1531199345490,1224646,0.00012025,34.00000000,0
1531199345493,1531199345490,1224647,0.00012031,19.00000000,0
1531199347286,1531199347284,1224648,0.00011990,102.00000000,0
1531199347488,1531199347485,1224649,0.00011990,9.00000000,0
1531199347488,1531199347485,1224650,0.00012031,13.00000000,0
1531199352473,1531199352469,1224651,0.00011991,9.00000000,1
1531199353130,1531199353125,1224652,0.00011991,16.00000000,1
1531199354966,1531199354962,1224653,0.00012030,9.00000000,0
1531199354966,1531199354962,1224654,0.00012031,21.00000000,0
1531199367914,1531199367911,1224655,0.00011998,9.00000000,1
1531199416396,1531199416390,1224656,0.00011998,30.00000000,1
1531199456447,1531199456443,1224657,0.00012010,2.00000000,0
1531199534421,1531199534417,1224658,0.00012009,49.00000000,0
1531199589864,1531199589862,1224659,0.00012010,8.00000000,0
1531199593300,1531199593294,1224660,0.00012010,11.00000000,0
1531199593300,1531199593294,1224661,0.00012011,3.00000000,0
1531199597292,1531199597291,1224662,0.00012013,9.00000000,0
1531199615140,1531199615136,1224663,0.00012012,2.00000000,0
1531199661296,1531199661289,1224664,0.00012017,15.00000000,0
1531199766021,1531199766016,1224665,0.00011998,72.00000000,1
1531199766266,1531199766266,1224666,0.00011998,85.00000000,1
1531199767482,1531199767482,1224667,0.00011997,36.00000000,1
1531199769737,1531199769734,1224668,0.00011990,92.00000000,1
1531199771292,1531199771287,1224669,0.00011978,86.00000000,1
1531199773517,1531199773517,1224670,0.00011971,10.00000000,1
1531199775384,1531199775382,1224671,0.00011989,33.00000000,0
1531199776075,1531199776070,1224672,0.00011957,79.00000000,1
1531199807258,1531199807254,1224673,0.00011959,30.00000000,1
1531199809070,1531199809064,1224674,0.00011959,264.00000000,1
1531199809070,1531199809064,1224675,0.00011957,1389.00000000,1
1531199809082,1531199809076,1224676,0.00011957,553.00000000,0
1531199809089,1531199809087,1224677,0.00011957,308.00000000,0
1531199809169,1531199809163,1224678,0.00011952,9.00000000,1
1531199809169,1531199809163,1224679,0.00011932,48.00000000,1
1531199809169,1531199809163,1224680,0.00011921,33.00000000,1
1531199809169,1531199809163,1224681,0.00011918,11.00000000,1
1531199809169,1531199809163,1224682,0.00011910,9.00000000,1
1531199809169,1531199809163,1224683,0.00011900,27.00000000,1
1531199809396,1531199809393,1224684,0.00011957,48.00000000,0
1531199809962,1531199809957,1224685,0.00011956,86.00000000,0
1531199810053,1531199810049,1224686,0.00011957,107.00000000,0
1531199811268,1531199811263,1224687,0.00011957,26.00000000,0
1531199812059,1531199812054,1224688,0.00011957,72.00000000,0
1531199812172,1531199812172,1224689,0.00011957,145.00000000,0
1531199813970,1531199813969,1224690,0.00011957,36.00000000,0
1531199814396,1531199814394,1224691,0.00011903,1.00000000,1
1531199814894,1531199814890,1224692,0.00011957,36.00000000,0
1531199837812,1531199837806,1224693,0.00011954,29.00000000,0
1531199841751,1531199841748,1224694,0.00011902,26.00000000,1
1531199841751,1531199841748,1224695,0.00011900,49.00000000,1
1531199850298,1531199850295,1224696,0.00011905,9.00000000,0
1531199858304,1531199858302,1224697,0.00011947,8.00000000,0
1531199873748,1531199873744,1224698,0.00011915,9.00000000,1
1531199892349,1531199892344,1224699,0.00011940,18.00000000,0
1531199895218,1531199895215,1224700,0.00011941,6.00000000,0
1531199895534,1531199895531,1224701,0.00011941,61.00000000,0
1531199895534,1531199895531,1224702,0.00011944,33.00000000,0
1531199896824,1531199896824,1224703,0.00011944,10.00000000,0
1531199896824,1531199896824,1224704,0.00011947,55.00000000,0
1531199896824,1531199896824,1224705,0.00011948,43.00000000,0
1531199897297,1531199897293,1224706,0.00011948,183.00000000,0
1531199898434,1531199898423,1224707,0.00011960,73.00000000,1
1531199898659,1531199898654,1224708,0.00011943,10.00000000,0
1531199899890,1531199899885,1224709,0.00011943,2.00000000,0
1531199899983,1531199899983,1224710,0.00011943,29.00000000,0
1531199904227,1531199904224,1224711,0.00011902,12.00000000,1
1531199904227,1531199904224,1224712,0.00011900,24.00000000,1
1531199904227,1531199904224,1224713,0.00011882,24.00000000,1
1531199908218,1531199908214,1224714,0.00011975,50.00000000,0
1531199908218,1531199908214,1224715,0.00011981,33.00000000,0
1531199986555,1531199986552,1224716,0.00011949,56.00000000,1
1531199986555,1531199986552,1224717,0.00011947,21.00000000,1
1531199986555,1531199986552,1224718,0.00011915,107.00000000,1
1531200077895,1531200077891,1224719,0.00011937,297.00000000,1
1531200077895,1531200077891,1224720,0.00011934,81.00000000,1
1531200078425,1531200078420,1224721,0.00011930,83.00000000,0
1531200078479,1531200078473,1224722,0.00011930,124.00000000,0
1531200154350,1531200154346,1224723,0.00011994,8.00000000,0
1531200226177,1531200226171,1224724,0.00011976,8.00000000,0
1531200256303,1531200256298,1224725,0.00011936,140.00000000,1
1531200256303,1531200256298,1224726,0.00011935,66.00000000,1
1531200313400,1531200313393,1224727,0.00011943,40.00000000,0
1531200358910,1531200358904,1224728,0.00011915,195.00000000,1
1531200358910,1531200358904,1224729,0.00011914,131.00000000,1
1531200358910,1531200358904,1224730,0.00011905,141.00000000,1
1531200358910,1531200358904,1224731,0.00011896,19.00000000,1
1531200358910,1531200358904,1224732,0.00011882,508.00000000,1
1531200358910,1531200358904,1224733,0.00011881,300.00000000,1
1531200389679,1531200389673,1224734,0.00011870,9.00000000,1
1531200389679,1531200389673,1224735,0.00011859,31.00000000,1
1531200389679,1531200389673,1224736,0.00011850,324.00000000,1
1531200389679,1531200389673,1224737,0.00011847,9.00000000,1
1531200389679,1531200389673,1224738,0.00011846,102.00000000,1
1531200389679,1531200389673,1224739,0.00011836,10.00000000,1
1531200389679,1531200389673,1224740,0.00011824,509.00000000,1
1531200389679,1531200389673,1224741,0.00011811,250.00000000,1
1531200389679,1531200389673,1224742,0.00011800,241.00000000,1
1531200389679,1531200389673,1224743,0.00011800,338.00000000,1
1531200389680,1531200389673,1224744,0.00011800,89.00000000,1
1531200389680,1531200389673,1224745,0.00011800,15.00000000,1
1531200391606,1531200391602,1224746,0.00011880,1.00000000,0
1531200393626,1531200393627,1224747,0.00011821,32.00000000,0
1531200396936,1531200396931,1224748,0.00011804,245.00000000,1
1531200397101,1531200397097,1224749,0.00011804,9.00000000,1
1531200397671,1531200397669,1224750,0.00011821,7.00000000,0
1531200399813,1531200399815,1224751,0.00011978,4.00000000,0
1531200405527,1531200405521,1224752,0.00011976,10.00000000,0
1531200411750,1531200411746,1224753,0.00011864,353.00000000,0
1531200417227,1531200417222,1224754,0.00011816,9.00000000,1
1531200424577,1531200424574,1224755,0.00011838,31.00000000,0
1531200437549,1531200437546,1224756,0.00011816,16.00000000,1
1531200437614,1531200437610,1224757,0.00011816,103.00000000,1
1531200438541,1531200438536,1224758,0.00011838,9.00000000,0
1531200438541,1531200438536,1224759,0.00011839,192.00000000,0
1531200441142,1531200441138,1224760,0.00011840,68.00000000,0
1531200441142,1531200441138,1224761,0.00011845,56.00000000,0
1531200441142,1531200441138,1224762,0.00011865,77.00000000,0
1531200449970,1531200449971,1224763,0.00011839,12.00000000,0
1531200458050,1531200458047,1224764,0.00011816,9.00000000,1
1531200458437,1531200458432,1224765,0.00011839,56.00000000,0
1531200477639,1531200477636,1224766,0.00011839,1.00000000,0
1531200477639,1531200477636,1224767,0.00011841,7.00000000,0
1531200483371,1531200483366,1224768,0.00011841,9.00000000,0
1531200525416,1531200525411,1224769,0.00011817,34.00000000,1
1531200525416,1531200525411,1224770,0.00011805,58.00000000,1
1531200710698,1531200710692,1224771,0.00011862,10.00000000,0
1531200809192,1531200809190,1224772,0.00011863,28.00000000,0
1531200809249,1531200809245,1224773,0.00011863,133.00000000,0
1531200809834,1531200809830,1224774,0.00011864,264.00000000,0
1531200810522,1531200810519,1224775,0.00011866,36.00000000,0
1531200832386,1531200832383,1224776,0.00011876,10.00000000,0
1531200901901,1531200901889,1224777,0.00011864,211.00000000,1
1531200901901,1531200901889,1224778,0.00011863,28.00000000,1
1531200901901,1531200901889,1224779,0.00011814,602.00000000,1
1531200901901,1531200901889,1224780,0.00011805,163.00000000,1
1531200901901,1531200901889,1224781,0.00011800,44.00000000,1
1531200901901,1531200901889,1224782,0.00011797,19.00000000,1
1531200901901,1531200901889,1224783,0.00011767,34.00000000,1
1531200901901,1531200901889,1224784,0.00011766,38.00000000,1
1531200901901,1531200901889,1224785,0.00011761,50.00000000,1
1531200901901,1531200901889,1224786,0.00011754,46.00000000,1
1531200901901,1531200901889,1224787,0.00011752,173.00000000,1
1531200901901,1531200901889,1224788,0.00011746,9.00000000,1
1531200901901,1531200901889,1224789,0.00011745,51.00000000,1
1531200901901,1531200901889,1224790,0.00011742,12.00000000,1
1531200901901,1531200901889,1224791,0.00011740,34.00000000,1
1531200901901,1531200901889,1224792,0.00011733,51.00000000,1
1531200901901,1531200901889,1224793,0.00011728,85.00000000,1
1531200901901,1531200901889,1224794,0.00011725,503.00000000,1
1531200901901,1531200901889,1224795,0.00011715,44.00000000,1
1531200901901,1531200901889,1224796,0.00011714,113.00000000,1
1531200901901,1531200901889,1224797,0.00011713,13.00000000,1
1531200901901,1531200901889,1224798,0.00011711,42.00000000,1
1531200901901,1531200901889,1224799,0.00011707,179.00000000,1
1531200901901,1531200901889,1224800,0.00011705,42.00000000,1
1531200901901,1531200901889,1224801,0.00011704,11.00000000,1
1531200901901,1531200901889,1224802,0.00011701,249.00000000,1
1531200901901,1531200901889,1224803,0.00011699,11.00000000,1
1531200901901,1531200901889,1224804,0.00011696,12.00000000,1
1531200901901,1531200901889,1224805,0.00011693,12.00000000,1
1531200901901,1531200901889,1224806,0.00011692,36.00000000,1
1531200901901,1531200901889,1224807,0.00011689,20.00000000,1
1531200902264,1531200902259,1224808,0.00011783,13.00000000,0
1531200902658,1531200902658,1224809,0.00011772,42.00000000,1
1531200902761,1531200902758,1224810,0.00011787,50.00000000,0
1531200902775,1531200902775,1224811,0.00011787,13.00000000,0
1531200902849,1531200902845,1224812,0.00011787,36.00000000,1
1531200902855,1531200902853,1224813,0.00011787,11.00000000,1
1531200902857,1531200902854,1224814,0.00011787,39.00000000,1
1531200902857,1531200902854,1224815,0.00011772,429.00000000,1
1531200902989,1531200902988,1224816,0.00011808,35.00000000,0
1531200903229,1531200903226,1224817,0.00011789,179.00000000,0
1531200903247,1531200903245,1224818,0.00011832,161.00000000,0
1531200903247,1531200903245,1224819,0.00011834,18.00000000,0
1531200903334,1531200903336,1224820,0.00011787,11.00000000,0
1531200904976,1531200904973,1224821,0.00011803,50.00000000,0
1531200907209,1531200907204,1224822,0.00011787,11.00000000,0
1531200908738,1531200908733,1224823,0.00011803,1.00000000,0
1531200908738,1531200908733,1224824,0.00011815,1.00000000,0
1531200914261,1531200914256,1224825,0.00011814,195.00000000,0
1531200914261,1531200914256,1224826,0.00011815,50.00000000,0
1531200914261,1531200914256,1224827,0.00011827,77.00000000,0
1531200917011,1531200917009,1224828,0.00011808,12.00000000,0
1531200917011,1531200917009,1224829,0.00011827,57.00000000,0
1531200917011,1531200917009,1224830,0.00011834,19.00000000,0
1531200918553,1531200918551,1224831,0.00011802,67.00000000,0
1531200919839,1531200919835,1224832,0.00011807,113.00000000,0
1531200919839,1531200919835,1224833,0.00011843,63.00000000,0
1531200921403,1531200921397,1224834,0.00011806,21.00000000,0
1531200922848,1531200922842,1224835,0.00011843,3.00000000,0
1531200922848,1531200922842,1224836,0.00011848,38.00000000,0
1531200922848,1531200922842,1224837,0.00011849,34.00000000,0
1531200929345,1531200929340,1224838,0.00011842,44.00000000,0
1531200929345,1531200929340,1224839,0.00011855,11.00000000,0
1531200929345,1531200929340,1224840,0.00011867,7.00000000,0
1531200935438,1531200935438,1224841,0.00011818,43.00000000,0
1531200935539,1531200935534,1224842,0.00011818,3.00000000,0
1531200938891,1531200938886,1224843,0.00011783,74.00000000,1
1531200939764,1531200939759,1224844,0.00011784,75.00000000,1
1531200939764,1531200939759,1224845,0.00011783,4.00000000,1
1531200963709,1531200963706,1224846,0.00011830,9.00000000,1
1531200963780,1531200963776,1224847,0.00011830,9.00000000,1
1531200984318,1531200984314,1224848,0.00011830,16.00000000,1
1531200992494,1531200992489,1224849,0.00011844,73.00000000,0
1531200992494,1531200992489,1224850,0.00011867,5.00000000,0
1531200992494,1531200992489,1224851,0.00011890,75.00000000,0
1531201001397,1531201001392,1224852,0.00011855,16.00000000,0
1531201035454,1531201035452,1224853,0.00011877,65.00000000,0
1531201060314,1531201060309,1224854,0.00011831,85.00000000,1
1531201127842,1531201127838,1224855,0.00011875,10.00000000,0
1531201127842,1531201127838,1224856,0.00011876,85.00000000,0
1531201127842,1531201127838,1224857,0.00011880,21.00000000,0
1531201148002,1531201148000,1224858,0.00011889,6.00000000,0
1531201153671,1531201153665,1224859,0.00011833,46.00000000,1
1531201153671,1531201153665,1224860,0.00011830,16.00000000,1
1531201153696,1531201153692,1224861,0.00011812,53.00000000,0
1531201153723,1531201153720,1224862,0.00011812,53.00000000,0
1531201154419,1531201154417,1224863,0.00011812,28.00000000,0
1531201224187,1531201224182,1224864,0.00011812,67.00000000,0
1531201224413,1531201224411,1224865,0.00011812,349.00000000,0
1531201253133,1531201253130,1224866,0.00011771,82.00000000,1
1531201265635,1531201265630,1224867,0.00011887,58.00000000,0
1531201435510,1531201435507,1224868,0.00011880,16.00000000,0
1531201491515,1531201491512,1224869,0.00011808,16.00000000,0
1531201666882,1531201666881,1224870,0.00011870,2.00000000,0
1531201891370,1531201891366,1224871,0.00011858,16.00000000,0
1531201901426,1531201901427,1224872,0.00011858,19.00000000,0
1531201927377,1531201927371,1224873,0.00011858,14.00000000,0
1531201927377,1531201927371,1224874,0.00011870,34.00000000,0
1531201927377,1531201927371,1224875,0.00011880,8.00000000,0
1531201927377,1531201927371,1224876,0.00011889,9.00000000,0
1531201927539,1531201927542,1224877,0.00011889,59.00000000,0
1531201928641,1531201928635,1224878,0.00011889,71.00000000,0
1531201928641,1531201928635,1224879,0.00011890,129.00000000,0
1531201936408,1531201936405,1224880,0.00011890,23.00000000,0
1531201936521,1531201936519,1224881,0.00011890,47.00000000,0
1531201936632,1531201936627,1224882,0.00011890,39.00000000,0
1531201938070,1531201938068,1224883,0.00011870,24.00000000,1
1531201938157,1531201938152,1224884,0.00011890,168.00000000,0
1531201938157,1531201938152,1224885,0.00011905,28.00000000,0
1531201938157,1531201938152,1224886,0.00011930,38.00000000,0
1531201938157,1531201938152,1224887,0.00011949,9.00000000,0
1531201938157,1531201938152,1224888,0.00011955,20.00000000,0
1531202085307,1531202085301,1224889,0.00011954,67.00000000,0
1531202085307,1531202085301,1224890,0.00011955,16.00000000,0
1531202236480,1531202236478,1224891,0.00011955,251.00000000,0
1531202513115,1531202513109,1224892,0.00011955,2.00000000,0
1531202553180,1531202553174,1224893,0.00011955,268.00000000,0
1531202553184,1531202553178,1224894,0.00011955,883.00000000,0
1531202553184,1531202553178,1224895,0.00011980,68.00000000,0
1531202553184,1531202553178,1224896,0.00011985,602.00000000,0
1531202553184,1531202553178,1224897,0.00011990,10.00000000,0
1531202553184,1531202553178,1224898,0.00011997,1017.00000000,0
1531202553199,1531202553192,1224899,0.00012044,25.00000000,0
1531202553199,1531202553192,1224900,0.00012053,46.00000000,0
1531202553199,1531202553192,1224901,0.00012063,45.00000000,0
1531202553199,1531202553192,1224902,0.00012067,9.00000000,0
1531202553199,1531202553192,1224903,0.00012095,16.00000000,0
1531202553199,1531202553192,1224904,0.00012189,65.00000000,0
1531202553199,1531202553192,1224905,0.00012243,11.00000000,0
1531202553199,1531202553192,1224906,0.00012249,28.00000000,0
1531202553199,1531202553192,1224907,0.00012289,33.00000000,0
1531202553199,1531202553192,1224908,0.00012412,1.00000000,0
1531202553199,1531202553192,1224909,0.00012413,1.00000000,0
1531202553199,1531202553192,1224910,0.00012440,375.00000000,0
1531202553199,1531202553192,1224911,0.00012460,10.00000000,0
1531202553199,1531202553192,1224912,0.00012500,150.00000000,0
1531202553199,1531202553192,1224913,0.00012576,1293.00000000,0
1531202553199,1531202553192,1224914,0.00012577,81.00000000,0
1531202553199,1531202553192,1224915,0.00012670,155.00000000,0
1531202553199,1531202553192,1224916,0.00012697,66.00000000,0
1531202553356,1531202553351,1224917,0.00012697,15.00000000,0
1531202553356,1531202553351,1224918,0.00012720,600.00000000,0
1531202553356,1531202553351,1224919,0.00012729,304.00000000,0
1531202553429,1531202553431,1224920,0.00012098,220.00000000,1
1531202553476,1531202553470,1224921,0.00012098,1.00000000,1
1531202553504,1531202553500,1224922,0.00012098,391.00000000,1
1531202553539,1531202553537,1224923,0.00012099,50.00000000,1
1531202553587,1531202553583,1224924,0.00012099,26.00000000,1
1531202553840,1531202553836,1224925,0.00012099,278.00000000,1
1531202554082,1531202554078,1224926,0.00012134,16.00000000,1
1531202554179,1531202554175,1224927,0.00012099,246.00000000,1
1531202554199,1531202554197,1224928,0.00012100,71.00000000,1
1531202554331,1531202554326,1224929,0.00012101,41.00000000,1
1531202554331,1531202554326,1224930,0.00012100,38.00000000,1
1531202554418,1531202554414,1224931,0.00012100,2.00000000,1
1531202554418,1531202554414,1224932,0.00012099,198.00000000,1
1531202554475,1531202554470,1224933,0.00012099,111.00000000,1
1531202555753,1531202555751,1224934,0.00012134,15.00000000,0
1531202556190,1531202556186,1224935,0.00012099,276.00000000,1
1531202564657,1531202564653,1224936,0.00012117,8.00000000,1
1531202575146,1531202575143,1224937,0.00012166,22.00000000,0
1531202599078,1531202599081,1224938,0.00012155,9.00000000,0
1531202601724,1531202601723,1224939,0.00012109,100.00000000,0
1531202650351,1531202650348,1224940,0.00012062,10.00000000,1
1531202741090,1531202741085,1224941,0.00012045,2.00000000,1
1531202799856,1531202799854,1224942,0.00011992,32.00000000,1
1531202799856,1531202799854,1224943,0.00011990,23.00000000,1
1531202799856,1531202799854,1224944,0.00011987,5.00000000,1
1531202873092,1531202873088,1224945,0.00011999,18.00000000,0
1531202990853,1531202990850,1224946,0.00011986,50.00000000,1
1531202996932,1531202996926,1224947,0.00012028,94.00000000,0
1531202997935,1531202997932,1224948,0.00012028,75.00000000,0
1531202998944,1531202998941,1224949,0.00012028,38.00000000,0
1531203020249,1531203020245,1224950,0.00011945,111.00000000,1
1531203020249,1531203020245,1224951,0.00011944,33.00000000,1
1531203028572,1531203028572,1224952,0.00012014,19.00000000,0
1531203030567,1531203030563,1224953,0.00012013,22.00000000,0
1531203033576,1531203033571,1224954,0.00012013,28.00000000,0
1531203128758,1531203128753,1224955,0.00011930,3.00000000,1
1531203392279,1531203392276,1224956,0.00011931,11.00000000,1
1531203430172,1531203430168,1224957,0.00011929,31.00000000,1
1531203430252,1531203430236,1224958,0.00011929,156.00000000,1
1531203430303,1531203430298,1224959,0.00011929,8.00000000,0
1531203430361,1531203430360,1224960,0.00011928,41.00000000,0
1531203431130,1531203431125,1224961,0.00011926,270.00000000,1
1531203431627,1531203431623,1224962,0.00011929,94.00000000,0
1531203431915,1531203431910,1224963,0.00011929,93.00000000,0
1531203465495,1531203465492,1224964,0.00011924,50.00000000,1
1531203465506,1531203465501,1224965,0.00011924,377.00000000,1
1531203465506,1531203465501,1224966,0.00011870,24.00000000,1
1531203465506,1531203465501,1224967,0.00011864,26.00000000,1
1531203466036,1531203466032,1224968,0.00011864,3.00000000,1
1531203466036,1531203466032,1224969,0.00011858,14.00000000,1
1531203466054,1531203466054,1224970,0.00011852,39.00000000,0
1531203468313,1531203468313,1224971,0.00011855,296.00000000,1
1531203468313,1531203468313,1224972,0.00011854,82.00000000,1
1531203468313,1531203468313,1224973,0.00011853,82.00000000,1
1531203468313,1531203468313,1224974,0.00011850,27.00000000,1
1531203468313,1531203468313,1224975,0.00011837,125.00000000,1
1531203468791,1531203468788,1224976,0.00011884,70.00000000,0
1531203468800,1531203468797,1224977,0.00011884,52.00000000,0
1531203468802,1531203468800,1224978,0.00011884,3.00000000,0
1531203470371,1531203470367,1224979,0.00011884,16.00000000,1
1531203471335,1531203471332,1224980,0.00011884,35.00000000,1
1531203471346,1531203471344,1224981,0.00011814,35.00000000,1
1531203471574,1531203471571,1224982,0.00011813,35.00000000,1
1531203472287,1531203472283,1224983,0.00011813,3.00000000,1
1531203489484,1531203489479,1224984,0.00011936,19.00000000,0
1531203489484,1531203489479,1224985,0.00011937,13.00000000,0
1531203489484,1531203489479,1224986,0.00011940,139.00000000,0
1531203489484,1531203489479,1224987,0.00011941,69.00000000,0
1531203527766,1531203527761,1224988,0.00011822,9.00000000,1
1531203527819,1531203527817,1224989,0.00011822,9.00000000,1
1531203542954,1531203542949,1224990,0.00011929,69.00000000,0
1531203542954,1531203542949,1224991,0.00011931,21.00000000,0
1531203549097,1531203549094,1224992,0.00011882,10.00000000,0
1531203589718,1531203589713,1224993,0.00011831,56.00000000,1
1531203589718,1531203589713,1224994,0.00011813,135.00000000,1
1531203589718,1531203589713,1224995,0.00011803,19.00000000,1
1531203589718,1531203589713,1224996,0.00011798,207.00000000,1
1531203592853,1531203592849,1224997,0.00011833,207.00000000,0
1531203593863,1531203593864,1224998,0.00011828,137.00000000,0
1531203595854,1531203595854,1224999,0.00011823,68.00000000,0
1531203617596,1531203617593,1225000,0.00011921,56.00000000,0
1531203617596,1531203617593,1225001,0.00011922,150.00000000,0
1531203620469,1531203620465,1225002,0.00011920,297.00000000,0
1531203623067,1531203623064,1225003,0.00011919,39.00000000,0
1531203623067,1531203623064,1225004,0.00011920,1.00000000,0
1531203647795,1531203647791,1225005,0.00011813,57.00000000,1
1531203647815,1531203647811,1225006,0.00011813,46.00000000,0
1531203648301,1531203648297,1225007,0.00011813,9.00000000,1
1531203673879,1531203673875,1225008,0.00011870,57.00000000,0
1531203674881,1531203674877,1225009,0.00011873,10.00000000,0
1531203719749,1531203719745,1225010,0.00011819,57.00000000,1
1531203719749,1531203719745,1225011,0.00011807,300.00000000,1
1531203719749,1531203719745,1225012,0.00011806,60.00000000,1
1531203759217,1531203759212,1225013,0.00011907,57.00000000,0
1531203759217,1531203759212,1225014,0.00011909,27.00000000,0
1531203861781,1531203861776,1225015,0.00011896,200.00000000,0
1531203863243,1531203863241,1225016,0.00011896,200.00000000,0
1531203922266,1531203922261,1225017,0.00011811,413.00000000,1
1531203922266,1531203922261,1225018,0.00011810,44.00000000,1
1531203922266,1531203922261,1225019,0.00011806,151.00000000,1
1531203922290,1531203922286,1225020,0.00011806,32.00000000,0
1531203922303,1531203922298,1225021,0.00011806,20.00000000,0
1531203922329,1531203922324,1225022,0.00011806,21.00000000,0
1531203922372,1531203922370,1225023,0.00011806,10.00000000,0
1531203923642,1531203923638,1225024,0.00011805,200.00000000,0
1531203925542,1531203925539,1225025,0.00011805,44.00000000,0
1531203927588,1531203927583,1225026,0.00011805,162.00000000,0
1531203927588,1531203927583,1225027,0.00011806,38.00000000,0
1531203929028,1531203929024,1225028,0.00011806,3153.00000000,0
1531204137238,1531204137236,1225029,0.00011809,252.00000000,1
1531204232909,1531204232906,1225030,0.00011868,84.00000000,0
1531204275842,1531204275839,1225031,0.00011859,30.00000000,0
1531204306099,1531204306096,1225032,0.00011856,75.00000000,0
1531204308165,1531204308167,1225033,0.00011856,11.00000000,0
1531204350937,1531204350933,1225034,0.00011846,128.00000000,0
1531204355109,1531204355109,1225035,0.00011847,52.00000000,0
1531204355976,1531204355973,1225036,0.00011853,100.00000000,0
1531204588429,1531204588426,1225037,0.00011833,21.00000000,1
1531204843402,1531204843398,1225038,0.00011837,103.00000000,1
1531204843402,1531204843398,1225039,0.00011820,36.00000000,1
1531204843402,1531204843398,1225040,0.00011794,399.00000000,1
1531204900628,1531204900625,1225041,0.00011804,9.00000000,1
1531204965254,1531204965247,1225042,0.00011856,23.00000000,0
1531205008088,1531205008084,1225043,0.00011847,34.00000000,0
1531205008139,1531205008134,1225044,0.00011848,84.00000000,0
1531205008529,1531205008524,1225045,0.00011797,83.00000000,1
1531205008529,1531205008524,1225046,0.00011796,35.00000000,1
1531205010871,1531205010867,1225047,0.00011848,408.00000000,0
1531205015028,1531205015023,1225048,0.00011802,70.00000000,1
1531205015028,1531205015023,1225049,0.00011798,25.00000000,1
1531205015028,1531205015023,1225050,0.00011791,27.00000000,1
1531205015028,1531205015023,1225051,0.00011787,240.00000000,1
1531205015028,1531205015023,1225052,0.00011724,9.00000000,1
1531205015028,1531205015023,1225053,0.00011722,37.00000000,1
1531205015436,1531205015433,1225054,0.00011769,37.00000000,0
1531205023775,1531205023772,1225055,0.00011752,18.00000000,1
1531205061048,1531205061044,1225056,0.00011772,16.00000000,1
1531205073991,1531205073988,1225057,0.00011797,16.00000000,0
1531205075008,1531205075004,1225058,0.00011822,21.00000000,0
1531205081700,1531205081695,1225059,0.00011789,9.00000000,1
1531205082013,1531205082011,1225060,0.00011790,9.00000000,1
1531205132590,1531205132587,1225061,0.00011841,25.00000000,0
1531205132590,1531205132587,1225062,0.00011842,88.00000000,0
1531205575430,1531205575427,1225063,0.00011847,16.00000000,0
1531205740116,1531205740114,1225064,0.00011847,12.00000000,0
1531205741119,1531205741117,1225065,0.00011848,10.00000000,0
1531205872871,1531205872869,1225066,0.00011871,38.00000000,0
1531205875523,1531205875518,1225067,0.00011896,19.00000000,0
1531205888533,1531205888530,1225068,0.00011787,36.00000000,1
1531205908575,1531205908571,1225069,0.00011895,14.00000000,0
1531205909097,1531205909093,1225070,0.00011895,11.00000000,0
1531205909097,1531205909093,1225071,0.00011896,9.00000000,0
1531205913515,1531205913512,1225072,0.00011895,20.00000000,0
1531205915200,1531205915196,1225073,0.00011894,24.00000000,0
1531205916161,1531205916161,1225074,0.00011894,22.00000000,0
1531205916161,1531205916161,1225075,0.00011896,2.00000000,0
1531206150439,1531206150434,1225076,0.00011896,1.00000000,0
1531206208463,1531206208460,1225077,0.00011895,476.00000000,0
1531206211587,1531206211584,1225078,0.00011791,420.00000000,1
1531206211587,1531206211584,1225079,0.00011776,44.00000000,1
1531206211587,1531206211584,1225080,0.00011770,12.00000000,1
1531206225104,1531206225102,1225081,0.00011892,418.00000000,0
1531206228230,1531206228226,1225082,0.00011785,76.00000000,1
1531206228230,1531206228226,1225083,0.00011782,137.00000000,1
1531206228230,1531206228226,1225084,0.00011770,7.00000000,1
1531206228230,1531206228226,1225085,0.00011766,198.00000000,1
1531206254820,1531206254818,1225086,0.00011868,43.00000000,0
1531206257950,1531206257947,1225087,0.00011771,43.00000000,1
1531206274698,1531206274695,1225088,0.00011867,43.00000000,0
1531206275416,1531206275413,1225089,0.00011782,9.00000000,1
1531206289809,1531206289807,1225090,0.00011863,45.00000000,0
1531206292931,1531206292929,1225091,0.00011781,45.00000000,1
1531206473842,1531206473839,1225092,0.00011780,393.00000000,1
1531206473842,1531206473839,1225093,0.00011779,36.00000000,1
1531206473842,1531206473839,1225094,0.00011767,34.00000000,1
1531206500199,1531206500196,1225095,0.00011840,4.00000000,0
1531206672238,1531206672237,1225096,0.00011840,10.00000000,0
1531206775122,1531206775119,1225097,0.00011840,3.00000000,0
1531206945091,1531206945088,1225098,0.00011841,19.00000000,0
1531207201995,1531207201993,1225099,0.00011849,86.00000000,0
1531207327913,1531207327908,1225100,0.00011849,364.00000000,0
1531207328192,1531207328187,1225101,0.00011860,101.00000000,0
1531207357569,1531207357566,1225102,0.00011805,76.00000000,1
1531207402498,1531207402495,1225103,0.00011860,20.00000000,0
1531207405504,1531207405499,1225104,0.00011863,1.00000000,0
1531207408525,1531207408524,1225105,0.00011893,110.00000000,0
1531207411534,1531207411531,1225106,0.00011895,121.00000000,0
1531207596570,1531207596565,1225107,0.00011895,871.00000000,0
1531207671732,1531207671728,1225108,0.00011895,1.00000000,0
1531207713477,1531207713474,1225109,0.00011896,20.00000000,0
1531207713477,1531207713474,1225110,0.00011921,5.00000000,0
1531207730411,1531207730407,1225111,0.00011896,50.00000000,1
1531207758298,1531207758294,1225112,0.00011868,25.00000000,0
1531207904131,1531207904127,1225113,0.00011921,62.00000000,0
1531207908281,1531207908278,1225114,0.00011861,17.00000000,1
1531207908281,1531207908278,1225115,0.00011860,36.00000000,1
1531207908281,1531207908278,1225116,0.00011800,9.00000000,1
1531207965713,1531207965710,1225117,0.00011919,27.00000000,0
1531207984735,1531207984732,1225118,0.00011919,9.00000000,0
1531208028205,1531208028200,1225119,0.00011920,25.00000000,0
1531208062489,1531208062485,1225120,0.00011921,1.00000000,0
1531208103468,1531208103464,1225121,0.00011941,9.00000000,0
1531208103468,1531208103464,1225122,0.00011942,10.00000000,0
1531208103468,1531208103464,1225123,0.00011986,6.00000000,0
1531208160123,1531208160120,1225124,0.00011879,1.00000000,1
1531208193625,1531208193621,1225125,0.00011900,25.00000000,1
1531208193625,1531208193621,1225126,0.00011899,26.00000000,1
1531208338895,1531208338893,1225127,0.00012005,3.00000000,0
1531208406684,1531208406681,1225128,0.00012005,22.00000000,0
1531208406717,1531208406714,1225129,0.00012005,4.00000000,1
1531208416533,1531208416530,1225130,0.00011900,25.00000000,1
1531208416533,1531208416530,1225131,0.00011899,31.00000000,1
1531208785878,1531208785876,1225132,0.00012000,1944.00000000,0
1531208785878,1531208785876,1225133,0.00012001,25.00000000,0
1531208785878,1531208785876,1225134,0.00012002,31.00000000,0
1531209018645,1531209018641,1225135,0.00012025,21.00000000,0
1531209018645,1531209018641,1225136,0.00012026,9.00000000,0
1531209018645,1531209018641,1225137,0.00012041,18.00000000,0
1531209018645,1531209018641,1225138,0.00012050,37.00000000,0
1531209018645,1531209018641,1225139,0.00012059,9.00000000,0
1531209018645,1531209018641,1225140,0.00012062,9.00000000,0
1531209018645,1531209018641,1225141,0.00012084,16.00000000,0
1531209018645,1531209018641,1225142,0.00012112,10.00000000,0
1531209018645,1531209018641,1225143,0.00012122,9.00000000,0
1531209018645,1531209018641,1225144,0.00012283,1862.00000000,0
1531209018812,1531209018808,1225145,0.00012061,165.00000000,1
1531209019147,1531209019144,1225146,0.00012050,41.00000000,1
1531209019147,1531209019144,1225147,0.00012049,9.00000000,1
1531209019148,1531209019145,1225148,0.00012049,41.00000000,1
1531209019148,1531209019145,1225149,0.00012007,9.00000000,1
1531209019157,1531209019154,1225150,0.00012007,50.00000000,1
1531209019864,1531209019862,1225151,0.00012073,50.00000000,1
1531209019886,1531209019887,1225152,0.00012007,20.00000000,1
1531209019931,1531209019927,1225153,0.00012007,21.00000000,1
1531209019931,1531209019927,1225154,0.00012000,9.00000000,1
1531209019931,1531209019927,1225155,0.00011913,20.00000000,1
1531209020439,1531209020437,1225156,0.00011913,50.00000000,1
1531209022725,1531209022721,1225157,0.00012009,72.00000000,1
1531209023977,1531209023974,1225158,0.00011916,28.00000000,1
1531209064369,1531209064365,1225159,0.00012054,9.00000000,0
1531209066053,1531209066049,1225160,0.00011960,40.00000000,1
1531209066053,1531209066049,1225161,0.00011959,2.00000000,1
1531209077565,1531209077562,1225162,0.00011962,21.00000000,1
1531209077565,1531209077562,1225163,0.00011959,44.00000000,1
1531209079750,1531209079746,1225164,0.00011944,100.00000000,1
1531209090925,1531209090925,1225165,0.00011945,36.00000000,1
1531209090926,1531209090925,1225166,0.00011942,36.00000000,1
1531209105564,1531209105561,1225167,0.00011907,25.00000000,1
1531209105564,1531209105561,1225168,0.00011906,25.00000000,1
1531209108983,1531209108980,1225169,0.00011895,37.00000000,1
1531209109675,1531209109669,1225170,0.00011895,31.00000000,0
1531209109675,1531209109669,1225171,0.00011898,41.00000000,0
1531209109675,1531209109669,1225172,0.00011900,50.00000000,0
1531209109675,1531209109669,1225173,0.00011936,44.00000000,0
1531209109675,1531209109669,1225174,0.00011977,31.00000000,0
1531209109675,1531209109669,1225175,0.00012002,36.00000000,0
1531209109675,1531209109669,1225176,0.00012022,23.00000000,0
1531209109675,1531209109669,1225177,0.00012073,50.00000000,0
1531209109675,1531209109669,1225178,0.00012120,9.00000000,0
1531209109675,1531209109669,1225179,0.00012177,9.00000000,0
1531209109675,1531209109669,1225180,0.00012178,9.00000000,0
1531209109675,1531209109669,1225181,0.00012196,50.00000000,0
1531209109675,1531209109669,1225182,0.00012203,100.00000000,0
1531209109675,1531209109669,1225183,0.00012216,165.00000000,0
1531209109675,1531209109669,1225184,0.00012283,1352.00000000,0
1531209109781,1531209109777,1225185,0.00011888,31.00000000,0
1531209109926,1531209109922,1225186,0.00011888,19.00000000,0
1531209110208,1531209110204,1225187,0.00012027,31.00000000,1
1531209110265,1531209110262,1225188,0.00011954,6.00000000,0
1531209112055,1531209112054,1225189,0.00012028,34.00000000,1
1531209113842,1531209113840,1225190,0.00011998,3.00000000,1
1531209144913,1531209144909,1225191,0.00011990,9.00000000,0
1531209152151,1531209152147,1225192,0.00011923,31.00000000,1
1531209153860,1531209153857,1225193,0.00011923,215.00000000,1
1531209159999,1531209159997,1225194,0.00011923,117.00000000,1
1531209162968,1531209162965,1225195,0.00011924,47.00000000,1
1531209162968,1531209162965,1225196,0.00011922,9.00000000,1
1531209370602,1531209370598,1225197,0.00011977,9.00000000,0
1531209370602,1531209370598,1225198,0.00011978,7.00000000,0
1531209532483,1531209532481,1225199,0.00011938,497.00000000,1
1531209532492,1531209532489,1225200,0.00011938,74.00000000,1
1531209532492,1531209532489,1225201,0.00011937,36.00000000,1
1531209532492,1531209532489,1225202,0.00011932,45.00000000,1
1531209532492,1531209532489,1225203,0.00011927,37.00000000,1
1531209532492,1531209532489,1225204,0.00011920,36.00000000,1
1531209532492,1531209532489,1225205,0.00011914,457.00000000,1
1531209532492,1531209532489,1225206,0.00011910,37.00000000,1
1531209532492,1531209532489,1225207,0.00011906,37.00000000,1
1531209532493,1531209532489,1225208,0.00011886,39.00000000,1
1531209532493,1531209532489,1225209,0.00011881,6.00000000,1
1531209532506,1531209532502,1225210,0.00011881,44.00000000,1
1531209532506,1531209532502,1225211,0.00011875,11.00000000,1
1531209532506,1531209532502,1225212,0.00011863,10.00000000,1
1531209532506,1531209532502,1225213,0.00011855,19.00000000,1
1531209535768,1531209535765,1225214,0.00011874,49.00000000,0
1531209537762,1531209537760,1225215,0.00011874,1.00000000,0
1531209539348,1531209539346,1225216,0.00011854,16.00000000,1
1531209542272,1531209542268,1225217,0.00011919,8.00000000,0
1531209579473,1531209579471,1225218,0.00011921,36.00000000,0
1531209582869,1531209582867,1225219,0.00011921,36.00000000,0
1531209583880,1531209583876,1225220,0.00011921,36.00000000,0
1531209588761,1531209588758,1225221,0.00011866,9.00000000,1
1531209601832,1531209601828,1225222,0.00011873,59.00000000,0
1531209601835,1531209601831,1225223,0.00011873,398.00000000,0
1531209610668,1531209610665,1225224,0.00011848,9.00000000,1
1531209624730,1531209624728,1225225,0.00011851,228.00000000,1
1531209679136,1531209679132,1225226,0.00011885,340.00000000,0
1531209679449,1531209679447,1225227,0.00011885,1.00000000,0
1531209680677,1531209680674,1225228,0.00011886,115.00000000,0
1531209682674,1531209682671,1225229,0.00011886,58.00000000,0
1531209936640,1531209936638,1225230,0.00011893,19.00000000,0
1531209937356,1531209937353,1225231,0.00011880,1.00000000,1
1531210115693,1531210115690,1225232,0.00011889,296.00000000,1
1531210115693,1531210115690,1225233,0.00011887,24.00000000,1
1531210115693,1531210115690,1225234,0.00011873,273.00000000,1
1531210115693,1531210115690,1225235,0.00011865,286.00000000,1
1531210115705,1531210115702,1225236,0.00011861,625.00000000,0
1531210115725,1531210115722,1225237,0.00011917,50.00000000,0
1531210115725,1531210115722,1225238,0.00011922,10.00000000,0
1531210115725,1531210115722,1225239,0.00011926,10.00000000,0
1531210115725,1531210115722,1225240,0.00011930,14.00000000,0
1531210233276,1531210233273,1225241,0.00011880,4.00000000,1
1531210235470,1531210235468,1225242,0.00011871,4.00000000,1
