event_time,trade_time,trade_id,price,quantity,maker
1531160272473,1531160272469,4260686,0.02070700,0.92400000,1
1531160272488,1531160272484,4260687,0.02070700,0.28400000,1
1531160285136,1531160285131,4260688,0.02070700,0.24700000,0
1531160289961,1531160289952,4260689,0.02071200,0.09800000,0
1531160289961,1531160289952,4260690,0.02071400,1.22300000,0
1531160289961,1531160289952,4260691,0.02072000,0.79900000,0
1531160289961,1531160289952,4260692,0.02072200,0.14900000,0
1531160289961,1531160289952,4260693,0.02072500,0.49200000,0
1531160289961,1531160289952,4260694,0.02072700,0.24000000,0
1531160289961,1531160289952,4260695,0.02073200,0.55800000,0
1531160289961,1531160289952,4260696,0.02073500,0.14700000,0
1531160289961,1531160289952,4260697,0.02073600,0.38700000,0
1531160289961,1531160289952,4260698,0.02073900,0.55600000,0
1531160289961,1531160289952,4260699,0.02074400,0.44800000,0
1531160289961,1531160289952,4260700,0.02074500,0.14500000,0
1531160289961,1531160289952,4260701,0.02074600,0.34100000,0
1531160289961,1531160289952,4260702,0.02074900,0.78100000,0
1531160289961,1531160289952,4260703,0.02075000,5.89800000,0
1531160289961,1531160289952,4260704,0.02075500,0.17100000,0
1531160289961,1531160289952,4260705,0.02075800,2.06800000,0
1531160293595,1531160293592,4260706,0.02075700,0.01100000,0
1531160293614,1531160293611,4260707,0.02075700,0.00900000,0
1531160293687,1531160293684,4260708,0.02075700,0.01100000,0
1531160293718,1531160293716,4260709,0.02075700,0.01100000,0
1531160293850,1531160293848,4260710,0.02075700,0.01100000,0
1531160293904,1531160293901,4260711,0.02075700,0.01100000,0
1531160293913,1531160293910,4260712,0.02073300,0.40900000,1
1531160293930,1531160293927,4260713,0.02075700,0.01100000,0
1531160293984,1531160293982,4260714,0.02075700,0.01100000,0
1531160294043,1531160294039,4260715,0.02075700,0.00900000,0
1531160294053,1531160294050,4260716,0.02075700,0.01100000,0
1531160294121,1531160294117,4260717,0.02075700,0.22900000,0
1531160294159,1531160294154,4260718,0.02075700,0.00900000,0
1531160294195,1531160294190,4260719,0.02075700,0.01100000,0
1531160294233,1531160294231,4260720,0.02075700,0.01100000,0
1531160294255,1531160294252,4260721,0.02075700,0.01100000,0
1531160294307,1531160294306,4260722,0.02075700,0.01100000,0
1531160294307,1531160294306,4260723,0.02075700,0.01000000,0
1531160294332,1531160294332,4260724,0.02075700,0.01000000,0
1531160294364,1531160294361,4260725,0.02075700,0.00900000,0
1531160294419,1531160294415,4260726,0.02075700,0.00900000,0
1531160294462,1531160294459,4260727,0.02075700,0.01100000,0
1531160294493,1531160294489,4260728,0.02075700,0.01000000,0
1531160294557,1531160294553,4260729,0.02075700,0.01100000,0
1531160294662,1531160294660,4260730,0.02075700,0.01100000,0
1531160294683,1531160294673,4260731,0.02075700,0.01100000,0
1531160294713,1531160294709,4260732,0.02075700,0.01100000,0
1531160294774,1531160294770,4260733,0.02075700,1.85100000,0
1531160294784,1531160294780,4260734,0.02075700,0.01100000,0
1531160294838,1531160294837,4260735,0.02075700,0.01100000,0
1531160294891,1531160294889,4260736,0.02075700,0.01100000,0
1531160294927,1531160294924,4260737,0.02075700,0.01100000,0
1531160294962,1531160294959,4260738,0.02075700,0.01100000,0
1531160294996,1531160294993,4260739,0.02075700,0.01100000,0
1531160295030,1531160295026,4260740,0.02075700,0.01100000,0
1531160295117,1531160295114,4260741,0.02075700,0.68200000,0
1531160295144,1531160295141,4260742,0.02075700,0.01000000,0
1531160295186,1531160295183,4260743,0.02075700,0.68300000,0
1531160295193,1531160295189,4260744,0.02075700,0.01000000,0
1531160295219,1531160295217,4260745,0.02075700,0.01400000,0
1531160295256,1531160295254,4260746,0.02075700,0.01100000,0
1531160295265,1531160295261,4260747,0.02075700,0.01100000,0
1531160295280,1531160295277,4260748,0.02075700,0.01100000,0
1531160295591,1531160295589,4260749,0.02075700,0.00900000,0
1531160296751,1531160296748,4260750,0.02075700,0.01100000,0
1531160296814,1531160296812,4260751,0.02075700,0.01100000,0
1531160297065,1531160297062,4260752,0.02071000,0.08300000,1
1531160297140,1531160297138,4260753,0.02075700,0.01100000,0
1531160297828,1531160297826,4260754,0.02075700,0.01100000,0
1531160298879,1531160298875,4260755,0.02071000,0.24400000,1
1531160299151,1531160299149,4260756,0.02075600,0.01100000,0
1531160299452,1531160299449,4260757,0.02075600,0.24400000,0
1531160299791,1531160299788,4260758,0.02075600,0.03400000,0
1531160302145,1531160302143,4260759,0.02075600,0.03800000,0
1531160302145,1531160302143,4260760,0.02075700,0.42700000,0
1531160304690,1531160304687,4260761,0.02071600,0.12200000,1
1531160318610,1531160318607,4260762,0.02075300,0.09800000,0
1531160318713,1531160318710,4260763,0.02075300,0.02400000,0
1531160318713,1531160318710,4260764,0.02075400,0.03500000,0
1531160318884,1531160318881,4260765,0.02075400,0.04900000,0
1531160319435,1531160319433,4260766,0.02075400,0.04900000,0
1531160322273,1531160322270,4260767,0.02075400,0.10300000,0
1531160322302,1531160322298,4260768,0.02075400,0.22000000,0
1531160322302,1531160322298,4260769,0.02075600,0.01800000,0
1531160323411,1531160323406,4260770,0.02071600,0.94000000,1
1531160339247,1531160339244,4260771,0.02075400,0.04900000,0
1531160341404,1531160341400,4260772,0.02075400,0.03600000,0
1531160341404,1531160341400,4260773,0.02075500,0.01000000,0
1531160349617,1531160349612,4260774,0.02075500,0.93000000,0
1531160349617,1531160349612,4260775,0.02075600,0.16000000,0
1531160349617,1531160349612,4260776,0.02075800,0.60300000,0
1531160354572,1531160354569,4260777,0.02071800,0.39100000,1
1531160402032,1531160402028,4260778,0.02075700,0.02300000,0
1531160419925,1531160419921,4260779,0.02075700,1.07800000,0
1531160423387,1531160423384,4260780,0.02075700,0.95700000,0
1531160426153,1531160426150,4260781,0.02075700,0.33300000,0
1531160428231,1531160428227,4260782,0.02075700,0.63500000,1
1531160428760,1531160428756,4260783,0.02075700,0.00300000,1
1531160428760,1531160428756,4260784,0.02072400,0.00300000,1
1531160429563,1531160429560,4260785,0.02072400,0.07400000,1
1531160429697,1531160429693,4260786,0.02072400,0.11300000,1
1531160429736,1531160429735,4260787,0.02072400,0.09300000,1
1531160429951,1531160429948,4260788,0.02072500,0.06500000,1
1531160429951,1531160429948,4260789,0.02072400,0.03700000,1
1531160429993,1531160429990,4260790,0.02072400,0.11300000,1
1531160430112,1531160430109,4260791,0.02072400,0.11300000,1
1531160430154,1531160430151,4260792,0.02072400,0.00800000,1
1531160430154,1531160430151,4260793,0.02072300,0.09400000,1
1531160430415,1531160430410,4260794,0.02072300,0.11300000,1
1531160433824,1531160433819,4260795,0.02072300,0.16100000,1
1531160433824,1531160433819,4260796,0.02072200,0.05300000,1
1531160433824,1531160433819,4260797,0.02072100,0.18300000,1
1531160433824,1531160433819,4260798,0.02071300,0.09700000,1
1531160433824,1531160433819,4260799,0.02071100,0.05800000,1
1531160433824,1531160433819,4260800,0.02070000,1.01500000,1
1531160433879,1531160433874,4260801,0.02070000,0.10200000,1
1531160433920,1531160433917,4260802,0.02070000,0.11500000,1
1531160434015,1531160434012,4260803,0.02070000,0.11100000,1
1531160434092,1531160434089,4260804,0.02070000,0.08200000,1
1531160448304,1531160448300,4260805,0.02070100,0.09500000,1
1531160449935,1531160449933,4260806,0.02070200,0.07600000,1
1531160453134,1531160453130,4260807,0.02070200,0.39700000,1
1531160453968,1531160453963,4260808,0.02070200,0.08400000,1
1531160461717,1531160461714,4260809,0.02075400,0.03900000,0
1531160462715,1531160462712,4260810,0.02070900,0.39800000,1
1531160463505,1531160463502,4260811,0.02070900,0.00200000,1
1531160463505,1531160463502,4260812,0.02070200,0.39600000,1
1531160480501,1531160480497,4260813,0.02070300,0.83600000,1
1531160480526,1531160480523,4260814,0.02070300,0.94700000,1
1531160480591,1531160480585,4260815,0.02075400,0.05600000,0
1531160480591,1531160480585,4260816,0.02075500,1.22300000,0
1531160480591,1531160480585,4260817,0.02075800,7.07100000,0
1531160480591,1531160480585,4260818,0.02076000,1.73100000,0
1531160480755,1531160480751,4260819,0.02076000,1.40000000,1
1531160494175,1531160494172,4260820,0.02076100,0.98200000,1
1531160497183,1531160497180,4260821,0.02076000,0.16300000,1
1531160501188,1531160501184,4260822,0.02076100,0.00400000,0
1531160501188,1531160501184,4260823,0.02076200,0.05300000,0
1531160512265,1531160512262,4260824,0.02076200,0.04100000,1
1531160512265,1531160512262,4260825,0.02076000,0.16600000,1
1531160519374,1531160519370,4260826,0.02076500,1.47300000,0
1531160521425,1531160521421,4260827,0.02076600,0.02400000,1
1531160528561,1531160528558,4260828,0.02076600,0.67400000,1
1531160541601,1531160541598,4260829,0.02076800,0.39200000,0
1531160541601,1531160541598,4260830,0.02076900,0.08900000,0
1531160542264,1531160542256,4260831,0.02076900,0.26500000,0
1531160542264,1531160542256,4260832,0.02077000,0.23300000,0
1531160542264,1531160542256,4260833,0.02077200,1.59000000,0
1531160542264,1531160542256,4260834,0.02077300,0.04900000,0
1531160542264,1531160542256,4260835,0.02077400,0.18400000,0
1531160542264,1531160542256,4260836,0.02077500,0.11700000,0
1531160542264,1531160542256,4260837,0.02077700,10.05500000,0
1531160542264,1531160542256,4260838,0.02078100,0.19600000,0
1531160542264,1531160542256,4260839,0.02079400,4.32800000,0
1531160542264,1531160542256,4260840,0.02079500,0.46000000,0
1531160542264,1531160542256,4260841,0.02079800,0.05300000,0
1531160542264,1531160542256,4260842,0.02079900,0.04900000,0
1531160542264,1531160542256,4260843,0.02080000,1.00000000,0
1531160542264,1531160542256,4260844,0.02080100,0.97300000,0
1531160542264,1531160542256,4260845,0.02080200,1.60700000,0
1531160542264,1531160542256,4260846,0.02080300,0.24500000,0
1531160542264,1531160542256,4260847,0.02080400,0.22200000,0
1531160542264,1531160542256,4260848,0.02080900,4.67100000,0
1531160544595,1531160544591,4260849,0.02077000,0.04900000,1
1531160548846,1531160548842,4260850,0.02077000,0.11000000,0
1531160548846,1531160548842,4260851,0.02080800,3.11900000,0
1531160554435,1531160554432,4260852,0.02080800,4.49700000,0
1531160554512,1531160554507,4260853,0.02080800,0.74700000,1
1531160554772,1531160554769,4260854,0.02080800,15.89700000,1
1531160555356,1531160555353,4260855,0.02080800,0.01100000,0
1531160555380,1531160555376,4260856,0.02080800,0.01100000,0
1531160555635,1531160555631,4260857,0.02080800,0.00900000,0
1531160555776,1531160555772,4260858,0.02080800,0.01100000,0
1531160555786,1531160555785,4260859,0.02080800,0.01000000,0
1531160555969,1531160555965,4260860,0.02080800,0.01100000,0
1531160555990,1531160555986,4260861,0.02080800,0.01100000,0
1531160556017,1531160556013,4260862,0.02080800,0.01100000,0
1531160556178,1531160556174,4260863,0.02080700,0.01100000,0
1531160556196,1531160556191,4260864,0.02080700,0.01100000,0
1531160556201,1531160556198,4260865,0.02080700,0.01100000,0
1531160556205,1531160556202,4260866,0.02080700,0.01100000,0
1531160556218,1531160556214,4260867,0.02080700,0.01100000,0
1531160556229,1531160556225,4260868,0.02080700,0.01000000,0
1531160556246,1531160556241,4260869,0.02080700,0.00900000,0
1531160556281,1531160556277,4260870,0.02080700,0.01100000,0
1531160556286,1531160556282,4260871,0.02080700,0.01000000,0
1531160556400,1531160556397,4260872,0.02080700,0.00900000,0
1531160556459,1531160556456,4260873,0.02080700,0.01100000,0
1531160556509,1531160556505,4260874,0.02080700,0.01100000,0
1531160556515,1531160556513,4260875,0.02080700,0.01100000,0
1531160556542,1531160556539,4260876,0.02080700,0.00900000,0
1531160556618,1531160556615,4260877,0.02080700,0.01100000,0
1531160556641,1531160556639,4260878,0.02080700,0.01100000,0
1531160556655,1531160556652,4260879,0.02080700,0.01100000,0
1531160556750,1531160556747,4260880,0.02080700,0.01100000,0
1531160556758,1531160556755,4260881,0.02080700,0.01100000,0
1531160556766,1531160556763,4260882,0.02080700,0.01100000,0
1531160556951,1531160556947,4260883,0.02080700,0.01100000,0
1531160558153,1531160558150,4260884,0.02080700,0.01100000,0
1531160558203,1531160558199,4260885,0.02080700,0.01400000,0
1531160558249,1531160558245,4260886,0.02080700,0.00900000,0
1531160562175,1531160562171,4260887,0.02080700,0.01100000,0
1531160562204,1531160562201,4260888,0.02080700,0.01100000,0
1531160562523,1531160562519,4260889,0.02080700,0.04900000,0
1531160562619,1531160562616,4260890,0.02080600,0.04900000,0
1531160562764,1531160562762,4260891,0.02080600,0.04900000,0
1531160563247,1531160563245,4260892,0.02080600,0.24300000,0
1531160564044,1531160564040,4260893,0.02080600,0.00900000,0
1531160566282,1531160566279,4260894,0.02080600,0.01100000,0
1531160566957,1531160566953,4260895,0.02080500,0.01100000,0
1531160568316,1531160568313,4260896,0.02077000,0.05900000,1
1531160573897,1531160573895,4260897,0.02080700,0.02500000,0
1531160581708,1531160581704,4260898,0.02080700,0.05900000,0
1531160582034,1531160582032,4260899,0.02080700,0.02900000,0
1531160594593,1531160594588,4260900,0.02077500,0.05800000,1
1531160596211,1531160596208,4260901,0.02077500,0.44500000,1
1531160602067,1531160602063,4260902,0.02077400,0.30000000,1
1531160605792,1531160605789,4260903,0.02077500,0.73400000,0
1531160623141,1531160623139,4260904,0.02080400,0.04900000,0
1531160632606,1531160632603,4260905,0.02078800,0.29800000,0
1531160632624,1531160632620,4260906,0.02080300,0.29300000,0
1531160632643,1531160632640,4260907,0.02080300,0.14200000,0
1531160637391,1531160637386,4260908,0.02077400,0.08000000,1
1531160637690,1531160637686,4260909,0.02077400,0.08000000,1
1531160638072,1531160638070,4260910,0.02077400,0.08000000,1
1531160639080,1531160639076,4260911,0.02077400,0.08000000,1
1531160639385,1531160639381,4260912,0.02077400,0.08000000,1
1531160641747,1531160641744,4260913,0.02080500,0.02300000,0
1531160644252,1531160644249,4260914,0.02077400,0.08000000,1
1531160645119,1531160645115,4260915,0.02077500,0.08000000,1
1531160645415,1531160645411,4260916,0.02077500,0.08000000,1
1531160645717,1531160645712,4260917,0.02077500,0.08000000,1
1531160646021,1531160646018,4260918,0.02077500,0.00100000,1
1531160646021,1531160646018,4260919,0.02077400,0.07900000,1
1531160658422,1531160658419,4260920,0.02079000,0.85100000,0
1531160658432,1531160658429,4260921,0.02077500,0.53300000,1
1531160658455,1531160658451,4260922,0.02077500,0.57400000,1
1531160670906,1531160670903,4260923,0.02077500,0.04800000,1
1531160680564,1531160680561,4260924,0.02079000,0.77500000,0
1531160680575,1531160680572,4260925,0.02080500,0.46800000,0
1531160680593,1531160680589,4260926,0.02080500,0.70400000,0
1531160684807,1531160684803,4260927,0.02080600,0.09800000,0
1531160688465,1531160688462,4260928,0.02077500,0.14600000,1
1531160688465,1531160688462,4260929,0.02077000,0.50100000,1
1531160688465,1531160688462,4260930,0.02076900,1.96700000,1
1531160726184,1531160726181,4260931,0.02079800,0.04800000,1
1531160727988,1531160727981,4260932,0.02079800,0.03600000,1
1531160728929,1531160728925,4260933,0.02079900,0.66900000,0
1531160728950,1531160728947,4260934,0.02079900,0.55700000,0
1531160729288,1531160729284,4260935,0.02080000,0.48000000,0
1531160736098,1531160736094,4260936,0.02079800,0.01400000,1
1531160736098,1531160736094,4260937,0.02077000,0.64700000,1
1531160736098,1531160736094,4260938,0.02076900,1.20600000,1
1531160736938,1531160736935,4260939,0.02077000,0.35500000,1
1531160736938,1531160736935,4260940,0.02076900,1.51200000,1
1531160737022,1531160737018,4260941,0.02076900,0.20000000,1
1531160737563,1531160737558,4260942,0.02076900,0.24500000,1
1531160737780,1531160737775,4260943,0.02076900,1.86700000,1
1531160738640,1531160738636,4260944,0.02076900,1.86700000,1
1531160739098,1531160739096,4260945,0.02076900,1.86700000,1
1531160741645,1531160741643,4260946,0.02079900,0.65100000,1
1531160741645,1531160741643,4260947,0.02079800,0.09700000,1
1531160741645,1531160741643,4260948,0.02076900,1.11900000,1
1531160741947,1531160741943,4260949,0.02076900,1.86700000,1
1531160742250,1531160742246,4260950,0.02076900,1.86700000,1
1531160743512,1531160743508,4260951,0.02076900,1.86700000,1
1531160743974,1531160743970,4260952,0.02076900,1.86700000,1
1531160744979,1531160744974,4260953,0.02076900,0.09800000,1
1531160745995,1531160745990,4260954,0.02076900,0.09800000,1
1531160769359,1531160769354,4260955,0.02076900,0.24300000,1
1531160773592,1531160773588,4260956,0.02077000,0.24400000,1
1531160778439,1531160778434,4260957,0.02078500,0.17800000,0
1531160778450,1531160778446,4260958,0.02077000,0.68300000,1
1531160802321,1531160802316,4260959,0.02078400,2.01100000,0
1531160802336,1531160802331,4260960,0.02079900,0.83700000,0
1531160805317,1531160805313,4260961,0.02076900,2.52000000,1
1531160805917,1531160805913,4260962,0.02079900,0.02900000,0
1531160825698,1531160825694,4260963,0.02079800,0.87100000,0
1531160830560,1531160830557,4260964,0.02076900,0.24200000,1
1531160851069,1531160851064,4260965,0.02077000,1.04700000,1
1531160852949,1531160852945,4260966,0.02078500,14.67500000,0
1531160852958,1531160852954,4260967,0.02077000,7.38800000,1
1531160853801,1531160853797,4260968,0.02077000,1.04700000,0
1531160858171,1531160858168,4260969,0.02077000,0.30000000,1
1531160858171,1531160858168,4260970,0.02076900,0.90000000,1
1531160883128,1531160883124,4260971,0.02077100,21.65500000,1
1531160893724,1531160893721,4260972,0.02077000,0.02000000,1
1531160912311,1531160912306,4260973,0.02078500,2.63200000,0
1531160912323,1531160912320,4260974,0.02077000,1.31000000,1
1531160912347,1531160912342,4260975,0.02077000,0.94500000,1
1531160928934,1531160928929,4260976,0.02078400,17.00900000,0
1531160928952,1531160928948,4260977,0.02079900,14.41300000,0
1531160945902,1531160945899,4260978,0.02076900,0.09700000,1
1531160950948,1531160950944,4260979,0.02080000,2.18100000,0
1531160956405,1531160956401,4260980,0.02078700,22.29200000,0
1531160956419,1531160956417,4260981,0.02080500,8.31900000,0
1531160975697,1531160975694,4260982,0.02080300,12.55400000,0
1531160988679,1531160988676,4260983,0.02080300,4.55200000,0
1531160994329,1531160994326,4260984,0.02077200,0.69700000,1
1531160994805,1531160994802,4260985,0.02077200,10.59400000,1
1531160995802,1531160995797,4260986,0.02077200,0.69700000,0
1531161008242,1531161008239,4260987,0.02077200,8.21100000,1
1531161012212,1531161012208,4260988,0.02077100,0.19100000,1
1531161012212,1531161012208,4260989,0.02077000,0.24200000,1
1531161014988,1531161014984,4260990,0.02077000,0.26800000,1
1531161020241,1531161020239,4260991,0.02078400,1.99000000,0
1531161020252,1531161020249,4260992,0.02079900,18.91700000,0
1531161020276,1531161020272,4260993,0.02079900,19.35500000,0
1531161021684,1531161021682,4260994,0.02077000,0.06900000,1
1531161022301,1531161022297,4260995,0.02077000,0.12900000,1
1531161022301,1531161022297,4260996,0.02076900,11.87000000,1
1531161023280,1531161023276,4260997,0.02076900,0.09500000,1
1531161028506,1531161028502,4260998,0.02079800,0.04900000,0
1531161040705,1531161040700,4260999,0.02077000,0.14500000,1
1531161043857,1531161043854,4261000,0.02078300,6.76300000,0
1531161043871,1531161043868,4261001,0.02077000,6.11700000,1
1531161047934,1531161047931,4261002,0.02077000,0.04900000,0
1531161048864,1531161048860,4261003,0.02077000,0.04900000,0
1531161061270,1531161061265,4261004,0.02076900,0.05500000,1
1531161073025,1531161073021,4261005,0.02077000,0.04600000,0
1531161073025,1531161073021,4261006,0.02079700,3.21600000,0
1531161074209,1531161074205,4261007,0.02079700,0.17500000,0
1531161075632,1531161075627,4261008,0.02080200,0.89900000,0
1531161075879,1531161075876,4261009,0.02080300,4.68400000,0
1531161076689,1531161076687,4261010,0.02080300,1.05300000,0
1531161077149,1531161077143,4261011,0.02080600,0.09200000,0
1531161077149,1531161077143,4261012,0.02080700,0.29700000,0
1531161077149,1531161077143,4261013,0.02080800,0.74700000,0
1531161077149,1531161077143,4261014,0.02081000,0.46000000,0
1531161077149,1531161077143,4261015,0.02081100,0.32300000,0
1531161077149,1531161077143,4261016,0.02081200,0.03600000,0
1531161077741,1531161077737,4261017,0.02081200,0.16000000,0
1531161078813,1531161078812,4261018,0.02081400,11.13200000,0
1531161079401,1531161079388,4261019,0.02081400,3.87400000,0
1531161079401,1531161079388,4261020,0.02081700,0.12200000,0
1531161079401,1531161079388,4261021,0.02081800,0.09800000,0
1531161079401,1531161079388,4261022,0.02082000,1.64500000,0
1531161079401,1531161079388,4261023,0.02082100,0.17800000,0
1531161079401,1531161079388,4261024,0.02082200,0.08500000,0
1531161079401,1531161079388,4261025,0.02082300,0.19600000,0
1531161079401,1531161079388,4261026,0.02082400,0.04900000,0
1531161079401,1531161079388,4261027,0.02082500,0.10300000,0
1531161080144,1531161080141,4261028,0.02082500,0.01100000,0
1531161085530,1531161085527,4261029,0.02080300,2.72200000,0
1531161089510,1531161089506,4261030,0.02081500,0.10700000,1
1531161091690,1531161091686,4261031,0.02081500,0.04000000,1
1531161108102,1531161108100,4261032,0.02080700,0.04900000,0
1531161116632,1531161116628,4261033,0.02080600,10.00600000,0
1531161128798,1531161128795,4261034,0.02080700,0.04900000,0
1531161141779,1531161141775,4261035,0.02079800,26.46800000,0
1531161141791,1531161141787,4261036,0.02080600,1.40300000,0
1531161141802,1531161141799,4261037,0.02080600,12.03200000,0
1531161148693,1531161148690,4261038,0.02080700,0.04900000,0
1531161152922,1531161152886,4261039,0.02080700,0.02100000,0
1531161152922,1531161152886,4261040,0.02081000,0.23300000,0
1531161152922,1531161152886,4261041,0.02082500,0.98700000,0
1531161156392,1531161156387,4261042,0.02082400,1.29300000,0
1531161164399,1531161164394,4261043,0.02080800,15.55000000,0
1531161164416,1531161164411,4261044,0.02082400,16.36100000,0
1531161164433,1531161164428,4261045,0.02082400,8.31000000,0
1531161168354,1531161168350,4261046,0.02079200,0.09700000,1
1531161181266,1531161181261,4261047,0.02082400,0.09700000,0
1531161181266,1531161181261,4261048,0.02082500,0.68300000,0
1531161181785,1531161181780,4261049,0.02079200,0.04900000,1
1531161200624,1531161200620,4261050,0.02080300,24.84800000,0
1531161200634,1531161200629,4261051,0.02081400,11.09200000,0
1531161209098,1531161209093,4261052,0.02079300,0.09600000,1
1531161221738,1531161221734,4261053,0.02081400,19.57600000,0
1531161244768,1531161244763,4261054,0.02080400,20.56600000,0
1531161244804,1531161244777,4261055,0.02079400,1.54000000,1
1531161244883,1531161244879,4261056,0.02079400,7.61800000,1
1531161263129,1531161263126,4261057,0.02079400,0.10300000,1
1531161268896,1531161268891,4261058,0.02079400,0.67500000,1
1531161268896,1531161268891,4261059,0.02079300,3.19700000,1
1531161268908,1531161268903,4261060,0.02079200,0.31400000,1
1531161268908,1531161268903,4261061,0.02078800,0.36100000,1
1531161271381,1531161271378,4261062,0.02079900,11.55300000,0
1531161284884,1531161284881,4261063,0.02080000,0.04900000,0
1531161303253,1531161303249,4261064,0.02078900,0.96400000,1
1531161305840,1531161305836,4261065,0.02078900,1.79400000,1
1531161327896,1531161327891,4261066,0.02078800,0.32100000,1
1531161327927,1531161327923,4261067,0.02078900,0.96400000,0
1531161331950,1531161331946,4261068,0.02080000,0.10200000,0
1531161331954,1531161331952,4261069,0.02080000,0.09500000,0
1531161352618,1531161352614,4261070,0.02079900,0.54700000,0
1531161352634,1531161352630,4261071,0.02079900,6.08900000,0
1531161352656,1531161352652,4261072,0.02078900,1.79400000,1
1531161361497,1531161361493,4261073,0.02078800,0.03800000,1
1531161365541,1531161365534,4261074,0.02078900,0.73000000,0
1531161373429,1531161373426,4261075,0.02078800,2.41400000,1
1531161373456,1531161373451,4261076,0.02078900,0.23400000,0
1531161386086,1531161386083,4261077,0.02079000,0.13200000,1
1531161387897,1531161387892,4261078,0.02080000,0.03600000,0
1531161390959,1531161390955,4261079,0.02079500,1.08700000,0
1531161390978,1531161390975,4261080,0.02079000,0.55600000,1
1531161390994,1531161390989,4261081,0.02078900,2.75800000,1
1531161409434,1531161409431,4261082,0.02079900,0.02600000,0
1531161413005,1531161413002,4261083,0.02079400,1.34100000,0
1531161413023,1531161413019,4261084,0.02079900,0.30600000,0
1531161413045,1531161413041,4261085,0.02079900,0.53000000,0
1531161418755,1531161418750,4261086,0.02080000,4.67600000,0
1531161426418,1531161426414,4261087,0.02081400,0.14400000,0
1531161426434,1531161426430,4261088,0.02081400,0.35400000,0
1531161430514,1531161430510,4261089,0.02080000,0.09100000,1
1531161434842,1531161434837,4261090,0.02080000,0.13400000,1
1531161437821,1531161437817,4261091,0.02081400,0.63600000,0
1531161445556,1531161445550,4261092,0.02081400,2.66400000,0
1531161445556,1531161445550,4261093,0.02081500,0.77200000,0
1531161445556,1531161445550,4261094,0.02081900,0.31400000,0
1531161445556,1531161445550,4261095,0.02082300,1.39200000,0
1531161457662,1531161457657,4261096,0.02082200,0.04900000,0
1531161457662,1531161457657,4261097,0.02082300,0.04200000,0
1531161486590,1531161486585,4261098,0.02079200,0.77400000,1
1531161486608,1531161486604,4261099,0.02079200,0.67600000,1
1531161508203,1531161508198,4261100,0.02082000,0.23200000,0
1531161508203,1531161508198,4261101,0.02082300,1.18700000,0
1531161508203,1531161508198,4261102,0.02082400,1.85600000,0
1531161508203,1531161508198,4261103,0.02082500,1.91500000,0
1531161510464,1531161510460,4261104,0.02082500,3.26000000,0
1531161512717,1531161512712,4261105,0.02080800,0.23500000,1
1531161520555,1531161520551,4261106,0.02082500,0.97000000,0
1531161523120,1531161523116,4261107,0.02080800,0.00100000,1
1531161532261,1531161532256,4261108,0.02080900,0.41000000,1
1531161532261,1531161532256,4261109,0.02080800,1.40800000,1
1531161532261,1531161532256,4261110,0.02079100,2.49600000,1
1531161538473,1531161538470,4261111,0.02080800,0.13100000,0
1531161538473,1531161538470,4261112,0.02083200,0.06100000,0
1531161538774,1531161538769,4261113,0.02083200,0.06000000,0
1531161538774,1531161538769,4261114,0.02083300,0.04900000,0
1531161538774,1531161538769,4261115,0.02083500,0.08300000,0
1531161539606,1531161539602,4261116,0.02083500,0.19200000,0
1531161540449,1531161540447,4261117,0.02083500,0.19200000,0
1531161541268,1531161541266,4261118,0.02083500,0.19200000,0
1531161546746,1531161546741,4261119,0.02083400,0.88000000,0
1531161546746,1531161546741,4261120,0.02083500,0.45800000,0
1531161546746,1531161546741,4261121,0.02083600,0.49600000,0
1531161546746,1531161546741,4261122,0.02083700,0.00600000,0
1531161561848,1531161561844,4261123,0.02083700,0.09700000,0
1531161571361,1531161571357,4261124,0.02083700,0.04300000,0
1531161571361,1531161571357,4261125,0.02083900,0.60100000,0
1531161581443,1531161581438,4261126,0.02083900,0.03900000,0
1531161581596,1531161581592,4261127,0.02083900,0.00400000,0
1531161583583,1531161583581,4261128,0.02083900,0.00500000,0
1531161583894,1531161583890,4261129,0.02083800,0.07400000,1
1531161584594,1531161584590,4261130,0.02083900,0.14500000,0
1531161584594,1531161584590,4261131,0.02084100,0.33400000,0
1531161586710,1531161586706,4261132,0.02084100,0.00800000,0
1531161586745,1531161586741,4261133,0.02084100,0.00900000,0
1531161590150,1531161590147,4261134,0.02083800,0.07200000,1
1531161590150,1531161590147,4261135,0.02080500,0.41000000,1
1531161591666,1531161591661,4261136,0.02080500,0.04400000,1
1531161591666,1531161591661,4261137,0.02080400,0.08100000,1
1531161591706,1531161591702,4261138,0.02080400,0.11300000,1
1531161591930,1531161591925,4261139,0.02080400,0.09800000,1
1531161592017,1531161592012,4261140,0.02080400,0.09100000,1
1531161592076,1531161592074,4261141,0.02080400,0.08100000,1
1531161592119,1531161592115,4261142,0.02080400,0.11300000,1
1531161592140,1531161592136,4261143,0.02080400,0.08100000,1
1531161592181,1531161592177,4261144,0.02080400,0.10200000,1
1531161594857,1531161594853,4261145,0.02080400,0.08200000,1
1531161594918,1531161594914,4261146,0.02080400,0.08300000,1
1531161594980,1531161594977,4261147,0.02080400,0.08400000,1
1531161595208,1531161595202,4261148,0.02080400,0.09100000,1
1531161595268,1531161595264,4261149,0.02080400,0.10200000,1
1531161595345,1531161595343,4261150,0.02080400,0.11200000,1
1531161595432,1531161595430,4261151,0.02080400,0.11300000,1
1531161595529,1531161595524,4261152,0.02080400,0.08200000,1
1531161595579,1531161595574,4261153,0.02080400,0.09100000,1
1531161595736,1531161595732,4261154,0.02080400,0.10100000,1
1531161595804,1531161595800,4261155,0.02080400,0.10200000,1
1531161595839,1531161595835,4261156,0.02080400,0.10000000,1
1531161595900,1531161595898,4261157,0.02080400,0.09300000,1
1531161595973,1531161595969,4261158,0.02080400,0.10000000,1
1531161596104,1531161596100,4261159,0.02080400,0.10000000,1
1531161596302,1531161596298,4261160,0.02080400,0.09100000,1
1531161596533,1531161596528,4261161,0.02080400,0.12400000,1
1531161596606,1531161596601,4261162,0.02080400,0.11300000,1
1531161600526,1531161600522,4261163,0.02080400,0.04800000,1
1531161600945,1531161600941,4261164,0.02080400,0.04800000,1
1531161601029,1531161601026,4261165,0.02080400,0.10200000,1
1531161601153,1531161601149,4261166,0.02080400,0.03000000,1
1531161608040,1531161608036,4261167,0.02080400,0.14300000,1
1531161618508,1531161618502,4261168,0.02084000,0.17100000,0
1531161625576,1531161625573,4261169,0.02080500,0.09100000,1
1531161628760,1531161628756,4261170,0.02080500,0.46300000,1
1531161628778,1531161628773,4261171,0.02080500,0.18700000,1
1531161629049,1531161629043,4261172,0.02080500,0.09100000,0
1531161658277,1531161658273,4261173,0.02080700,0.06500000,1
1531161661746,1531161661742,4261174,0.02084000,0.03600000,0
1531161678466,1531161678462,4261175,0.02083900,0.04800000,0
1531161686955,1531161686951,4261176,0.02080800,0.12200000,1
1531161686955,1531161686951,4261177,0.02080700,0.01300000,1
1531161703953,1531161703949,4261178,0.02080800,0.69900000,1
1531161703969,1531161703963,4261179,0.02080800,0.53700000,1
1531161704408,1531161704404,4261180,0.02080700,0.36000000,1
1531161704408,1531161704404,4261181,0.02080500,3.58500000,1
1531161704408,1531161704404,4261182,0.02080300,33.59300000,1
1531161704429,1531161704425,4261183,0.02080200,10.17000000,0
1531161704474,1531161704468,4261184,0.02080200,6.41800000,0
1531161710673,1531161710668,4261185,0.02079800,0.39900000,1
1531161720379,1531161720377,4261186,0.02079000,1.04200000,1
1531161723796,1531161723791,4261187,0.02079800,0.04900000,0
1531161725802,1531161725798,4261188,0.02079000,0.16900000,1
1531161725985,1531161725980,4261189,0.02079000,2.06600000,0
1531161735276,1531161735272,4261190,0.02079000,0.06400000,1
1531161735880,1531161735877,4261191,0.02079300,2.13800000,0
1531161735893,1531161735889,4261192,0.02079700,0.89900000,0
1531161748813,1531161748809,4261193,0.02079700,0.92900000,0
1531161748826,1531161748822,4261194,0.02079700,0.71900000,0
1531161758877,1531161758874,4261195,0.02079400,0.39500000,0
1531161758897,1531161758892,4261196,0.02079100,0.14600000,1
1531161784357,1531161784352,4261197,0.02079800,0.01200000,0
1531161785595,1531161785590,4261198,0.02079900,0.03700000,1
1531161785595,1531161785590,4261199,0.02079000,0.60200000,1
1531161800629,1531161800624,4261200,0.02079000,1.36900000,1
1531161800629,1531161800624,4261201,0.02078900,0.47400000,1
1531161800629,1531161800624,4261202,0.02076900,3.05000000,1
1531161802349,1531161802345,4261203,0.02076900,15.03900000,1
1531161809385,1531161809381,4261204,0.02077000,0.04800000,1
1531161811942,1531161811940,4261205,0.02077000,0.04800000,1
1531161819869,1531161819866,4261206,0.02077100,0.19600000,1
1531161841750,1531161841746,4261207,0.02077100,0.02400000,1
1531161872648,1531161872644,4261208,0.02077200,0.07300000,1
1531161875264,1531161875259,4261209,0.02077100,0.63200000,1
1531161877626,1531161877624,4261210,0.02081300,0.19300000,0
1531161878463,1531161878458,4261211,0.02081300,0.19300000,0
1531161879297,1531161879294,4261212,0.02081300,0.17900000,0
1531161879297,1531161879294,4261213,0.02081600,0.01400000,0
1531161879613,1531161879608,4261214,0.02081600,0.19300000,0
1531161879915,1531161879912,4261215,0.02081600,0.19300000,0
1531161880775,1531161880770,4261216,0.02077200,0.05200000,1
1531161892814,1531161892804,4261217,0.02081500,0.05200000,0
1531161892814,1531161892804,4261218,0.02081600,0.71800000,0
1531161892814,1531161892804,4261219,0.02082900,1.40700000,0
1531161892814,1531161892804,4261220,0.02083500,0.39900000,0
1531161892814,1531161892804,4261221,0.02084100,0.14800000,0
1531161892814,1531161892804,4261222,0.02084500,0.63800000,0
1531161892814,1531161892804,4261223,0.02084600,0.57200000,0
1531161892814,1531161892804,4261224,0.02084800,0.05800000,0
1531161892814,1531161892804,4261225,0.02084900,0.12100000,0
1531161892814,1531161892804,4261226,0.02085000,0.04900000,0
1531161892814,1531161892804,4261227,0.02085200,0.29400000,0
1531161892814,1531161892804,4261228,0.02085300,0.02100000,0
1531161892814,1531161892804,4261229,0.02085600,0.19600000,0
1531161892814,1531161892804,4261230,0.02085800,0.09800000,0
1531161892814,1531161892804,4261231,0.02086600,1.01500000,0
1531161892814,1531161892804,4261232,0.02086800,0.14600000,0
1531161892814,1531161892804,4261233,0.02086900,0.04900000,0
1531161892814,1531161892804,4261234,0.02087000,0.04900000,0
1531161892814,1531161892804,4261235,0.02087100,0.10800000,0
1531161892814,1531161892804,4261236,0.02087300,1.13400000,0
1531161892814,1531161892804,4261237,0.02087400,0.44000000,0
1531161892814,1531161892804,4261238,0.02087600,0.24200000,0
1531161892814,1531161892804,4261239,0.02087700,0.04900000,0
1531161892814,1531161892804,4261240,0.02087800,0.09800000,0
1531161892814,1531161892804,4261241,0.02087900,0.43900000,0
1531161892814,1531161892804,4261242,0.02088000,1.52200000,0
1531161892814,1531161892804,4261243,0.02088600,0.05000000,0
1531161892814,1531161892804,4261244,0.02088800,0.25300000,0
1531161892814,1531161892804,4261245,0.02089000,0.10000000,0
1531161892814,1531161892804,4261246,0.02089100,5.70800000,0
1531161892814,1531161892804,4261247,0.02089200,4.80400000,0
1531161892814,1531161892804,4261248,0.02089400,0.43200000,0
1531161892814,1531161892804,4261249,0.02089500,0.04900000,0
1531161892814,1531161892804,4261250,0.02089600,0.17100000,0
1531161893779,1531161893774,4261251,0.02089600,0.00900000,0
1531161893914,1531161893911,4261252,0.02081100,0.01100000,0
1531161893947,1531161893942,4261253,0.02081100,0.00900000,0
1531161893961,1531161893956,4261254,0.02081100,0.00800000,0
1531161894148,1531161894144,4261255,0.02081100,0.01100000,0
1531161894174,1531161894169,4261256,0.02081100,0.01100000,0
1531161894213,1531161894208,4261257,0.02081100,0.01100000,0
1531161894240,1531161894236,4261258,0.02081100,0.01100000,0
1531161894248,1531161894244,4261259,0.02081100,0.01000000,0
1531161895032,1531161895027,4261260,0.02081100,0.01100000,0
1531161901444,1531161901440,4261261,0.02081100,0.04500000,0
1531161905386,1531161905381,4261262,0.02081100,0.04900000,0
1531161905514,1531161905512,4261263,0.02081100,0.09800000,0
1531161905677,1531161905672,4261264,0.02081100,0.04900000,0
1531161905684,1531161905681,4261265,0.02081100,0.04900000,0
1531161905998,1531161905993,4261266,0.02081100,0.04900000,0
1531161906020,1531161906019,4261267,0.02081100,0.12700000,0
1531161909752,1531161909748,4261268,0.02087400,0.01100000,0
1531161909788,1531161909784,4261269,0.02087400,0.01000000,0
1531161909809,1531161909807,4261270,0.02087400,0.01100000,0
1531161909909,1531161909907,4261271,0.02087400,0.01100000,0
1531161909940,1531161909936,4261272,0.02087400,0.00600000,0
1531161909940,1531161909936,4261273,0.02088300,0.00500000,0
1531161910074,1531161910069,4261274,0.02088300,0.01100000,0
1531161910171,1531161910170,4261275,0.02088300,0.00900000,0
1531161910203,1531161910199,4261276,0.02088300,0.00800000,0
1531161910267,1531161910262,4261277,0.02088300,0.01100000,0
1531161911367,1531161911363,4261278,0.02088400,0.01100000,0
1531161911437,1531161911433,4261279,0.02088400,0.01100000,0
1531161911602,1531161911599,4261280,0.02088400,0.01100000,0
1531161913280,1531161913277,4261281,0.02088300,0.01100000,0
1531161919353,1531161919352,4261282,0.02082000,0.44000000,1
1531161919493,1531161919488,4261283,0.02087200,0.00900000,0
1531161920959,1531161920954,4261284,0.02087100,0.01100000,0
1531161923664,1531161923660,4261285,0.02087100,0.01100000,0
1531161924669,1531161924664,4261286,0.02087100,0.01100000,0
1531161925061,1531161925058,4261287,0.02087100,0.05900000,0
1531161925100,1531161925099,4261288,0.02087100,0.09700000,0
1531161925141,1531161925139,4261289,0.02087100,0.04900000,0
1531161925282,1531161925278,4261290,0.02087100,0.04900000,0
1531161925740,1531161925735,4261291,0.02087100,0.04900000,0
1531161926281,1531161926276,4261292,0.02087100,0.10400000,0
1531161926281,1531161926276,4261293,0.02087200,0.04200000,0
1531161926627,1531161926623,4261294,0.02087200,0.04900000,0
1531161929541,1531161929536,4261295,0.02084900,0.09600000,1
1531161929541,1531161929536,4261296,0.02082200,0.17300000,1
1531161933466,1531161933461,4261297,0.02086900,0.01100000,0
1531161938083,1531161938078,4261298,0.02082100,0.44000000,1
1531161941727,1531161941723,4261299,0.02086800,0.06600000,0
1531161943133,1531161943129,4261300,0.02082800,0.05800000,1
1531161943133,1531161943129,4261301,0.02082100,0.00100000,1
1531161949451,1531161949444,4261302,0.02086600,0.53700000,0
1531161949451,1531161949444,4261303,0.02086700,6.92600000,0
1531161949451,1531161949444,4261304,0.02087000,0.10300000,0
1531161949451,1531161949444,4261305,0.02088400,0.16300000,0
1531161949451,1531161949444,4261306,0.02089600,0.16700000,0
1531161949451,1531161949444,4261307,0.02089900,1.19900000,0
1531161949451,1531161949444,4261308,0.02090000,1.82600000,0
1531161949451,1531161949444,4261309,0.02090100,8.30000000,0
1531161949451,1531161949444,4261310,0.02090200,0.05300000,0
1531161949451,1531161949444,4261311,0.02090500,0.50000000,0
1531161949451,1531161949444,4261312,0.02090600,0.24200000,0
1531161949451,1531161949444,4261313,0.02090800,6.46100000,0
1531161951892,1531161951888,4261314,0.02090300,1.34000000,0
1531161951892,1531161951888,4261315,0.02090700,7.35800000,0
1531161966054,1531161966050,4261316,0.02090100,0.04900000,0
1531161973345,1531161973326,4261317,0.02089300,0.11700000,0
1531161973346,1531161973326,4261318,0.02090100,7.95100000,0
1531161973346,1531161973326,4261319,0.02090800,3.74100000,0
1531161973346,1531161973326,4261320,0.02090900,0.81400000,0
1531161973346,1531161973326,4261321,0.02091100,0.48300000,0
1531161973346,1531161973326,4261322,0.02091400,1.43300000,0
1531161973346,1531161973326,4261323,0.02092000,0.12000000,0
1531161973346,1531161973326,4261324,0.02092300,0.08600000,0
1531161973346,1531161973326,4261325,0.02092400,0.04900000,0
1531161973346,1531161973326,4261326,0.02093200,0.04900000,0
1531161973346,1531161973326,4261327,0.02093400,0.04900000,0
1531161973346,1531161973326,4261328,0.02093500,0.04900000,0
1531161973346,1531161973326,4261329,0.02093600,0.38500000,0
1531161973346,1531161973326,4261330,0.02094000,1.49700000,0
1531161973346,1531161973326,4261331,0.02094200,0.06400000,0
1531161973346,1531161973326,4261332,0.02094300,0.07300000,0
1531161973346,1531161973326,4261333,0.02094400,0.04900000,0
1531161973346,1531161973326,4261334,0.02094500,13.25000000,0
1531161973346,1531161973326,4261335,0.02094600,0.18600000,0
1531161973346,1531161973326,4261336,0.02094700,4.86300000,0
1531161973346,1531161973326,4261337,0.02095000,1.62800000,0
1531161973346,1531161973326,4261338,0.02095100,0.05300000,0
1531161973346,1531161973326,4261339,0.02095200,5.44500000,0
1531161973346,1531161973326,4261340,0.02095400,0.80100000,0
1531161973346,1531161973326,4261341,0.02095700,0.04900000,0
1531161973346,1531161973326,4261342,0.02096000,0.39100000,0
1531161973346,1531161973326,4261343,0.02096200,0.09800000,0
1531161973346,1531161973326,4261344,0.02096400,0.50600000,0
1531161973346,1531161973326,4261345,0.02096500,0.15300000,0
1531161973346,1531161973326,4261346,0.02096600,1.78000000,0
1531161975684,1531161975679,4261347,0.02084500,0.00700000,1
1531161975796,1531161975791,4261348,0.02095400,0.01100000,0
1531161975862,1531161975858,4261349,0.02095400,0.01100000,0
1531161975931,1531161975927,4261350,0.02095400,0.01100000,0
1531161975995,1531161975990,4261351,0.02095400,0.00900000,0
1531161976012,1531161976008,4261352,0.02095400,0.01100000,0
1531161976133,1531161976130,4261353,0.02095400,0.01100000,0
1531161976143,1531161976139,4261354,0.02095400,0.01100000,0
1531161976168,1531161976164,4261355,0.02095400,0.01100000,0
1531161976228,1531161976224,4261356,0.02095400,0.00900000,0
1531161976244,1531161976239,4261357,0.02095400,0.01100000,0
1531161976260,1531161976258,4261358,0.02095400,0.01100000,0
1531161976324,1531161976319,4261359,0.02095400,0.01000000,0
1531161976355,1531161976351,4261360,0.02095400,0.01100000,0
1531161976359,1531161976356,4261361,0.02095400,0.01100000,0
1531161976369,1531161976366,4261362,0.02095400,0.01100000,0
1531161976436,1531161976430,4261363,0.02095400,0.01100000,0
1531161976452,1531161976448,4261364,0.02095400,0.01000000,0
1531161976474,1531161976471,4261365,0.02095400,0.01300000,0
1531161978095,1531161978092,4261366,0.02096300,4.27700000,0
1531161978095,1531161978092,4261367,0.02096400,0.63100000,0
1531161978637,1531161978632,4261368,0.02096400,0.23200000,0
1531161980095,1531161980091,4261369,0.02096400,0.01100000,0
1531161980150,1531161980148,4261370,0.02096400,0.00800000,0
1531161980185,1531161980184,4261371,0.02096400,0.01100000,0
1531161980235,1531161980229,4261372,0.02096400,0.01100000,0
1531161980257,1531161980255,4261373,0.02096400,0.01100000,0
1531161982174,1531161982169,4261374,0.02095200,0.01100000,0
1531161982182,1531161982177,4261375,0.02095200,0.01100000,0
1531161982238,1531161982236,4261376,0.02090700,0.01100000,0
1531161982332,1531161982328,4261377,0.02090700,0.01100000,0
1531161986042,1531161986038,4261378,0.02095500,0.04900000,1
1531161986460,1531161986455,4261379,0.02095500,0.09800000,1
1531161986517,1531161986513,4261380,0.02095500,0.53100000,1
1531161986596,1531161986590,4261381,0.02095500,0.04900000,1
1531161986881,1531161986877,4261382,0.02086800,0.05000000,1
1531161987349,1531161987346,4261383,0.02086900,0.50000000,1
1531161987585,1531161987581,4261384,0.02095100,0.01100000,0
1531161987622,1531161987620,4261385,0.02095100,0.01100000,0
1531161987671,1531161987666,4261386,0.02095100,0.01100000,0
1531161987703,1531161987701,4261387,0.02095100,0.01100000,0
1531161988767,1531161988762,4261388,0.02095000,0.50000000,0
1531161988906,1531161988900,4261389,0.02087100,0.06300000,1
1531161989282,1531161989277,4261390,0.02095000,0.00700000,0
1531161989282,1531161989277,4261391,0.02095500,0.09900000,0
1531161989282,1531161989277,4261392,0.02096100,0.30000000,0
1531161989282,1531161989277,4261393,0.02096700,0.09400000,0
1531161990624,1531161990619,4261394,0.02087400,0.07800000,1
1531161992873,1531161992870,4261395,0.02091700,0.00900000,0
1531161996154,1531161996149,4261396,0.02095000,0.01100000,0
1531161996189,1531161996186,4261397,0.02095000,0.01100000,0
1531161997133,1531161997129,4261398,0.02095000,0.01100000,0
1531161997573,1531161997569,4261399,0.02095000,1.00000000,0
1531161999711,1531161999705,4261400,0.02095000,0.01100000,0
1531162000390,1531162000385,4261401,0.02090000,0.09900000,1
1531162000390,1531162000385,4261402,0.02089900,0.20100000,1
1531162002677,1531162002672,4261403,0.02089800,0.04800000,1
1531162003248,1531162003243,4261404,0.02094500,0.03200000,0
1531162003724,1531162003720,4261405,0.02094400,0.04800000,0
1531162003724,1531162003720,4261406,0.02094500,0.19000000,0
1531162004718,1531162004713,4261407,0.02094500,0.05800000,0
1531162005570,1531162005566,4261408,0.02094500,0.04900000,0
1531162005662,1531162005658,4261409,0.02094500,0.09700000,0
1531162005703,1531162005701,4261410,0.02089800,0.14200000,1
1531162005703,1531162005701,4261411,0.02089700,0.10000000,1
1531162005792,1531162005786,4261412,0.02094500,0.01100000,0
1531162006169,1531162006166,4261413,0.02094500,0.09700000,0
1531162006351,1531162006346,4261414,0.02094500,0.09700000,0
1531162006634,1531162006629,4261415,0.02094500,0.04900000,0
1531162006638,1531162006633,4261416,0.02094500,0.04900000,0
1531162006949,1531162006943,4261417,0.02094500,0.04900000,0
1531162011783,1531162011779,4261418,0.02094400,0.02100000,0
1531162015631,1531162015630,4261419,0.02090300,0.90000000,1
1531162017100,1531162017095,4261420,0.02090300,0.00300000,0
1531162017100,1531162017095,4261421,0.02094300,0.09700000,0
1531162017326,1531162017321,4261422,0.02090200,0.34300000,1
1531162021712,1531162021705,4261423,0.02094300,0.04600000,0
1531162022306,1531162022300,4261424,0.02094300,0.05300000,0
1531162022537,1531162022532,4261425,0.02094300,0.92500000,0
1531162022537,1531162022532,4261426,0.02094400,0.56000000,0
1531162027400,1531162027393,4261427,0.02094200,0.04900000,1
1531162027421,1531162027417,4261428,0.02090000,0.04900000,1
1531162034008,1531162034004,4261429,0.02090100,1.45900000,1
1531162035379,1531162035375,4261430,0.02090100,0.04900000,1
1531162043694,1531162043691,4261431,0.02090000,0.04900000,1
1531162045020,1531162045015,4261432,0.02094200,0.04900000,0
1531162061752,1531162061749,4261433,0.02093600,0.04900000,0
1531162061752,1531162061749,4261434,0.02094000,0.36000000,0
1531162061752,1531162061749,4261435,0.02094400,0.01200000,0
1531162061752,1531162061749,4261436,0.02094600,0.20700000,0
1531162066466,1531162066461,4261437,0.02094600,1.17900000,0
1531162092148,1531162092143,4261438,0.02090400,1.59400000,1
1531162092148,1531162092143,4261439,0.02090300,0.44900000,1
1531162096425,1531162096419,4261440,0.02092400,14.27200000,0
1531162096438,1531162096436,4261441,0.02090300,5.10200000,1
1531162110992,1531162110990,4261442,0.02090200,0.07400000,1
1531162111020,1531162111015,4261443,0.02090200,6.77500000,1
1531162111036,1531162111033,4261444,0.02090200,0.04800000,1
1531162111059,1531162111053,4261445,0.02090300,0.30500000,0
1531162115896,1531162115892,4261446,0.02096400,0.26500000,0
1531162118347,1531162118344,4261447,0.02096400,0.00900000,0
1531162126286,1531162126283,4261448,0.02090600,0.32200000,1
1531162126286,1531162126283,4261449,0.02090300,0.45000000,1
1531162126286,1531162126283,4261450,0.02089200,0.39700000,1
1531162126286,1531162126283,4261451,0.02088100,0.07100000,1
1531162126286,1531162126283,4261452,0.02086500,0.04800000,1
1531162126286,1531162126283,4261453,0.02085900,1.16000000,1
1531162127330,1531162127326,4261454,0.02086000,0.12500000,1
1531162127461,1531162127456,4261455,0.02086000,0.11500000,1
1531162127505,1531162127501,4261456,0.02086000,0.06400000,1
1531162127505,1531162127501,4261457,0.02085900,0.05100000,1
1531162127555,1531162127554,4261458,0.02085900,0.11500000,1
1531162127780,1531162127774,4261459,0.02085900,0.11500000,1
1531162127835,1531162127831,4261460,0.02085900,0.01400000,1
1531162127835,1531162127831,4261461,0.02085800,0.07800000,1
1531162127835,1531162127831,4261462,0.02085400,0.02100000,1
1531162129495,1531162129490,4261463,0.02085400,0.48700000,1
1531162130252,1531162130248,4261464,0.02085500,0.30000000,1
1531162130252,1531162130248,4261465,0.02085400,0.00200000,1
1531162130506,1531162130502,4261466,0.02095100,0.47700000,0
1531162132479,1531162132473,4261467,0.02086100,0.39800000,1
1531162132479,1531162132473,4261468,0.02085400,0.48000000,1
1531162132479,1531162132473,4261469,0.02085300,2.19400000,1
1531162132756,1531162132750,4261470,0.02085400,0.10400000,1
1531162132807,1531162132805,4261471,0.02085400,0.11500000,1
1531162132935,1531162132930,4261472,0.02085400,0.12600000,1
1531162133141,1531162133137,4261473,0.02085400,0.12500000,1
1531162137487,1531162137483,4261474,0.02085600,0.10400000,1
1531162141996,1531162141991,4261475,0.02093900,0.02100000,0
1531162145702,1531162145698,4261476,0.02093500,2.04200000,0
1531162145702,1531162145698,4261477,0.02093600,0.62600000,0
1531162145702,1531162145698,4261478,0.02093800,0.14400000,0
1531162145702,1531162145698,4261479,0.02094000,1.40000000,0
1531162145702,1531162145698,4261480,0.02095100,1.17700000,0
1531162149306,1531162149301,4261481,0.02093200,0.19400000,0
1531162149306,1531162149301,4261482,0.02095300,0.28300000,0
1531162150959,1531162150954,4261483,0.02095300,0.11300000,0
1531162151437,1531162151433,4261484,0.02095300,0.10400000,1
1531162151885,1531162151881,4261485,0.02095300,0.04800000,1
1531162153547,1531162153543,4261486,0.02096300,7.71600000,0
1531162157774,1531162157767,4261487,0.02089600,3.89300000,0
1531162157774,1531162157767,4261488,0.02096300,1.45500000,0
1531162157774,1531162157767,4261489,0.02096400,0.69900000,0
1531162157774,1531162157767,4261490,0.02096500,1.79700000,0
1531162157774,1531162157767,4261491,0.02096700,55.85800000,0
1531162157774,1531162157767,4261492,0.02097100,0.96900000,0
1531162157774,1531162157767,4261493,0.02097200,0.92600000,0
1531162157774,1531162157767,4261494,0.02097300,4.04500000,0
1531162158894,1531162158889,4261495,0.02089600,0.04800000,0
1531162159610,1531162159606,4261496,0.02089600,0.24000000,0
1531162161703,1531162161699,4261497,0.02089600,0.85600000,0
1531162162070,1531162162065,4261498,0.02089600,0.85600000,0
1531162162070,1531162162065,4261499,0.02097400,0.18600000,0
1531162163969,1531162163968,4261500,0.02094300,0.01300000,0
1531162168907,1531162168902,4261501,0.02094300,0.05800000,0
1531162169111,1531162169108,4261502,0.02094400,0.04800000,1
1531162169602,1531162169599,4261503,0.02094400,0.04800000,1
1531162169880,1531162169878,4261504,0.02094400,0.24100000,1
1531162171603,1531162171601,4261505,0.02094400,0.11700000,1
1531162172411,1531162172405,4261506,0.02094400,0.17900000,1
1531162172550,1531162172545,4261507,0.02094400,0.17200000,1
1531162185583,1531162185579,4261508,0.02094700,0.20000000,1
1531162187853,1531162187848,4261509,0.02094500,0.05800000,0
1531162201680,1531162201676,4261510,0.02094400,0.03300000,1
1531162204086,1531162204082,4261511,0.02094500,0.04800000,0
1531162207666,1531162207662,4261512,0.02094500,0.06000000,0
1531162210315,1531162210311,4261513,0.02094500,1.96400000,0
1531162235768,1531162235763,4261514,0.02095100,3.89500000,1
1531162249691,1531162249687,4261515,0.02095100,0.05900000,1
1531162252905,1531162252901,4261516,0.02095500,1.31500000,0
1531162252921,1531162252916,4261517,0.02095100,0.72800000,1
1531162252932,1531162252928,4261518,0.02095100,0.48600000,1
1531162254092,1531162254087,4261519,0.02095000,0.85400000,1
1531162261367,1531162261363,4261520,0.02095100,0.04000000,0
1531162268506,1531162268501,4261521,0.02095000,8.76600000,1
1531162268527,1531162268522,4261522,0.02095000,1.92300000,1
1531162279514,1531162279509,4261523,0.02092600,0.74100000,1
1531162282923,1531162282919,4261524,0.02091700,0.11500000,1
1531162283047,1531162283042,4261525,0.02091700,0.11500000,1
1531162283217,1531162283214,4261526,0.02091700,0.13500000,1
1531162283317,1531162283313,4261527,0.02091700,0.09300000,1
1531162283404,1531162283399,4261528,0.02091700,0.08700000,1
1531162283427,1531162283422,4261529,0.02091700,0.11300000,1
1531162283428,1531162283425,4261530,0.02091700,0.12600000,1
1531162283464,1531162283460,4261531,0.02091700,0.10900000,1
1531162283480,1531162283476,4261532,0.02091700,0.11600000,1
1531162283512,1531162283506,4261533,0.02090200,0.05800000,1
1531162283512,1531162283506,4261534,0.02089800,0.07700000,1
1531162284663,1531162284658,4261535,0.02090400,0.20100000,1
1531162285865,1531162285860,4261536,0.02090500,0.13700000,1
1531162290146,1531162290142,4261537,0.02094700,0.04900000,0
1531162295939,1531162295935,4261538,0.02094700,0.03500000,0
1531162296429,1531162296425,4261539,0.02090600,0.12600000,1
1531162298024,1531162298022,4261540,0.02090600,0.11500000,1
1531162306698,1531162306693,4261541,0.02093400,0.08600000,0
1531162306698,1531162306693,4261542,0.02094700,0.05300000,0
1531162306698,1531162306693,4261543,0.02094800,0.61200000,0
1531162306698,1531162306693,4261544,0.02094900,1.63400000,0
1531162306698,1531162306693,4261545,0.02096000,2.52000000,0
1531162309173,1531162309171,4261546,0.02090900,0.09600000,1
1531162309173,1531162309171,4261547,0.02090800,0.04900000,1
1531162319334,1531162319330,4261548,0.02094500,0.02100000,0
1531162321962,1531162321958,4261549,0.02093600,0.03500000,1
1531162328011,1531162328006,4261550,0.02093600,0.88600000,1
1531162329672,1531162329666,4261551,0.02093600,0.03500000,0
1531162329672,1531162329666,4261552,0.02094000,0.01400000,0
1531162336205,1531162336200,4261553,0.02093600,0.82900000,1
1531162338627,1531162338623,4261554,0.02093600,0.47700000,0
1531162340761,1531162340757,4261555,0.02093600,0.19200000,0
1531162340761,1531162340757,4261556,0.02094000,3.80800000,0
1531162349347,1531162349343,4261557,0.02093900,0.04900000,0
1531162349347,1531162349343,4261558,0.02094000,0.19300000,0
1531162361246,1531162361242,4261559,0.02090900,0.82100000,1
1531162386151,1531162386146,4261560,0.02094000,0.14600000,0
1531162388703,1531162388698,4261561,0.02092400,0.09600000,0
1531162388711,1531162388707,4261562,0.02090900,0.06300000,1
1531162397019,1531162397016,4261563,0.02092400,0.74700000,0
1531162397036,1531162397032,4261564,0.02090900,0.42800000,1
1531162397567,1531162397565,4261565,0.02094000,0.19100000,0
1531162397857,1531162397852,4261566,0.02094000,0.19100000,0
1531162398685,1531162398680,4261567,0.02094000,0.19100000,0
1531162398975,1531162398971,4261568,0.02094000,0.19100000,0
1531162399273,1531162399267,4261569,0.02094000,0.07500000,0
1531162399273,1531162399267,4261570,0.02094500,0.03500000,0
1531162399273,1531162399267,4261571,0.02095900,0.08100000,0
1531162404853,1531162404848,4261572,0.02090800,0.05300000,1
1531162423091,1531162423087,4261573,0.02090600,0.07000000,1
1531162458346,1531162458340,4261574,0.02095700,0.07000000,0
1531162458346,1531162458340,4261575,0.02095800,0.05300000,0
1531162458346,1531162458340,4261576,0.02095900,0.16000000,0
1531162458346,1531162458340,4261577,0.02096000,9.36700000,0
1531162458639,1531162458634,4261578,0.02096000,0.19100000,0
1531162458888,1531162458884,4261579,0.02096000,0.45700000,0
1531162459654,1531162459649,4261580,0.02096000,0.19100000,0
1531162459949,1531162459946,4261581,0.02096000,0.19100000,0
1531162460777,1531162460776,4261582,0.02096000,0.19100000,0
1531162461077,1531162461074,4261583,0.02096000,0.19100000,0
1531162472654,1531162472650,4261584,0.02090600,1.29700000,1
1531162472654,1531162472650,4261585,0.02090500,2.99900000,1
1531162482464,1531162482462,4261586,0.02090600,0.08000000,1
1531162482491,1531162482485,4261587,0.02090600,0.32200000,1
1531162502256,1531162502250,4261588,0.02093100,0.33800000,0
1531162502275,1531162502269,4261589,0.02090600,0.86300000,1
1531162502291,1531162502287,4261590,0.02090600,0.28600000,1
1531162512736,1531162512711,4261591,0.02095800,0.04900000,1
1531162517431,1531162517425,4261592,0.02090600,0.72100000,1
1531162518940,1531162518936,4261593,0.02090500,0.36800000,1
1531162537963,1531162537957,4261594,0.02092600,0.96800000,0
1531162537975,1531162537971,4261595,0.02090600,0.98800000,1
1531162537990,1531162537985,4261596,0.02090600,0.56200000,1
1531162545782,1531162545778,4261597,0.02090500,0.63300000,1
1531162561563,1531162561559,4261598,0.02089700,0.03100000,1
1531162564951,1531162564945,4261599,0.02089700,0.31100000,1
1531162564951,1531162564945,4261600,0.02089600,0.09600000,1
1531162566325,1531162566320,4261601,0.02089600,0.39400000,0
1531162568093,1531162568087,4261602,0.02089800,0.19100000,0
1531162568792,1531162568788,4261603,0.02089800,0.19100000,0
1531162569098,1531162569092,4261604,0.02089800,0.19100000,0
1531162569918,1531162569913,4261605,0.02089800,0.19100000,0
1531162570735,1531162570732,4261606,0.02089800,0.19100000,0
1531162572945,1531162572940,4261607,0.02089400,0.95200000,1
1531162574029,1531162574024,4261608,0.02089300,0.10200000,1
1531162581761,1531162581755,4261609,0.02088400,0.99000000,1
1531162583840,1531162583833,4261610,0.02088200,0.95800000,1
1531162599176,1531162599171,4261611,0.02089300,0.76800000,0
1531162604686,1531162604682,4261612,0.02088200,0.95700000,1
1531162604702,1531162604698,4261613,0.02088200,0.42500000,1
1531162607642,1531162607637,4261614,0.02088100,0.07100000,1
1531162607642,1531162607637,4261615,0.02088000,0.35100000,1
1531162612782,1531162612776,4261616,0.02089300,0.14600000,0
1531162621230,1531162621224,4261617,0.02088000,0.02000000,1
1531162623207,1531162623201,4261618,0.02089300,0.08500000,0
1531162623207,1531162623201,4261619,0.02089600,2.91500000,0
1531162629464,1531162629460,4261620,0.02088800,2.18000000,0
1531162629479,1531162629473,4261621,0.02088100,0.77400000,1
1531162634186,1531162634182,4261622,0.02089600,0.04900000,0
1531162639288,1531162639282,4261623,0.02088000,1.02900000,1
1531162639288,1531162639282,4261624,0.02087000,0.04800000,1
1531162639288,1531162639282,4261625,0.02085800,0.07800000,1
1531162639288,1531162639282,4261626,0.02084800,0.39800000,1
1531162639288,1531162639282,4261627,0.02084200,33.49800000,1
1531162639288,1531162639282,4261628,0.02084100,1.08600000,1
1531162639288,1531162639282,4261629,0.02083400,5.86300000,1
1531162640694,1531162640688,4261630,0.02083400,0.49000000,1
1531162641247,1531162641243,4261631,0.02083400,1.64700000,1
1531162641247,1531162641243,4261632,0.02082400,1.49200000,1
1531162641247,1531162641243,4261633,0.02082000,1.22300000,1
1531162643636,1531162643631,4261634,0.02083500,0.48900000,1
1531162644390,1531162644386,4261635,0.02082300,0.15500000,1
1531162646585,1531162646581,4261636,0.02082300,0.06000000,1
1531162648683,1531162648677,4261637,0.02083500,2.00800000,0
1531162650594,1531162650590,4261638,0.02082500,0.49200000,1
1531162656618,1531162656612,4261639,0.02088100,0.31200000,0
1531162656618,1531162656612,4261640,0.02088500,0.30000000,0
1531162656618,1531162656612,4261641,0.02089600,0.08200000,0
1531162656618,1531162656612,4261642,0.02089800,0.30600000,0
1531162657837,1531162657831,4261643,0.02082800,0.43200000,1
1531162667853,1531162667848,4261644,0.02089700,0.23900000,0
1531162670549,1531162670546,4261645,0.02083500,0.14600000,1
1531162681852,1531162681847,4261646,0.02083300,0.04100000,1
1531162716164,1531162716158,4261647,0.02089600,1.05800000,0
1531162716164,1531162716158,4261648,0.02089800,10.65800000,0
1531162723631,1531162723628,4261649,0.02083900,0.00700000,1
1531162725992,1531162725990,4261650,0.02083600,0.09700000,1
1531162769744,1531162769739,4261651,0.02083500,14.00000000,1
1531162772113,1531162772108,4261652,0.02083600,0.08400000,1
1531162822958,1531162822953,4261653,0.02083600,0.50000000,0
1531162828670,1531162828665,4261654,0.02089500,0.05200000,0
1531162834024,1531162834019,4261655,0.02089300,0.09400000,0
1531162834024,1531162834019,4261656,0.02089400,0.08400000,0
1531162835155,1531162835149,4261657,0.02089400,0.25000000,1
1531162835952,1531162835946,4261658,0.02089400,2.18300000,1
1531162836555,1531162836549,4261659,0.02082800,0.35800000,1
1531162843942,1531162843940,4261660,0.02083300,0.31700000,1
1531162843942,1531162843940,4261661,0.02082700,0.66600000,1
1531162854247,1531162854241,4261662,0.02082600,0.61300000,1
1531162854247,1531162854241,4261663,0.02082500,0.02100000,1
1531162861825,1531162861819,4261664,0.02082400,0.07900000,1
1531162867361,1531162867355,4261665,0.02082700,0.36600000,1
1531162867361,1531162867355,4261666,0.02082600,1.75700000,1
1531162867361,1531162867355,4261667,0.02082400,11.87700000,1
1531162874895,1531162874889,4261668,0.02082500,0.91400000,1
1531162874895,1531162874889,4261669,0.02082400,0.89100000,1
1531162874895,1531162874889,4261670,0.02082100,0.39900000,1
1531162874895,1531162874889,4261671,0.02082000,1.40000000,1
1531162874895,1531162874889,4261672,0.02081800,0.07200000,1
1531162874895,1531162874889,4261673,0.02081400,0.10600000,1
1531162874918,1531162874914,4261674,0.02081400,3.66200000,0
1531162875163,1531162875159,4261675,0.02081400,0.00100000,0
1531162884385,1531162884379,4261676,0.02086700,0.12000000,0
1531162893450,1531162893446,4261677,0.02088000,0.47900000,0
1531162895226,1531162895222,4261678,0.02085900,0.04900000,0
1531162925146,1531162925141,4261679,0.02080700,0.31300000,1
1531162950581,1531162950577,4261680,0.02080700,0.94800000,1
1531162957012,1531162957006,4261681,0.02083900,0.04900000,0
1531162966023,1531162966020,4261682,0.02080500,0.09700000,1
1531162966580,1531162966575,4261683,0.02080500,0.50700000,0
1531162974789,1531162974785,4261684,0.02080000,0.49000000,1
1531162974792,1531162974785,4261685,0.02080000,0.70600000,1
1531162974792,1531162974785,4261686,0.02079900,0.05400000,1
1531162974792,1531162974785,4261687,0.02079800,0.25700000,1
1531162974792,1531162974785,4261688,0.02079600,0.39900000,1
1531162974792,1531162974785,4261689,0.02078800,0.09800000,1
1531162974792,1531162974785,4261690,0.02078500,0.04900000,1
1531162974792,1531162974785,4261691,0.02077500,0.05500000,1
1531162974792,1531162974785,4261692,0.02077300,0.09700000,1
1531162974792,1531162974785,4261693,0.02077000,3.04200000,1
1531162980310,1531162980305,4261694,0.02077000,1.21300000,1
1531162981139,1531162981133,4261695,0.02077000,0.49000000,1
1531162981177,1531162981174,4261696,0.02077000,0.04600000,1
1531162981565,1531162981559,4261697,0.02077000,0.49000000,1
1531162981960,1531162981954,4261698,0.02077000,0.49000000,1
1531162982207,1531162982201,4261699,0.02077000,3.00000000,1
1531162982389,1531162982383,4261700,0.02077000,0.49200000,1
1531162982493,1531162982488,4261701,0.02077000,0.49000000,1
1531162982766,1531162982761,4261702,0.02077000,0.49100000,1
1531162982986,1531162982982,4261703,0.02077000,0.49000000,1
1531162983266,1531162983262,4261704,0.02077000,0.09700000,1
1531162983266,1531162983262,4261705,0.02076900,0.39500000,1
1531162983447,1531162983443,4261706,0.02076900,0.49000000,1
1531162983552,1531162983548,4261707,0.02076900,0.49100000,1
1531162983681,1531162983675,4261708,0.02076900,0.49000000,1
1531162983955,1531162983952,4261709,0.02076900,0.49100000,1
1531162984326,1531162984323,4261710,0.02076900,0.49100000,1
1531162984366,1531162984363,4261711,0.02076900,0.49100000,1
1531162985301,1531162985297,4261712,0.02083100,0.26800000,0
1531162985301,1531162985297,4261713,0.02083400,0.21100000,0
1531162986478,1531162986472,4261714,0.02083000,0.89300000,0
1531162992902,1531162992897,4261715,0.02083200,0.27500000,0
1531162992902,1531162992897,4261716,0.02083300,0.06700000,0
1531162999596,1531162999591,4261717,0.02077100,0.36100000,1
1531163015690,1531163015685,4261718,0.02076900,0.47700000,1
1531163021001,1531163020996,4261719,0.02077000,0.49100000,1
1531163045353,1531163045349,4261720,0.02079800,0.28100000,0
1531163045369,1531163045363,4261721,0.02077200,0.86300000,1
1531163045396,1531163045392,4261722,0.02077200,0.20300000,1
1531163071732,1531163071726,4261723,0.02077200,0.22000000,1
1531163075387,1531163075382,4261724,0.02077100,0.06000000,1
1531163075387,1531163075382,4261725,0.02076900,5.11000000,1
1531163075738,1531163075734,4261726,0.02081400,0.48000000,0
1531163077493,1531163077488,4261727,0.02081400,0.48000000,0
1531163098195,1531163098192,4261728,0.02080000,0.03600000,0
1531163107358,1531163107352,4261729,0.02077000,1.34300000,1
1531163107358,1531163107352,4261730,0.02076900,14.96500000,1
1531163121399,1531163121393,4261731,0.02077100,0.32700000,1
1531163121399,1531163121393,4261732,0.02076900,0.06700000,1
1531163122824,1531163122818,4261733,0.02083500,0.22800000,0
1531163126730,1531163126724,4261734,0.02076900,10.03200000,1
1531163130221,1531163130215,4261735,0.02081700,0.09900000,0
1531163130221,1531163130215,4261736,0.02081800,0.03500000,0
1531163131687,1531163131682,4261737,0.02076900,0.91400000,1
1531163133747,1531163133742,4261738,0.02076900,2.29700000,1
1531163135222,1531163135219,4261739,0.02076900,0.51800000,1
1531163138126,1531163138116,4261740,0.02077000,0.84200000,1
1531163138126,1531163138116,4261741,0.02076900,5.77300000,1
1531163138126,1531163138116,4261742,0.02076300,0.40000000,1
1531163138126,1531163138116,4261743,0.02076100,0.33800000,1
1531163138126,1531163138116,4261744,0.02076000,1.40000000,1
1531163138126,1531163138116,4261745,0.02075900,0.10800000,1
1531163138126,1531163138116,4261746,0.02075600,0.07200000,1
1531163138126,1531163138116,4261747,0.02074600,0.09800000,1
1531163138126,1531163138116,4261748,0.02074500,0.04900000,1
1531163138126,1531163138116,4261749,0.02074000,0.04900000,1
1531163138126,1531163138116,4261750,0.02073800,2.46100000,1
1531163138126,1531163138116,4261751,0.02073600,3.04000000,1
1531163138126,1531163138116,4261752,0.02073300,0.09700000,1
1531163138126,1531163138116,4261753,0.02073200,0.48300000,1
1531163138126,1531163138116,4261754,0.02073000,0.05100000,1
1531163138126,1531163138116,4261755,0.02072600,0.19300000,1
1531163138126,1531163138116,4261756,0.02072200,8.05800000,1
1531163138126,1531163138116,4261757,0.02071800,0.05900000,1
1531163138126,1531163138116,4261758,0.02071700,0.09700000,1
1531163138126,1531163138116,4261759,0.02070300,0.04900000,1
1531163138126,1531163138116,4261760,0.02070200,0.60200000,1
1531163138126,1531163138116,4261761,0.02070000,1.86500000,1
1531163138126,1531163138116,4261762,0.02069500,0.25000000,1
1531163140448,1531163140441,4261763,0.02069700,0.49100000,1
1531163162009,1531163162004,4261764,0.02071700,0.15800000,1
1531163164483,1531163164480,4261765,0.02071800,0.07400000,1
1531163169589,1531163169586,4261766,0.02075400,0.63200000,0
1531163169600,1531163169593,4261767,0.02071800,0.26600000,1
1531163169637,1531163169632,4261768,0.02071800,0.04900000,0
1531163170179,1531163170173,4261769,0.02071800,0.02500000,0
1531163175306,1531163175300,4261770,0.02079300,0.15800000,0
1531163175306,1531163175300,4261771,0.02079400,1.90800000,0
1531163238825,1531163238811,4261772,0.02070700,0.30900000,1
1531163238825,1531163238811,4261773,0.02070600,0.91400000,1
1531163238825,1531163238811,4261774,0.02070000,5.40000000,1
1531163238825,1531163238811,4261775,0.02069500,5.98500000,1
1531163238825,1531163238811,4261776,0.02069400,0.22500000,1
1531163238825,1531163238811,4261777,0.02068400,0.09700000,1
1531163238825,1531163238811,4261778,0.02068300,0.04900000,1
1531163238825,1531163238811,4261779,0.02068200,0.26100000,1
1531163238825,1531163238811,4261780,0.02068100,0.28500000,1
1531163238825,1531163238811,4261781,0.02068000,0.10200000,1
1531163238825,1531163238811,4261782,0.02067500,0.25200000,1
1531163238825,1531163238811,4261783,0.02067300,0.09700000,1
1531163238825,1531163238811,4261784,0.02067100,1.44800000,1
1531163238825,1531163238811,4261785,0.02066800,0.36800000,1
1531163238825,1531163238811,4261786,0.02066700,0.06200000,1
1531163238825,1531163238811,4261787,0.02066300,0.19500000,1
1531163238825,1531163238811,4261788,0.02065500,8.00000000,1
1531163238825,1531163238811,4261789,0.02065300,1.17100000,1
1531163238825,1531163238811,4261790,0.02065100,0.09700000,1
1531163238825,1531163238811,4261791,0.02065000,5.07400000,1
1531163238825,1531163238811,4261792,0.02064900,0.27000000,1
1531163238825,1531163238811,4261793,0.02064700,0.28800000,1
1531163238825,1531163238811,4261794,0.02064300,0.30900000,1
1531163238825,1531163238811,4261795,0.02064200,0.52600000,1
1531163238825,1531163238811,4261796,0.02064100,0.34000000,1
1531163238825,1531163238811,4261797,0.02064000,1.40000000,1
1531163238825,1531163238811,4261798,0.02063800,0.35200000,1
1531163238825,1531163238811,4261799,0.02063700,0.43100000,1
1531163238825,1531163238811,4261800,0.02063500,0.04900000,1
1531163238825,1531163238811,4261801,0.02062900,0.09700000,1
1531163238825,1531163238811,4261802,0.02062800,0.04900000,1
1531163238825,1531163238811,4261803,0.02062500,0.15900000,1
1531163238825,1531163238811,4261804,0.02062300,0.11600000,1
1531163238825,1531163238811,4261805,0.02062200,0.21700000,1
1531163238825,1531163238811,4261806,0.02062100,0.04900000,1
1531163238825,1531163238811,4261807,0.02062000,0.04900000,1
1531163238825,1531163238811,4261808,0.02061800,0.04800000,1
1531163240032,1531163240027,4261809,0.02062100,3.28300000,1
1531163240032,1531163240027,4261810,0.02062000,1.26400000,1
1531163240032,1531163240027,4261811,0.02061900,11.91300000,1
1531163241235,1531163241229,4261812,0.02072700,0.00100000,0
1531163247583,1531163247578,4261813,0.02072300,0.04800000,0
1531163263030,1531163263027,4261814,0.02070500,0.04800000,0
1531163272222,1531163272215,4261815,0.02069700,1.30800000,0
1531163272222,1531163272215,4261816,0.02069800,0.15900000,0
1531163272222,1531163272215,4261817,0.02070000,1.40000000,0
1531163272222,1531163272215,4261818,0.02070600,0.40100000,0
1531163272222,1531163272215,4261819,0.02073300,0.11600000,0
1531163272222,1531163272215,4261820,0.02074000,0.28800000,0
1531163272222,1531163272215,4261821,0.02074300,0.28500000,0
1531163272222,1531163272215,4261822,0.02075500,0.07200000,0
1531163272222,1531163272215,4261823,0.02075700,0.99000000,0
1531163272222,1531163272215,4261824,0.02075800,25.36100000,0
1531163272222,1531163272215,4261825,0.02075900,3.36600000,0
1531163281448,1531163281442,4261826,0.02069500,3.18600000,0
1531163281448,1531163281442,4261827,0.02075800,0.30900000,0
1531163281448,1531163281442,4261828,0.02076000,0.94900000,0
1531163285252,1531163285213,4261829,0.02074700,0.27000000,0
1531163288711,1531163288706,4261830,0.02074700,0.13000000,0
1531163288711,1531163288706,4261831,0.02076000,0.45100000,0
1531163288711,1531163288706,4261832,0.02077100,2.35100000,0
1531163311480,1531163311474,4261833,0.02067300,0.37500000,1
1531163319130,1531163319125,4261834,0.02076900,0.26700000,0
1531163332227,1531163332224,4261835,0.02075700,0.15800000,0
1531163332227,1531163332224,4261836,0.02075800,26.21300000,0
1531163335410,1531163335403,4261837,0.02075900,0.00700000,0
1531163337832,1531163337827,4261838,0.02067100,0.43800000,1
1531163363983,1531163363977,4261839,0.02075700,0.00300000,0
1531163403247,1531163403243,4261840,0.02072500,0.45200000,0
1531163405406,1531163405402,4261841,0.02070000,0.16200000,0
1531163405415,1531163405411,4261842,0.02067600,0.06700000,1
1531163427438,1531163427434,4261843,0.02067600,0.37100000,1
1531163470426,1531163470423,4261844,0.02072400,0.26800000,0
1531163563101,1531163563097,4261845,0.02069200,0.36300000,1
1531163563119,1531163563114,4261846,0.02069200,0.31000000,1
1531163569548,1531163569542,4261847,0.02069300,0.00500000,1
1531163569828,1531163569822,4261848,0.02069300,2.01600000,1
1531163569828,1531163569822,4261849,0.02069200,28.66200000,1
1531163571312,1531163571307,4261850,0.02069200,0.00500000,0
1531163571312,1531163571307,4261851,0.02072300,0.04400000,0
1531163579052,1531163579048,4261852,0.02068500,0.15200000,1
1531163579052,1531163579048,4261853,0.02068400,15.43500000,1
1531163587327,1531163587321,4261854,0.02068400,0.25500000,1
1531163587354,1531163587349,4261855,0.02068400,0.61400000,1
1531163603964,1531163603959,4261856,0.02068400,0.97400000,1
1531163622291,1531163622288,4261857,0.02068400,0.91100000,1
1531163646070,1531163646065,4261858,0.02068400,0.04900000,1
1531163672017,1531163672011,4261859,0.02070200,0.95700000,0
1531163672027,1531163672021,4261860,0.02068400,0.60400000,1
1531163691858,1531163691852,4261861,0.02067400,0.59700000,1
1531163691873,1531163691867,4261862,0.02067400,0.60200000,1
1531163711221,1531163711218,4261863,0.02070000,0.05000000,0
1531163718768,1531163718763,4261864,0.02069800,0.59900000,0
1531163718785,1531163718778,4261865,0.02067400,0.67400000,1
1531163718809,1531163718805,4261866,0.02067400,0.30100000,1
1531163733853,1531163733848,4261867,0.02069900,2.40100000,0
1531163733867,1531163733860,4261868,0.02067500,0.81200000,1
1531163753653,1531163753648,4261869,0.02069700,0.80400000,0
1531163753662,1531163753658,4261870,0.02067500,0.45300000,1
1531163753685,1531163753680,4261871,0.02067500,0.30600000,1
1531163776125,1531163776121,4261872,0.02067500,0.37500000,1
1531163776143,1531163776138,4261873,0.02067500,0.14600000,1
1531163804477,1531163804470,4261874,0.02069900,0.05500000,0
1531163804489,1531163804484,4261875,0.02067500,0.17500000,1
1531163804511,1531163804508,4261876,0.02067500,0.04900000,1
1531163813985,1531163813980,4261877,0.02067500,0.12000000,1
1531163820399,1531163820394,4261878,0.02067500,0.79500000,1
1531163820421,1531163820415,4261879,0.02067500,0.39000000,1
1531163821087,1531163821084,4261880,0.02067500,0.12000000,0
1531163870439,1531163870431,4261881,0.02072400,0.12200000,0
1531163870439,1531163870431,4261882,0.02072500,1.41300000,0
1531163870439,1531163870431,4261883,0.02074500,0.25100000,0
1531163870439,1531163870431,4261884,0.02075400,1.24900000,0
1531163870439,1531163870431,4261885,0.02075600,1.11100000,0
1531163870439,1531163870431,4261886,0.02077100,0.10000000,0
1531163870439,1531163870431,4261887,0.02077400,3.20100000,0
1531163870439,1531163870431,4261888,0.02077500,0.27000000,0
1531163870439,1531163870431,4261889,0.02079800,1.50000000,0
1531163870439,1531163870431,4261890,0.02079900,27.50000000,0
1531163870462,1531163870456,4261891,0.02080000,1.53900000,1
1531163870495,1531163870493,4261892,0.02080000,0.37000000,1
1531163870701,1531163870696,4261893,0.02080000,0.05200000,1
1531163870745,1531163870740,4261894,0.02080000,0.96000000,1
1531163870798,1531163870793,4261895,0.02080000,0.19000000,1
1531163871087,1531163871082,4261896,0.02080000,43.46500000,1
1531163871148,1531163871145,4261897,0.02080000,6.60000000,1
1531163871171,1531163871167,4261898,0.02080000,0.96000000,1
1531163871179,1531163871173,4261899,0.02080000,1.14000000,1
1531163871239,1531163871233,4261900,0.02080000,1.49100000,1
1531163871260,1531163871255,4261901,0.02080000,1.24700000,1
1531163871519,1531163871514,4261902,0.02072500,0.09800000,1
1531163871519,1531163871514,4261903,0.02072400,0.00200000,1
1531163872117,1531163872111,4261904,0.02072400,0.50000000,1
1531163873334,1531163873327,4261905,0.02079900,0.43500000,0
1531163873334,1531163873327,4261906,0.02080000,0.06500000,0
1531163873856,1531163873850,4261907,0.02080000,0.50000000,0
1531163874639,1531163874632,4261908,0.02072600,0.31900000,1
1531163874639,1531163874632,4261909,0.02072400,0.09400000,1
1531163915503,1531163915497,4261910,0.02078900,0.05900000,0
1531163943287,1531163943285,4261911,0.02078300,0.07200000,0
1531163946044,1531163946037,4261912,0.02075000,1.57500000,1
1531163946194,1531163946187,4261913,0.02075000,0.99000000,1
1531163956114,1531163956110,4261914,0.02077900,0.04900000,0
1531163970470,1531163970465,4261915,0.02075100,0.19400000,1
1531163970491,1531163970485,4261916,0.02075100,0.26800000,1
1531163984207,1531163984202,4261917,0.02076300,0.53300000,0
1531163984224,1531163984220,4261918,0.02075200,0.24600000,1
1531164006000,1531164005998,4261919,0.02075200,1.10400000,1
1531164006000,1531164005998,4261920,0.02075100,0.34600000,1
1531164018202,1531164018197,4261921,0.02075100,0.12800000,1
1531164047967,1531164047960,4261922,0.02075200,0.41000000,1
1531164052248,1531164052243,4261923,0.02075500,0.91800000,0
1531164052256,1531164052251,4261924,0.02075200,0.01100000,1
1531164053115,1531164053109,4261925,0.02075200,0.40900000,0
1531164054109,1531164054104,4261926,0.02076000,0.13200000,0
1531164054156,1531164054153,4261927,0.02075100,0.18800000,1
1531164064244,1531164064238,4261928,0.02075100,1.63000000,1
1531164066625,1531164066618,4261929,0.02075100,1.32500000,1
1531164084947,1531164084944,4261930,0.02075200,0.04900000,1
1531164084947,1531164084944,4261931,0.02075100,0.04300000,1
1531164085963,1531164085959,4261932,0.02075100,0.09200000,1
1531164086965,1531164086960,4261933,0.02075100,0.09200000,1
1531164087972,1531164087966,4261934,0.02075100,0.09200000,1
1531164088282,1531164088275,4261935,0.02075100,0.09200000,1
1531164096028,1531164096022,4261936,0.02075100,0.04900000,1
1531164100641,1531164100634,4261937,0.02075100,0.13400000,1
1531164101019,1531164101014,4261938,0.02075100,0.13400000,1
1531164102020,1531164102013,4261939,0.02075100,0.13400000,1
1531164102858,1531164102854,4261940,0.02075100,0.13400000,1
1531164103159,1531164103153,4261941,0.02075100,0.13400000,1
1531164112080,1531164112074,4261942,0.02075200,0.71200000,1
1531164114278,1531164114272,4261943,0.02075100,0.32000000,1
1531164124896,1531164124891,4261944,0.02076200,2.35900000,0
1531164124906,1531164124899,4261945,0.02075200,0.84700000,1
1531164135866,1531164135862,4261946,0.02075200,0.17100000,1
1531164146657,1531164146655,4261947,0.02075300,0.86100000,1
1531164146657,1531164146655,4261948,0.02075200,5.30300000,1
1531164146657,1531164146655,4261949,0.02075100,3.71500000,1
1531164157649,1531164157647,4261950,0.02077200,0.15400000,0
1531164158014,1531164158010,4261951,0.02075100,1.82000000,1
1531164163113,1531164163106,4261952,0.02076800,0.13100000,0
1531164164340,1531164164332,4261953,0.02077700,0.60200000,0
1531164168731,1531164168725,4261954,0.02075200,0.96900000,1
1531164168748,1531164168742,4261955,0.02075200,0.77700000,1
1531164185572,1531164185566,4261956,0.02076900,0.41200000,0
1531164185582,1531164185576,4261957,0.02075300,0.32100000,1
1531164185609,1531164185605,4261958,0.02075300,0.21600000,1
1531164188197,1531164188193,4261959,0.02078500,0.05200000,0
1531164230099,1531164230093,4261960,0.02078600,1.32900000,0
1531164230099,1531164230093,4261961,0.02078700,0.53000000,0
1531164230099,1531164230093,4261962,0.02079900,2.54000000,0
1531164261452,1531164261446,4261963,0.02075500,1.45900000,1
1531164294535,1531164294530,4261964,0.02075400,0.66500000,1
1531164294554,1531164294548,4261965,0.02075400,0.69700000,1
1531164321454,1531164321448,4261966,0.02075400,0.54500000,1
1531164338993,1531164338988,4261967,0.02077500,0.04900000,0
1531164350043,1531164350040,4261968,0.02075500,0.98300000,1
1531164350043,1531164350040,4261969,0.02075400,0.46000000,1
1531164350043,1531164350040,4261970,0.02075300,0.90400000,1
1531164350043,1531164350040,4261971,0.02075200,1.99400000,1
1531164372617,1531164372613,4261972,0.02076400,0.21000000,0
1531164372632,1531164372627,4261973,0.02075300,0.57700000,1
1531164372652,1531164372645,4261974,0.02075300,0.13200000,1
1531164376649,1531164376643,4261975,0.02075200,4.19300000,1
1531164376649,1531164376643,4261976,0.02075100,4.17300000,1
1531164376649,1531164376643,4261977,0.02074600,0.05800000,1
1531164376649,1531164376643,4261978,0.02072400,22.19500000,1
1531164400365,1531164400360,4261979,0.02076900,0.03600000,0
1531164401099,1531164401094,4261980,0.02072600,0.38800000,1
1531164401124,1531164401117,4261981,0.02072600,0.45500000,1
1531164404213,1531164404208,4261982,0.02076900,0.03600000,0
1531164429027,1531164429019,4261983,0.02078400,14.36700000,0
1531164429027,1531164429019,4261984,0.02078500,1.33500000,0
1531164429027,1531164429019,4261985,0.02078600,0.10400000,0
1531164429027,1531164429019,4261986,0.02079600,5.21600000,0
1531164429027,1531164429019,4261987,0.02080000,2.68700000,0
1531164429027,1531164429019,4261988,0.02080200,0.43100000,0
1531164429027,1531164429019,4261989,0.02080500,0.39900000,0
1531164429027,1531164429019,4261990,0.02081000,0.11700000,0
1531164429027,1531164429019,4261991,0.02081400,0.53200000,0
1531164429027,1531164429019,4261992,0.02081700,0.07200000,0
1531164429027,1531164429019,4261993,0.02082000,1.03600000,0
1531164429963,1531164429958,4261994,0.02082000,0.01100000,0
1531164430053,1531164430052,4261995,0.02082000,0.01100000,0
1531164436627,1531164436622,4261996,0.02072900,1.74600000,1
1531164436627,1531164436622,4261997,0.02072100,3.22400000,1
1531164440134,1531164440128,4261998,0.02071400,0.73000000,1
1531164456684,1531164456678,4261999,0.02074400,1.87300000,0
1531164456694,1531164456688,4262000,0.02071500,0.94500000,1
1531164463179,1531164463177,4262001,0.02076900,1.00000000,1
1531164485038,1531164485032,4262002,0.02073500,0.62600000,0
1531164485050,1531164485044,4262003,0.02071500,0.24000000,1
1531164490923,1531164490918,4262004,0.02071500,0.13900000,1
1531164490942,1531164490937,4262005,0.02071500,0.96900000,1
1531164507238,1531164507233,4262006,0.02076000,0.00400000,0
1531164518352,1531164518346,4262007,0.02075400,0.08800000,1
1531164519859,1531164519855,4262008,0.02075400,0.07500000,1
1531164521338,1531164521331,4262009,0.02075400,0.06400000,1
1531164522192,1531164522185,4262010,0.02075400,0.42800000,1
1531164522790,1531164522785,4262011,0.02075400,0.05400000,1
1531164524008,1531164524002,4262012,0.02075800,0.00900000,0
1531164524043,1531164524038,4262013,0.02075400,0.01800000,1
1531164526237,1531164526232,4262014,0.02075300,0.05900000,1
1531164535227,1531164535223,4262015,0.02076900,0.05200000,0
1531164536280,1531164536279,4262016,0.02076800,0.05200000,0
1531164572026,1531164572021,4262017,0.02073700,0.53900000,0
1531164572040,1531164572034,4262018,0.02071100,0.23700000,1
1531164594638,1531164594634,4262019,0.02071100,0.04900000,1
1531164600897,1531164600891,4262020,0.02071100,0.35500000,1
1531164600897,1531164600891,4262021,0.02071000,0.05800000,1
1531164600897,1531164600891,4262022,0.02070100,8.00000000,1
1531164610690,1531164610686,4262023,0.02074900,0.05200000,0
1531164623946,1531164623940,4262024,0.02073900,0.37000000,0
1531164638966,1531164638962,4262025,0.02070100,0.06300000,1
1531164638966,1531164638962,4262026,0.02070000,1.40000000,1
1531164638966,1531164638962,4262027,0.02069700,8.00000000,1
1531164639262,1531164639255,4262028,0.02069600,0.30400000,1
1531164640263,1531164640256,4262029,0.02069600,0.09700000,1
1531164640263,1531164640256,4262030,0.02069400,0.07200000,1
1531164640263,1531164640256,4262031,0.02067800,0.04900000,1
1531164640263,1531164640256,4262032,0.02067500,0.08600000,1
1531164641272,1531164641268,4262033,0.02067500,0.30400000,1
1531164641578,1531164641572,4262034,0.02067500,0.30400000,1
1531164641885,1531164641883,4262035,0.02067500,0.30400000,1
1531164653923,1531164653917,4262036,0.02067500,0.09600000,1
1531164663679,1531164663674,4262037,0.02067500,0.04900000,1
1531164669709,1531164669705,4262038,0.02067600,0.52300000,1
1531164669719,1531164669715,4262039,0.02067600,0.83600000,1
1531164687237,1531164687232,4262040,0.02071500,0.90700000,0
1531164693434,1531164693428,4262041,0.02072100,0.09600000,0
1531164701509,1531164701505,4262042,0.02071000,0.00600000,0
1531164771111,1531164771104,4262043,0.02067600,0.40300000,1
1531164771111,1531164771104,4262044,0.02067500,9.88600000,1
1531164771111,1531164771104,4262045,0.02067400,8.74000000,1
1531164778810,1531164778807,4262046,0.02067500,0.89000000,1
1531164778810,1531164778807,4262047,0.02067400,8.95100000,1
1531164785002,1531164784997,4262048,0.02068900,0.84300000,0
1531164785012,1531164785007,4262049,0.02067600,0.46300000,1
1531164785035,1531164785030,4262050,0.02067600,0.53400000,1
1531164790511,1531164790506,4262051,0.02067500,0.50000000,1
1531164802175,1531164802172,4262052,0.02067600,0.04900000,1
1531164806826,1531164806821,4262053,0.02070300,0.03600000,0
1531164811294,1531164811288,4262054,0.02067600,0.44500000,1
1531164811314,1531164811307,4262055,0.02067600,0.93700000,1
1531164815548,1531164815542,4262056,0.02067500,7.50000000,1
1531164815548,1531164815542,4262057,0.02067300,0.14500000,1
1531164815548,1531164815542,4262058,0.02067100,3.92100000,1
1531164821414,1531164821411,4262059,0.02072700,0.03600000,0
1531164831902,1531164831897,4262060,0.02068200,1.77900000,0
1531164831910,1531164831904,4262061,0.02066700,0.83800000,1
1531164857618,1531164857612,4262062,0.02068100,4.90900000,0
1531164857640,1531164857637,4262063,0.02066700,2.47900000,1
1531164886721,1531164886715,4262064,0.02066700,6.33900000,1
1531164906668,1531164906662,4262065,0.02066700,6.59400000,1
1531164911828,1531164911827,4262066,0.02066700,9.11000000,1
1531164913389,1531164913385,4262067,0.02066700,4.24000000,1
1531164913418,1531164913411,4262068,0.02066700,1.95700000,0
1531164937516,1531164937509,4262069,0.02066700,0.00100000,0
1531164937516,1531164937509,4262070,0.02069600,0.05100000,0
1531164980251,1531164980245,4262071,0.02067300,11.08200000,1
1531164985432,1531164985425,4262072,0.02067300,14.44800000,1
1531164990835,1531164990829,4262073,0.02067300,1.20900000,1
1531164992047,1531164992044,4262074,0.02067300,8.75000000,1
1531164993139,1531164993133,4262075,0.02067300,0.05200000,1
1531165003811,1531165003807,4262076,0.02067300,6.45900000,1
1531165030436,1531165030432,4262077,0.02067300,14.00000000,1
1531165037610,1531165037608,4262078,0.02066700,5.46600000,1
1531165040635,1531165040630,4262079,0.02066700,1.49700000,1
1531165045792,1531165045786,4262080,0.02066600,0.07900000,1
1531165067075,1531165067070,4262081,0.02066400,0.14800000,0
1531165067075,1531165067070,4262082,0.02066500,4.42100000,0
1531165067444,1531165067438,4262083,0.02067300,5.68800000,1
1531165067574,1531165067570,4262084,0.02067300,0.23000000,1
1531165067848,1531165067845,4262085,0.02067300,0.27000000,1
1531165068152,1531165068147,4262086,0.02067800,0.27000000,0
1531165075130,1531165075124,4262087,0.02067300,0.05200000,1
1531165079807,1531165079800,4262088,0.02067800,0.48000000,1
1531165083453,1531165083448,4262089,0.02068600,8.74200000,0
1531165083467,1531165083462,4262090,0.02069500,5.71600000,0
1531165083491,1531165083485,4262091,0.02069500,5.39700000,0
1531165086969,1531165086965,4262092,0.02067800,0.00300000,1
1531165086969,1531165086965,4262093,0.02067300,1.47200000,1
1531165108337,1531165108333,4262094,0.02067300,2.26000000,1
1531165110078,1531165110072,4262095,0.02067300,2.45900000,1
1531165110078,1531165110072,4262096,0.02065700,0.24800000,1
1531165110078,1531165110072,4262097,0.02064000,1.40000000,1
1531165117526,1531165117523,4262098,0.02070400,0.46800000,0
1531165125330,1531165125324,4262099,0.02070400,0.04900000,0
1531165137999,1531165137992,4262100,0.02070000,0.60700000,0
1531165201854,1531165201848,4262101,0.02069500,0.14000000,0
1531165207052,1531165207047,4262102,0.02069500,0.04900000,0
1531165216831,1531165216827,4262103,0.02069600,0.46400000,0
1531165216831,1531165216827,4262104,0.02069700,0.53600000,0
1531165245053,1531165245046,4262105,0.02067400,1.15900000,0
1531165245064,1531165245057,4262106,0.02070700,0.79500000,0
1531165265137,1531165265134,4262107,0.02070400,0.05200000,0
1531165266248,1531165266242,4262108,0.02070400,0.05200000,0
1531165270192,1531165270187,4262109,0.02070200,0.06000000,0
1531165280053,1531165280046,4262110,0.02064100,0.70000000,1
1531165280182,1531165280174,4262111,0.02064100,0.96700000,1
1531165280415,1531165280410,4262112,0.02064100,0.08800000,1
1531165280584,1531165280579,4262113,0.02064100,0.05200000,0
1531165280911,1531165280906,4262114,0.02064100,1.15900000,0
1531165281402,1531165281396,4262115,0.02064100,0.00200000,0
1531165281402,1531165281396,4262116,0.02070000,0.03200000,0
1531165326343,1531165326337,4262117,0.02067700,0.72500000,0
1531165333620,1531165333614,4262118,0.02064000,0.11000000,1
1531165333639,1531165333630,4262119,0.02064000,0.00900000,1
1531165333639,1531165333630,4262120,0.02063200,0.07200000,1
1531165333639,1531165333630,4262121,0.02062500,0.40300000,1
1531165333639,1531165333630,4262122,0.02062400,0.04900000,1
1531165333753,1531165333748,4262123,0.02062400,0.11000000,0
1531165334369,1531165334363,4262124,0.02062500,0.32000000,0
1531165334401,1531165334397,4262125,0.02064000,0.31900000,0
1531165334450,1531165334443,4262126,0.02064000,0.39100000,0
1531165390894,1531165390887,4262127,0.02067300,1.34400000,0
1531165393280,1531165393272,4262128,0.02067100,0.04900000,0
1531165411570,1531165411565,4262129,0.02067400,0.51000000,0
1531165427534,1531165427529,4262130,0.02067100,0.25000000,1
1531165488608,1531165488602,4262131,0.02067100,0.25800000,1
1531165500478,1531165500473,4262132,0.02066900,0.11300000,0
1531165501270,1531165501263,4262133,0.02066900,0.10300000,0
1531165503678,1531165503672,4262134,0.02066900,0.19500000,0
1531165524158,1531165524154,4262135,0.02067100,0.00500000,1
1531165524158,1531165524154,4262136,0.02062700,1.44500000,1
1531165524158,1531165524154,4262137,0.02062600,10.23900000,1
1531165533730,1531165533723,4262138,0.02063800,0.10000000,0
1531165539513,1531165539512,4262139,0.02066900,0.48400000,0
1531165597008,1531165597001,4262140,0.02062900,0.49500000,1
1531165597287,1531165597281,4262141,0.02062900,0.40500000,0
1531165627724,1531165627717,4262142,0.02066800,1.45600000,0
1531165627724,1531165627717,4262143,0.02066900,0.09700000,0
1531165627724,1531165627717,4262144,0.02067200,0.40200000,0
1531165627724,1531165627717,4262145,0.02067700,24.52800000,0
1531165640093,1531165640089,4262146,0.02067500,0.50300000,0
1531165640116,1531165640113,4262147,0.02067500,0.04900000,0
1531165650258,1531165650251,4262148,0.02067500,0.45400000,0
1531165650275,1531165650268,4262149,0.02067500,0.32500000,0
1531165660265,1531165660261,4262150,0.02067500,0.09700000,0
1531165663274,1531165663267,4262151,0.02071700,0.09400000,0
1531165676019,1531165676012,4262152,0.02067200,1.21100000,0
1531165676035,1531165676029,4262153,0.02071600,0.58100000,0
1531165692249,1531165692243,4262154,0.02063900,0.31300000,1
1531165692249,1531165692243,4262155,0.02062400,0.16300000,1
1531165692249,1531165692243,4262156,0.02062300,0.10700000,1
1531165692249,1531165692243,4262157,0.02061800,8.96400000,1
1531165703515,1531165703509,4262158,0.02061500,0.04800000,1
1531165707863,1531165707859,4262159,0.02069900,0.03600000,0
1531165708922,1531165708917,4262160,0.02069800,6.65200000,0
1531165713729,1531165713722,4262161,0.02069600,4.95000000,0
1531165714985,1531165714965,4262162,0.02069600,0.05300000,0
1531165722309,1531165722302,4262163,0.02069300,1.23800000,0
1531165723448,1531165723442,4262164,0.02061600,0.31400000,1
1531165723448,1531165723442,4262165,0.02061500,1.42100000,1
1531165724238,1531165724236,4262166,0.02061500,0.74000000,0
1531165724295,1531165724288,4262167,0.02061500,14.51300000,0
1531165729429,1531165729422,4262168,0.02069000,0.31000000,0
1531165731026,1531165731020,4262169,0.02068900,0.15000000,0
1531165731293,1531165731289,4262170,0.02061400,0.00400000,1
1531165736626,1531165736620,4262171,0.02068600,0.07700000,0
1531165738215,1531165738210,4262172,0.02068500,0.03600000,0
1531165743645,1531165743639,4262173,0.02068500,0.01900000,0
1531165748617,1531165748611,4262174,0.02068300,0.00700000,0
1531165758145,1531165758139,4262175,0.02061500,0.31500000,1
1531165758145,1531165758139,4262176,0.02061400,0.08100000,1
1531165758145,1531165758139,4262177,0.02061300,1.03100000,1
1531165758145,1531165758139,4262178,0.02061200,7.56500000,1
1531165790875,1531165790867,4262179,0.02061100,1.22700000,1
1531165790875,1531165790867,4262180,0.02061000,3.27500000,1
1531165790875,1531165790867,4262181,0.02060900,0.40300000,1
1531165790875,1531165790867,4262182,0.02060800,1.28900000,1
1531165790875,1531165790867,4262183,0.02060700,8.60300000,1
1531165794535,1531165794529,4262184,0.02065500,1.34600000,0
1531165794535,1531165794529,4262185,0.02067900,3.65400000,0
1531165809908,1531165809905,4262186,0.02060800,0.05000000,1
1531165941326,1531165941320,4262187,0.02062700,0.05000000,0
1531165942399,1531165942393,4262188,0.02063000,0.05600000,0
1531165959590,1531165959587,4262189,0.02062900,0.64000000,0
1531165988318,1531165988312,4262190,0.02062900,0.55000000,0
1531165999775,1531165999770,4262191,0.02062900,0.46800000,0
1531166020868,1531166020863,4262192,0.02061900,1.33200000,0
1531166020880,1531166020874,4262193,0.02062900,0.04900000,0
1531166020898,1531166020894,4262194,0.02062900,0.55600000,0
1531166045294,1531166045288,4262195,0.02062900,0.05200000,0
1531166046370,1531166046367,4262196,0.02062900,0.05200000,0
1531166050164,1531166050157,4262197,0.02061900,0.93000000,0
1531166050178,1531166050172,4262198,0.02062900,0.35200000,0
1531166050349,1531166050343,4262199,0.02062900,0.10400000,1
1531166067114,1531166067109,4262200,0.02063000,0.05300000,0
1531166078620,1531166078613,4262201,0.02060900,0.08000000,1
1531166081821,1531166081815,4262202,0.02062900,0.77600000,0
1531166091990,1531166091986,4262203,0.02062900,0.05300000,0
1531166093042,1531166093036,4262204,0.02062900,0.05300000,0
1531166098197,1531166098190,4262205,0.02062900,0.70700000,0
1531166098224,1531166098219,4262206,0.02062900,0.67700000,0
1531166098360,1531166098355,4262207,0.02062900,0.10500000,1
1531166116866,1531166116861,4262208,0.02062900,0.05000000,0
1531166116881,1531166116876,4262209,0.02062900,0.64600000,0
1531166119358,1531166119352,4262210,0.02062900,0.18800000,1
1531166125244,1531166125239,4262211,0.02062900,0.13600000,0
1531166125262,1531166125255,4262212,0.02062900,0.93900000,0
1531166127123,1531166127114,4262213,0.02060400,0.11400000,1
1531166127123,1531166127114,4262214,0.02060200,0.09800000,1
1531166127123,1531166127114,4262215,0.02060000,0.69900000,1
1531166127123,1531166127114,4262216,0.02059200,0.09800000,1
1531166127123,1531166127114,4262217,0.02059100,0.04900000,1
1531166127123,1531166127114,4262218,0.02058500,0.09800000,1
1531166127123,1531166127114,4262219,0.02058400,2.91500000,1
1531166127123,1531166127114,4262220,0.02058100,4.80300000,1
1531166127123,1531166127114,4262221,0.02058000,1.00100000,1
1531166128111,1531166128106,4262222,0.02063000,0.02100000,0
1531166128111,1531166128106,4262223,0.02063300,0.17900000,0
1531166138357,1531166138352,4262224,0.02062900,0.30000000,1
1531166150396,1531166150391,4262225,0.02058000,0.48400000,1
1531166197478,1531166197472,4262226,0.02061300,0.13200000,0
1531166198586,1531166198578,4262227,0.02061200,0.13200000,0
1531166224652,1531166224645,4262228,0.02058100,0.12500000,1
1531166224652,1531166224645,4262229,0.02058000,1.22400000,1
1531166224652,1531166224645,4262230,0.02057900,0.14400000,1
1531166224652,1531166224645,4262231,0.02057300,0.21900000,1
1531166224652,1531166224645,4262232,0.02056600,0.25800000,1
1531166224652,1531166224645,4262233,0.02056500,5.56500000,1
1531166241224,1531166241219,4262234,0.02059200,0.09600000,0
1531166251726,1531166251720,4262235,0.02059200,0.05300000,0
1531166289840,1531166289833,4262236,0.02056900,0.04900000,1
1531166289840,1531166289833,4262237,0.02056800,0.58500000,1
1531166289840,1531166289833,4262238,0.02056700,0.53600000,1
1531166289840,1531166289833,4262239,0.02056600,0.48800000,1
1531166289840,1531166289833,4262240,0.02056500,1.97000000,1
1531166289840,1531166289833,4262241,0.02055300,0.05700000,1
1531166289840,1531166289833,4262242,0.02055100,0.15600000,1
1531166307090,1531166307088,4262243,0.02058100,0.11200000,0
1531166307234,1531166307229,4262244,0.02058100,0.47900000,0
1531166308151,1531166308148,4262245,0.02058100,0.11200000,0
1531166314098,1531166314090,4262246,0.02061100,0.04900000,0
1531166314124,1531166314121,4262247,0.02061100,0.14600000,0
1531166357200,1531166357190,4262248,0.02055200,0.40400000,1
1531166357200,1531166357190,4262249,0.02055100,0.16600000,1
1531166357200,1531166357190,4262250,0.02054900,0.09800000,1
1531166357200,1531166357190,4262251,0.02054700,0.13000000,1
1531166357200,1531166357190,4262252,0.02054400,0.84100000,1
1531166357200,1531166357190,4262253,0.02054100,0.09800000,1
1531166357200,1531166357190,4262254,0.02054000,0.04900000,1
1531166357200,1531166357190,4262255,0.02053800,0.17800000,1
1531166357200,1531166357190,4262256,0.02053600,0.89000000,1
1531166357200,1531166357190,4262257,0.02053000,0.05100000,1
1531166357200,1531166357190,4262258,0.02052900,0.04900000,1
1531166357200,1531166357190,4262259,0.02052700,0.10200000,1
1531166357200,1531166357190,4262260,0.02052500,0.05000000,1
1531166357200,1531166357190,4262261,0.02052000,1.54900000,1
1531166377608,1531166377602,4262262,0.02059600,0.07300000,0
1531166377792,1531166377786,4262263,0.02052100,0.24700000,1
1531166378671,1531166378668,4262264,0.02052100,0.05000000,0
1531166383352,1531166383347,4262265,0.02052100,0.05000000,1
1531166395682,1531166395675,4262266,0.02058400,0.05300000,0
1531166418888,1531166418882,4262267,0.02052300,0.05000000,1
1531166419584,1531166419578,4262268,0.02057900,0.07000000,0
1531166429942,1531166429934,4262269,0.02052100,0.01600000,1
1531166451097,1531166451089,4262270,0.02052200,0.30900000,1
1531166451097,1531166451089,4262271,0.02052100,0.03400000,1
1531166451097,1531166451089,4262272,0.02051900,0.30500000,1
1531166451097,1531166451089,4262273,0.02051800,0.09800000,1
1531166451097,1531166451089,4262274,0.02051400,0.09800000,1
1531166451097,1531166451089,4262275,0.02051100,4.14800000,1
1531166451097,1531166451089,4262276,0.02050900,0.06700000,1
1531166451097,1531166451089,4262277,0.02050700,0.04900000,1
1531166451097,1531166451089,4262278,0.02050300,1.40600000,1
1531166451384,1531166451378,4262279,0.02050300,0.03700000,1
1531166460282,1531166460275,4262280,0.02050500,0.00300000,1
1531166477421,1531166477416,4262281,0.02050300,0.29900000,1
1531166487698,1531166487693,4262282,0.02055900,0.48600000,0
1531166516843,1531166516837,4262283,0.02054300,0.09600000,0
1531166534316,1531166534310,4262284,0.02055600,0.10700000,0
1531166535420,1531166535419,4262285,0.02055600,0.10700000,0
1531166569134,1531166569128,4262286,0.02054600,0.05300000,0
1531166570660,1531166570658,4262287,0.02054600,0.02600000,0
1531166572059,1531166572055,4262288,0.02054600,0.01600000,0
1531166572059,1531166572055,4262289,0.02054700,0.01100000,0
1531166588861,1531166588855,4262290,0.02055600,0.14800000,0
1531166591381,1531166591375,4262291,0.02055600,0.03600000,0
1531166602707,1531166602704,4262292,0.02055300,0.03700000,0
1531166607652,1531166607646,4262293,0.02055300,0.05300000,0
1531166614651,1531166614645,4262294,0.02055500,0.00400000,0
1531166615114,1531166615107,4262295,0.02050800,0.10700000,1
1531166623814,1531166623807,4262296,0.02051000,0.10000000,1
1531166626134,1531166626128,4262297,0.02055400,0.05500000,0
1531166633936,1531166633932,4262298,0.02055100,0.10000000,0
1531166754958,1531166754952,4262299,0.02055000,0.14300000,0
1531166779140,1531166779132,4262300,0.02055300,0.63100000,0
1531166779485,1531166779480,4262301,0.02055300,0.28200000,1
1531166789700,1531166789694,4262302,0.02053300,0.65100000,0
1531166789711,1531166789711,4262303,0.02055300,0.65600000,0
1531166789732,1531166789725,4262304,0.02055300,0.23800000,0
1531166800782,1531166800777,4262305,0.02055300,0.63200000,0
1531166800807,1531166800801,4262306,0.02055300,0.48900000,0
1531166824952,1531166824945,4262307,0.02051400,0.49600000,1
1531166824952,1531166824945,4262308,0.02051300,0.02400000,1
1531166825050,1531166825044,4262309,0.02053300,1.04700000,0
1531166825056,1531166825053,4262310,0.02055300,0.45400000,0
1531166825074,1531166825069,4262311,0.02055300,0.48800000,0
1531166827134,1531166827130,4262312,0.02055300,0.51900000,0
1531166836562,1531166836559,4262313,0.02053300,1.68500000,0
1531166836575,1531166836569,4262314,0.02055200,0.08500000,0
1531166836588,1531166836582,4262315,0.02055200,0.85000000,0
1531166845983,1531166845978,4262316,0.02055400,0.02100000,0
1531166861617,1531166861616,4262317,0.02055300,0.02200000,0
1531166862384,1531166862379,4262318,0.02053400,0.96600000,0
1531166862399,1531166862392,4262319,0.02055300,0.55300000,0
1531166874686,1531166874682,4262320,0.02055400,0.23900000,0
1531166887546,1531166887542,4262321,0.02055400,0.13000000,1
1531166887643,1531166887637,4262322,0.02055600,0.96800000,0
1531166887656,1531166887651,4262323,0.02055900,0.36800000,0
1531166887671,1531166887665,4262324,0.02055300,0.02100000,1
1531166897533,1531166897527,4262325,0.02055200,0.89700000,0
1531166897549,1531166897544,4262326,0.02055300,0.55200000,0
1531166908766,1531166908761,4262327,0.02056100,0.35900000,0
1531166908786,1531166908781,4262328,0.02055300,0.02000000,1
1531166942947,1531166942941,4262329,0.02055200,0.45000000,0
1531166942947,1531166942941,4262330,0.02055300,0.27800000,0
1531166949242,1531166949237,4262331,0.02055300,0.27300000,0
1531166949491,1531166949489,4262332,0.02055300,0.29700000,1
1531166969076,1531166969071,4262333,0.02055000,0.96900000,0
1531166970103,1531166970097,4262334,0.02055000,0.96900000,0
1531166992253,1531166992250,4262335,0.02054900,0.91500000,0
1531166992270,1531166992266,4262336,0.02054900,0.25100000,0
1531167006527,1531167006523,4262337,0.02054900,0.83400000,0
1531167024129,1531167024122,4262338,0.02055000,3.06200000,0
1531167024129,1531167024122,4262339,0.02055400,0.63200000,0
1531167024129,1531167024122,4262340,0.02056100,22.98000000,0
1531167029734,1531167029727,4262341,0.02054900,0.81200000,0
1531167029773,1531167029753,4262342,0.02054900,0.69800000,0
1531167039767,1531167039760,4262343,0.02057500,0.24400000,0
1531167039767,1531167039760,4262344,0.02057800,0.13000000,0
1531167039767,1531167039760,4262345,0.02058000,6.49700000,0
1531167045252,1531167045246,4262346,0.02059000,0.13500000,0
1531167047622,1531167047616,4262347,0.02052300,1.30200000,1
1531167047622,1531167047616,4262348,0.02052200,0.31100000,1
1531167047622,1531167047616,4262349,0.02052000,1.40000000,1
