event_time,trade_time,trade_id,price,quantity,maker
1531160276465,1531160276459,1676471,0.00009560,444.72000000,1
1531160276465,1531160276459,1676472,0.00009550,455.84000000,1
1531160276472,1531160276459,1676473,0.00009550,520.09000000,1
1531160276472,1531160276459,1676474,0.00009540,797.90000000,1
1531160276472,1531160276459,1676475,0.00009530,548.00000000,1
1531160276472,1531160276459,1676476,0.00009520,2504.24000000,1
1531160276472,1531160276459,1676477,0.00009510,3927.27000000,1
1531160276472,1531160276459,1676478,0.00009510,14.36000000,1
1531160276503,1531160276500,1676479,0.00009530,16.68000000,0
1531160276512,1531160276509,1676480,0.00009530,20.00000000,0
1531160276543,1531160276540,1676481,0.00009530,7.80000000,0
1531160281186,1531160281182,1676482,0.00009530,127.95000000,1
1531160281215,1531160281213,1676483,0.00009520,39.38000000,0
1531160281223,1531160281220,1676484,0.00009520,3.35000000,0
1531160284544,1531160284540,1676485,0.00009530,80.22000000,0
1531160285409,1531160285406,1676486,0.00009530,73.97000000,0
1531160286752,1531160286748,1676487,0.00009540,27.30000000,0
1531160286775,1531160286772,1676488,0.00009540,74.32000000,0
1531160286849,1531160286846,1676489,0.00009540,18.35000000,0
1531160287093,1531160287089,1676490,0.00009540,30.45000000,0
1531160288720,1531160288717,1676491,0.00009510,11.83000000,1
1531160295932,1531160295930,1676492,0.00009510,101.52000000,1
1531160296787,1531160296784,1676493,0.00009510,101.72000000,1
1531160317211,1531160317208,1676494,0.00009540,16.00000000,0
1531160337807,1531160337804,1676495,0.00009520,16.45000000,1
1531160338284,1531160338280,1676496,0.00009520,10.61000000,1
1531160341225,1531160341222,1676497,0.00009520,10.61000000,1
1531160346181,1531160346178,1676498,0.00009530,80.22000000,0
1531160347341,1531160347339,1676499,0.00009530,21.99000000,0
1531160349785,1531160349781,1676500,0.00009530,876.32000000,0
1531160349785,1531160349781,1676501,0.00009540,395.11000000,0
1531160349785,1531160349781,1676502,0.00009550,86.95000000,0
1531160349785,1531160349781,1676503,0.00009560,215.07000000,0
1531160354501,1531160354497,1676504,0.00009570,15.68000000,1
1531160354769,1531160354766,1676505,0.00009580,40.00000000,0
1531160356918,1531160356913,1676506,0.00009580,151.64000000,0
1531160357093,1531160357090,1676507,0.00009580,15.66000000,0
1531160360334,1531160360332,1676508,0.00009580,55.00000000,0
1531160407364,1531160407360,1676509,0.00009580,13.05000000,0
1531160466491,1531160466487,1676510,0.00009580,49.99000000,0
1531160570326,1531160570323,1676511,0.00009580,332.55000000,0
1531160572330,1531160572327,1676512,0.00009590,52.26000000,0
1531160583056,1531160583052,1676513,0.00009580,47.50000000,1
1531160594492,1531160594488,1676514,0.00009590,62.29000000,0
1531160596429,1531160596424,1676515,0.00009590,21.57000000,0
1531160644281,1531160644276,1676516,0.00009590,4.00000000,1
1531160684688,1531160684684,1676517,0.00009590,6.54000000,0
1531160982103,1531160982098,1676518,0.00009590,6295.14000000,1
1531161096762,1531161096758,1676519,0.00009600,530.00000000,0
1531161227426,1531161227422,1676520,0.00009600,74.00000000,0
1531161242238,1531161242234,1676521,0.00009600,50.46000000,0
1531161255061,1531161255056,1676522,0.00009600,37.84000000,0
1531161924134,1531161924131,1676523,0.00009600,600.50000000,0
1531161991628,1531161991624,1676524,0.00009600,64.21000000,1
1531162031658,1531162031653,1676525,0.00009610,129.17000000,0
1531162123882,1531162123878,1676526,0.00009620,10.40000000,0
1531162125142,1531162125138,1676527,0.00009620,67.37000000,1
1531162126444,1531162126439,1676528,0.00009630,78.49000000,0
1531162158401,1531162158397,1676529,0.00009630,7.74000000,0
1531162239920,1531162239914,1676530,0.00009620,145.88000000,1
1531162239920,1531162239914,1676531,0.00009600,1142.19000000,1
1531162239920,1531162239914,1676532,0.00009590,1047.60000000,1
1531162244914,1531162244909,1676533,0.00009590,578.70000000,0
1531162249584,1531162249579,1676534,0.00009600,14.99000000,0
1531162251239,1531162251235,1676535,0.00009600,71.51000000,0
1531162253321,1531162253316,1676536,0.00009600,176.99000000,1
1531162612366,1531162612361,1676537,0.00009600,45.74000000,1
1531162983375,1531162983370,1676538,0.00009630,43.61000000,0
1531163120562,1531163120556,1676539,0.00009600,62.29000000,1
1531163179864,1531163179858,1676540,0.00009600,8.70000000,1
1531163308703,1531163308699,1676541,0.00009590,1000.00000000,1
1531163319417,1531163319412,1676542,0.00009600,2.08000000,0
1531163453644,1531163453638,1676543,0.00009610,86.41000000,0
1531163453644,1531163453638,1676544,0.00009630,17.64000000,0
1531163640801,1531163640796,1676545,0.00009630,17.90000000,0
1531163745001,1531163744997,1676546,0.00009630,10.39000000,0
1531163852229,1531163852222,1676547,0.00009630,44.03000000,0
1531163852229,1531163852222,1676548,0.00009640,79.97000000,0
1531163854772,1531163854766,1676549,0.00009640,0.51000000,0
1531164024737,1531164024731,1676550,0.00009610,51.92000000,1
1531164063194,1531164063189,1676551,0.00009600,57.04000000,1
1531164133426,1531164133420,1676552,0.00009600,124.51000000,1
1531164144960,1531164144955,1676553,0.00009640,409.93000000,0
1531164314593,1531164314587,1676554,0.00009600,0.90000000,1
1531164553389,1531164553387,1676555,0.00009610,104.05000000,0
1531164965731,1531164965725,1676556,0.00009610,22.86000000,0
1531165200976,1531165200969,1676557,0.00009600,377.37000000,1
1531165394583,1531165394577,1676558,0.00009640,28.35000000,0
1531165638340,1531165638334,1676559,0.00009650,10.37000000,0
1531165638340,1531165638334,1676560,0.00009660,36.70000000,0
1531165638340,1531165638334,1676561,0.00009680,33.53000000,0
1531165638340,1531165638334,1676562,0.00009690,121.05000000,0
1531165638340,1531165638334,1676563,0.00009700,81.35000000,0
1531165717372,1531165717366,1676564,0.00009680,149.85000000,1
1531165717514,1531165717509,1676565,0.00009680,199.80000000,1
1531165810607,1531165810601,1676566,0.00009680,30.00000000,1
1531165821444,1531165821437,1676567,0.00009680,120.35000000,1
1531165832689,1531165832684,1676568,0.00009670,49.99000000,1
1531165832956,1531165832955,1676569,0.00009670,35.88000000,1
1531165838579,1531165838573,1676570,0.00009680,841.03000000,0
1531165846260,1531165846255,1676571,0.00009680,51.92000000,1
1531165856784,1531165856778,1676572,0.00009690,49.99000000,0
1531165856784,1531165856778,1676573,0.00009700,137.33000000,0
1531165856784,1531165856778,1676574,0.00009710,452.75000000,0
1531165856817,1531165856816,1676575,0.00009710,13.97000000,1
1531165856906,1531165856902,1676576,0.00009710,13.97000000,1
1531165857819,1531165857815,1676577,0.00009710,233.86000000,1
1531165859965,1531165859957,1676578,0.00009700,85.61000000,1
1531165866106,1531165866101,1676579,0.00009680,15.66000000,1
1531165876469,1531165876466,1676580,0.00009720,78.62000000,0
1531166091993,1531166091988,1676581,0.00009720,102.88000000,0
1531166111276,1531166111270,1676582,0.00009720,121.80000000,0
1531166207830,1531166207824,1676583,0.00009710,161.52000000,0
1531166207830,1531166207824,1676584,0.00009720,38.48000000,0
1531166296504,1531166296497,1676585,0.00009680,85.78000000,1
1531166345334,1531166345327,1676586,0.00009660,305.99000000,1
1531166345868,1531166345867,1676587,0.00009660,70.01000000,0
1531166626498,1531166626494,1676588,0.00009690,16.80000000,0
1531166765676,1531166765675,1676589,0.00009690,68.89000000,0
1531166765676,1531166765675,1676590,0.00009710,34.30000000,0
1531166788675,1531166788669,1676591,0.00009710,307.75000000,0
1531166788711,1531166788708,1676592,0.00009710,80.22000000,1
1531166789054,1531166789050,1676593,0.00009710,127.03000000,1
1531167070349,1531167070343,1676594,0.00009720,82.16000000,0
1531167070349,1531167070343,1676595,0.00009730,53.71000000,0
1531167113709,1531167113703,1676596,0.00009730,191.48000000,0
1531167115625,1531167115620,1676597,0.00009690,15.60000000,1
1531167115726,1531167115720,1676598,0.00009690,70.09000000,1
1531167379886,1531167379882,1676599,0.00009670,85.87000000,1
1531167379886,1531167379882,1676600,0.00009660,168.99000000,1
1531167379886,1531167379882,1676601,0.00009650,229.89000000,1
1531167545215,1531167545209,1676602,0.00009650,40.71000000,1
1531167552727,1531167552721,1676603,0.00009650,53.40000000,1
1531167552746,1531167552739,1676604,0.00009650,20.04000000,0
1531167552748,1531167552742,1676605,0.00009650,20.00000000,0
1531167552768,1531167552765,1676606,0.00009650,20.00000000,0
1531167552773,1531167552769,1676607,0.00009650,20.00000000,0
1531167553159,1531167553156,1676608,0.00009650,44.39000000,0
1531167613089,1531167613085,1676609,0.00009660,20.00000000,0
1531167613114,1531167613109,1676610,0.00009670,20.00000000,0
1531167685341,1531167685335,1676611,0.00009680,103.30000000,0
1531167837724,1531167837717,1676612,0.00009640,34.50000000,1
1531167898488,1531167898482,1676613,0.00009650,142.22000000,1
1531167910516,1531167910510,1676614,0.00009670,127.00000000,0
1531167939432,1531167939426,1676615,0.00009650,109.07000000,1
1531167949436,1531167949430,1676616,0.00009680,398.29000000,0
1531168068778,1531168068770,1676617,0.00009650,214.06000000,1
1531168068778,1531168068770,1676618,0.00009640,566.69000000,1
1531168069461,1531168069454,1676619,0.00009640,13.19000000,0
1531168107115,1531168107110,1676620,0.00009640,170.58000000,0
1531168195849,1531168195843,1676621,0.00009640,67.75000000,1
1531168291836,1531168291830,1676622,0.00009680,645.68000000,0
1531168305274,1531168305269,1676623,0.00009680,52.91000000,0
1531168465656,1531168465651,1676624,0.00009640,15.00000000,1
1531168511178,1531168511174,1676625,0.00009640,16.17000000,0
1531168512255,1531168512248,1676626,0.00009640,66.58000000,0
1531168515514,1531168515508,1676627,0.00009640,82.75000000,1
1531168516205,1531168516203,1676628,0.00009630,153.57000000,0
1531168554216,1531168554210,1676629,0.00009640,82.75000000,0
1531168555390,1531168555383,1676630,0.00009640,72.10000000,1
1531168555390,1531168555383,1676631,0.00009630,676.58000000,1
1531168692534,1531168692529,1676632,0.00009640,15.53000000,1
1531168697571,1531168697565,1676633,0.00009640,15.53000000,1
1531168719225,1531168719221,1676634,0.00009640,51.69000000,1
1531168789030,1531168789025,1676635,0.00009640,100.00000000,0
1531169292115,1531169292111,1676636,0.00009640,27.87000000,0
1531169325822,1531169325816,1676637,0.00009620,155.23000000,1
1531169325822,1531169325816,1676638,0.00009610,135.03000000,1
1531169326236,1531169326230,1676639,0.00009610,43.22000000,0
1531169351162,1531169351157,1676640,0.00009600,164.78000000,1
1531169408291,1531169408286,1676641,0.00009600,42.73000000,1
1531169506430,1531169506424,1676642,0.00009620,10.41000000,0
1531169548703,1531169548698,1676643,0.00009600,540.84000000,1
1531169580274,1531169580269,1676644,0.00009600,258.89000000,1
1531169595266,1531169595261,1676645,0.00009620,10.41000000,0
1531169672638,1531169672632,1676646,0.00009620,62.11000000,0
1531169672638,1531169672632,1676647,0.00009650,196.36000000,0
1531169696137,1531169696133,1676648,0.00009640,82.75000000,0
1531169696137,1531169696133,1676649,0.00009670,20.98000000,0
1531169737988,1531169737981,1676650,0.00009660,116.11000000,0
1531169737988,1531169737981,1676651,0.00009680,245.89000000,0
1531169788339,1531169788333,1676652,0.00009650,103.62000000,0
1531170009986,1531170009982,1676653,0.00009640,32.88000000,0
1531170025297,1531170025295,1676654,0.00009630,1076.40000000,1
1531170027301,1531170027294,1676655,0.00009620,82.93000000,1
1531170029300,1531170029297,1676656,0.00009610,128.27000000,1
1531170045589,1531170045582,1676657,0.00009630,10.40000000,0
1531170154733,1531170154727,1676658,0.00009630,103.84000000,0
1531170161635,1531170161629,1676659,0.00009600,400.02000000,1
1531170161635,1531170161629,1676660,0.00009590,113.48000000,1
1531170211472,1531170211467,1676661,0.00009590,150.00000000,0
1531170211778,1531170211771,1676662,0.00009590,200.00000000,0
1531170214131,1531170214126,1676663,0.00009590,15.69000000,0
1531170307661,1531170307657,1676664,0.00009590,10.42000000,0
1531170526497,1531170526492,1676665,0.00009590,0.02000000,1
1531170530789,1531170530784,1676666,0.00009590,241.77000000,1
1531170591516,1531170591509,1676667,0.00009570,191.88000000,1
1531170591516,1531170591509,1676668,0.00009560,72.86000000,1
1531170591516,1531170591509,1676669,0.00009550,118.78000000,1
1531170593319,1531170593312,1676670,0.00009550,318.19000000,1
1531170630452,1531170630447,1676671,0.00009550,12.00000000,0
1531170638923,1531170638918,1676672,0.00009540,10.59000000,1
1531170671772,1531170671767,1676673,0.00009550,12.00000000,0
1531170711475,1531170711471,1676674,0.00009550,349.69000000,0
1531170714495,1531170714490,1676675,0.00009570,83.36000000,0
1531170975855,1531170975850,1676676,0.00009580,247.66000000,0
1531171108437,1531171108432,1676677,0.00009580,51.70000000,0
1531171349458,1531171349453,1676678,0.00009580,104.38000000,0
1531171721280,1531171721275,1676679,0.00009580,13.57000000,0
1531171750313,1531171750310,1676680,0.00009580,170.05000000,0
1531172024124,1531172024119,1676681,0.00009560,83.45000000,1
1531172024124,1531172024119,1676682,0.00009540,176.47000000,1
1531172024124,1531172024119,1676683,0.00009530,1344.74000000,1
1531172024124,1531172024119,1676684,0.00009520,198.74000000,1
1531172096108,1531172096103,1676685,0.00009540,34.94000000,1
1531172096445,1531172096442,1676686,0.00009570,15.72000000,0
1531172183258,1531172183253,1676687,0.00009540,48.68000000,1
1531172186613,1531172186608,1676688,0.00009540,168.25000000,1
1531172198318,1531172198315,1676689,0.00009570,79.91000000,0
1531172229879,1531172229877,1676690,0.00009570,324.39000000,0
1531172377865,1531172377861,1676691,0.00009540,10.59000000,1
1531172406002,1531172405997,1676692,0.00009550,437.83000000,1
1531172592651,1531172592647,1676693,0.00009540,100.00000000,1
1531172610606,1531172610602,1676694,0.00009540,26.30000000,1
1531173004235,1531173004231,1676695,0.00009540,320.01000000,1
1531173073473,1531173073470,1676696,0.00009570,261.00000000,0
1531173140649,1531173140645,1676697,0.00009570,212.69000000,0
1531173703206,1531173703203,1676698,0.00009570,104.49000000,0
1531173716543,1531173716539,1676699,0.00009570,312.36000000,0
1531173744503,1531173744500,1676700,0.00009570,0.17000000,0
1531173744503,1531173744500,1676701,0.00009580,104.32000000,0
1531173763156,1531173763153,1676702,0.00009580,968.81000000,0
1531173763455,1531173763451,1676703,0.00009580,104.38000000,0
1531173763687,1531173763684,1676704,0.00009580,82.29000000,0
1531173909966,1531173909963,1676705,0.00009590,415.38000000,0
1531173924952,1531173924950,1676706,0.00009590,13.13000000,0
1531174145649,1531174145647,1676707,0.00009560,29.28000000,1
1531174235771,1531174235768,1676708,0.00009590,1216.14000000,0
1531174300219,1531174300217,1676709,0.00009590,104.27000000,0
1531174502694,1531174502692,1676710,0.00009560,1.70000000,1
1531174619143,1531174619140,1676711,0.00009590,1135.55000000,0
1531174620062,1531174620059,1676712,0.00009590,595.74000000,0
1531174715657,1531174715655,1676713,0.00009590,0.94000000,0
1531174715657,1531174715655,1676714,0.00009600,128.27000000,0
1531174719788,1531174719784,1676715,0.00009610,10.62000000,0
1531174980066,1531174980063,1676716,0.00009620,50.00000000,0
1531175049797,1531175049794,1676717,0.00009610,68.25000000,1
1531175245797,1531175245794,1676718,0.00009610,231.76000000,1
1531175245797,1531175245794,1676719,0.00009600,183.62000000,1
1531175275448,1531175275445,1676720,0.00009610,105.00000000,1
1531175275755,1531175275754,1676721,0.00009600,619.16000000,1
1531175276989,1531175276986,1676722,0.00009600,0.01000000,1
1531175277773,1531175277770,1676723,0.00009590,83.19000000,1
1531175284786,1531175284784,1676724,0.00009570,368.17000000,1
1531175286846,1531175286843,1676725,0.00009570,61.56000000,1
1531175287871,1531175287869,1676726,0.00009560,83.45000000,1
1531175308919,1531175308917,1676727,0.00009570,302.47000000,1
1531175328756,1531175328755,1676728,0.00009560,78.58000000,1
1531175340767,1531175340765,1676729,0.00009570,368.17000000,1
1531175352915,1531175352911,1676730,0.00009570,368.17000000,1
1531175353777,1531175353775,1676731,0.00009570,368.17000000,1
1531175368166,1531175368164,1676732,0.00009570,368.17000000,1
1531175369918,1531175369915,1676733,0.00009570,25.07000000,1
1531175370883,1531175370882,1676734,0.00009570,368.14000000,1
1531175373930,1531175373929,1676735,0.00009570,368.17000000,1
1531175374793,1531175374791,1676736,0.00009570,116.32000000,1
1531175376780,1531175376777,1676737,0.00009570,368.17000000,1
1531175392802,1531175392800,1676738,0.00009550,129.26000000,1
1531175394922,1531175394919,1676739,0.00009550,369.17000000,1
1531175395946,1531175395944,1676740,0.00009560,369.16000000,1
1531175397791,1531175397790,1676741,0.00009560,369.16000000,1
1531175399924,1531175399921,1676742,0.00009550,369.17000000,1
1531175400796,1531175400794,1676743,0.00009560,270.34000000,1
1531175573319,1531175573318,1676744,0.00009540,14.64000000,1
1531175649957,1531175649954,1676745,0.00009550,14.64000000,0
1531175695400,1531175695399,1676746,0.00009550,66.72000000,1
1531175695400,1531175695399,1676747,0.00009540,83.62000000,1
1531175695400,1531175695399,1676748,0.00009530,26.24000000,1
1531175695400,1531175695399,1676749,0.00009520,656.92000000,1
1531175717679,1531175717676,1676750,0.00009560,12.00000000,0
1531175743525,1531175743524,1676751,0.00009560,12.00000000,0
1531175753352,1531175753350,1676752,0.00009520,10.61000000,1
1531175857272,1531175857263,1676753,0.00009520,516.00000000,1
1531175857272,1531175857263,1676754,0.00009510,128.00000000,1
1531175857272,1531175857263,1676755,0.00009500,1917.57000000,1
1531175857272,1531175857263,1676756,0.00009490,794.78000000,1
1531175857272,1531175857263,1676757,0.00009480,930.46000000,1
1531175857272,1531175857263,1676758,0.00009470,187.40000000,1
1531175857272,1531175857263,1676759,0.00009460,697.06000000,1
1531175857272,1531175857263,1676760,0.00009450,498.56000000,1
1531175857273,1531175857263,1676761,0.00009450,146.94000000,1
1531175857274,1531175857263,1676762,0.00009450,167.23000000,1
1531175857289,1531175857286,1676763,0.00009470,27.47000000,0
1531175857289,1531175857286,1676764,0.00009480,45.36000000,0
1531175857302,1531175857301,1676765,0.00009480,27.67000000,0
1531175857302,1531175857301,1676766,0.00009500,36.84000000,0
1531175857305,1531175857304,1676767,0.00009500,64.51000000,0
1531175857397,1531175857396,1676768,0.00009500,64.67000000,0
1531175858185,1531175858182,1676769,0.00009500,427.33000000,0
1531175859852,1531175859849,1676770,0.00009490,309.09000000,0
1531175861926,1531175861924,1676771,0.00009480,169.73000000,0
1531175862992,1531175862990,1676772,0.00009490,84.06000000,0
1531175863848,1531175863845,1676773,0.00009500,471.42000000,0
1531175863910,1531175863908,1676774,0.00009510,12.57000000,0
1531175863910,1531175863908,1676775,0.00009530,39.67000000,0
1531175868873,1531175868871,1676776,0.00009530,27.72000000,0
1531175873132,1531175873130,1676777,0.00009460,10.69000000,1
1531175876067,1531175876066,1676778,0.00009530,5.15000000,0
1531175876163,1531175876162,1676779,0.00009530,54.33000000,0
1531175878997,1531175878993,1676780,0.00009530,10.69000000,0
1531175881614,1531175881613,1676781,0.00009470,100.20000000,1
1531175882092,1531175882088,1676782,0.00009470,49.56000000,1
1531175882092,1531175882088,1676783,0.00009460,52.48000000,1
1531175886919,1531175886918,1676784,0.00009470,42.20000000,1
1531175887395,1531175887392,1676785,0.00009530,36.73000000,0
1531175887400,1531175887399,1676786,0.00009470,35.16000000,1
1531175887485,1531175887484,1676787,0.00009530,86.63000000,0
1531175887771,1531175887769,1676788,0.00009470,35.16000000,1
1531175887920,1531175887917,1676789,0.00009470,35.16000000,1
1531175888005,1531175888003,1676790,0.00009470,35.16000000,1
1531175889000,1531175888999,1676791,0.00009480,126.72000000,0
1531175891004,1531175891002,1676792,0.00009490,31.62000000,0
1531175894475,1531175894473,1676793,0.00009480,100.20000000,1
1531175908926,1531175908924,1676794,0.00009510,100.20000000,0
1531175909988,1531175909986,1676795,0.00009520,162.68000000,0
1531175913164,1531175913162,1676796,0.00009480,35.16000000,1
1531175913442,1531175913440,1676797,0.00009480,16.52000000,1
1531175915224,1531175915223,1676798,0.00009530,495.32000000,0
1531175915980,1531175915978,1676799,0.00009530,16.68000000,0
1531175918852,1531175918850,1676800,0.00009540,52.85000000,0
1531175927303,1531175927302,1676801,0.00009510,28.40000000,1
1531175948353,1531175948352,1676802,0.00009550,10.51000000,0
1531175971113,1531175971111,1676803,0.00009550,52.90000000,0
1531176019098,1531176019095,1676804,0.00009540,13.20000000,0
1531176033186,1531176033185,1676805,0.00009530,49.61000000,0
1531176066857,1531176066855,1676806,0.00009530,462.39000000,0
1531176067961,1531176067959,1676807,0.00009540,98.92000000,0
1531176196475,1531176196474,1676808,0.00009510,10.64000000,1
1531176211034,1531176211030,1676809,0.00009530,10.50000000,0
1531176318735,1531176318732,1676810,0.00009550,52.35000000,0
1531176361879,1531176361877,1676811,0.00009550,15.17000000,0
1531176706263,1531176706262,1676812,0.00009550,156.91000000,0
1531176706916,1531176706915,1676813,0.00009560,49.27000000,0
1531176707907,1531176707904,1676814,0.00009570,155.38000000,0
1531176708921,1531176708918,1676815,0.00009580,10.65000000,0
1531176710610,1531176710608,1676816,0.00009570,23.31000000,1
1531176776064,1531176776062,1676817,0.00009600,83.10000000,0
1531176777318,1531176777317,1676818,0.00009610,10.73000000,0
1531176816579,1531176816577,1676819,0.00009630,82.84000000,0
1531176816579,1531176816577,1676820,0.00009640,21.00000000,0
1531177046658,1531177046657,1676821,0.00009590,83.19000000,1
1531177046658,1531177046657,1676822,0.00009570,618.51000000,1
1531177046658,1531177046657,1676823,0.00009550,198.30000000,1
1531177235629,1531177235629,1676824,0.00009590,3.87000000,1
1531177337878,1531177337878,1676825,0.00009620,3.81000000,0
1531177340900,1531177340900,1676826,0.00009620,0.01000000,0
1531177407062,1531177407062,1676827,0.00009590,75.82000000,1
1531177531077,1531177531077,1676828,0.00009620,79.11000000,0
1531177569098,1531177569099,1676829,0.00009620,120.56000000,1
1531177581290,1531177581292,1676830,0.00009640,0.02000000,0
1531177639751,1531177639750,1676831,0.00009610,0.02000000,1
1531177639845,1531177639845,1676832,0.00009610,82.99000000,1
1531177712520,1531177712522,1676833,0.00009550,84.09000000,1
1531177868527,1531177868527,1676834,0.00009610,3.28000000,0
1531177871532,1531177871534,1676835,0.00009610,0.01000000,0
1531177874391,1531177874393,1676836,0.00009610,79.72000000,0
1531177875162,1531177875164,1676837,0.00009610,19.36000000,1
1531178043519,1531178043522,1676838,0.00009610,15.69000000,1
1531178143145,1531178143148,1676839,0.00009610,590.38000000,1
1531178174755,1531178174757,1676840,0.00009540,111.39000000,1
1531178174852,1531178174856,1676841,0.00009540,138.16000000,1
1531178195048,1531178195052,1676842,0.00009520,111.39000000,1
1531178195136,1531178195140,1676843,0.00009520,35.16000000,1
1531178198190,1531178198193,1676844,0.00009540,0.02000000,0
1531178237412,1531178237415,1676845,0.00009510,10.64000000,1
1531178402470,1531178402473,1676846,0.00009520,15.82000000,0
1531178501968,1531178501973,1676847,0.00009520,40.33000000,0
1531178503413,1531178503418,1676848,0.00009520,40.33000000,0
1531178525674,1531178525674,1676849,0.00009510,6.37000000,1
1531178525674,1531178525674,1676850,0.00009480,155.78000000,1
1531178525674,1531178525674,1676851,0.00009460,15.67000000,1
1531178525674,1531178525674,1676852,0.00009450,111.44000000,1
1531178525674,1531178525674,1676853,0.00009440,1402.76000000,1
1531178525674,1531178525674,1676854,0.00009430,830.55000000,1
1531178527624,1531178527627,1676855,0.00009440,0.28000000,1
1531178539320,1531178539325,1676856,0.00009470,113.20000000,0
1531178542089,1531178542094,1676857,0.00009470,10.55000000,0
1531178542183,1531178542187,1676858,0.00009440,10.70000000,1
1531178544073,1531178544077,1676859,0.00009470,47.04000000,0
1531178544162,1531178544166,1676860,0.00009470,1043.64000000,0
1531178545745,1531178545750,1676861,0.00009440,52.35000000,1
1531178551113,1531178551116,1676862,0.00009440,49.61000000,1
1531178560076,1531178560081,1676863,0.00009470,31.68000000,0
1531178581275,1531178581278,1676864,0.00009440,10.70000000,1
1531178615658,1531178615663,1676865,0.00009450,676.65000000,0
1531178616469,1531178616473,1676866,0.00009450,1623.35000000,0
1531178618230,1531178618234,1676867,0.00009480,72.06000000,0
1531178620084,1531178620088,1676868,0.00009490,255.98000000,0
1531178622231,1531178622235,1676869,0.00009500,63.38000000,0
1531178660365,1531178660369,1676870,0.00009520,4.87000000,0
1531178663365,1531178663370,1676871,0.00009520,0.01000000,0
1531178705980,1531178705983,1676872,0.00009520,42.67000000,0
1531178706044,1531178706049,1676873,0.00009520,6.70000000,1
1531178745983,1531178745988,1676874,0.00009480,40.64000000,1
1531178764544,1531178764548,1676875,0.00009560,104.60000000,0
1531178798162,1531178798167,1676876,0.00009490,55.21000000,1
1531178859206,1531178859212,1676877,0.00009480,21.63000000,1
1531178885470,1531178885474,1676878,0.00009480,10.66000000,1
1531178949196,1531178949201,1676879,0.00009470,42.21000000,1
1531178983317,1531178983322,1676880,0.00009460,15.80000000,1
1531178983317,1531178983322,1676881,0.00009440,67.97000000,1
1531178983317,1531178983322,1676882,0.00009430,803.44000000,1
1531179005759,1531179005763,1676883,0.00009430,10.72000000,1
1531179011089,1531179011085,1676884,0.00009430,196.92000000,1
1531179011089,1531179011085,1676885,0.00009420,36.93000000,1
1531179011089,1531179011085,1676886,0.00009410,68.89000000,1
1531179011089,1531179011085,1676887,0.00009400,940.12000000,1
1531179011089,1531179011085,1676888,0.00009390,404.99000000,1
1531179011089,1531179011085,1676889,0.00009380,677.27000000,1
1531179011089,1531179011085,1676890,0.00009370,682.62000000,1
1531179011089,1531179011085,1676891,0.00009360,1491.41000000,1
1531179011089,1531179011085,1676892,0.00009350,625.30000000,1
1531179011089,1531179011085,1676893,0.00009400,630.80000000,0
1531179012285,1531179012291,1676894,0.00009400,22.47000000,1
1531179013197,1531179013200,1676895,0.00009420,475.45000000,0
1531179013197,1531179013200,1676896,0.00009430,335.21000000,0
1531179013197,1531179013200,1676897,0.00009440,150.68000000,0
1531179013197,1531179013200,1676898,0.00009450,161.74000000,0
1531179013197,1531179013200,1676899,0.00009470,374.00000000,0
1531179013444,1531179013449,1676900,0.00009470,62.75000000,1
1531179013615,1531179013619,1676901,0.00009480,126.61000000,1
1531179013794,1531179013799,1676902,0.00009470,623.59000000,1
1531179014153,1531179014159,1676903,0.00009470,49.03000000,1
1531179014248,1531179014253,1676904,0.00009470,53.36000000,1
1531179014293,1531179014299,1676905,0.00009470,63.98000000,1
1531179014325,1531179014329,1676906,0.00009470,64.13000000,1
1531179014934,1531179014939,1676907,0.00009470,16.69000000,1
1531179014968,1531179014972,1676908,0.00009470,139.61000000,1
1531179015058,1531179015064,1676909,0.00009480,42.15000000,0
1531179015103,1531179015109,1676910,0.00009470,858.41000000,1
1531179016086,1531179016091,1676911,0.00009460,84.33000000,1
1531179020189,1531179020192,1676912,0.00009410,153.40000000,1
1531179020189,1531179020192,1676913,0.00009400,346.73000000,1
1531179020189,1531179020192,1676914,0.00009370,46.90000000,1
1531179020189,1531179020192,1676915,0.00009350,205.69000000,1
1531179020189,1531179020192,1676916,0.00009340,209.85000000,1
1531179020189,1531179020192,1676917,0.00009330,37.43000000,1
1531179020190,1531179020192,1676918,0.00009330,300.00000000,1
1531179021272,1531179021278,1676919,0.00009430,1.37000000,0
1531179021886,1531179021892,1676920,0.00009350,2.10000000,1
1531179022366,1531179022371,1676921,0.00009390,106.49000000,0
1531179022565,1531179022570,1676922,0.00009390,106.49000000,0
1531179022773,1531179022778,1676923,0.00009390,106.49000000,0
1531179022965,1531179022971,1676924,0.00009390,106.49000000,0
1531179022994,1531179023000,1676925,0.00009390,677.43000000,0
1531179023186,1531179023191,1676926,0.00009390,103.94000000,0
1531179023551,1531179023555,1676927,0.00009400,12.71000000,0
1531179023551,1531179023555,1676928,0.00009420,29.63000000,0
1531179027549,1531179027554,1676929,0.00009400,3.08000000,0
1531179029853,1531179029857,1676930,0.00009400,233.44000000,0
1531179031592,1531179031597,1676931,0.00009370,13.13000000,1
1531179033368,1531179033373,1676932,0.00009400,99.83000000,0
1531179034102,1531179034105,1676933,0.00009390,14.97000000,0
1531179042108,1531179042114,1676934,0.00009400,12.32000000,0
1531179042393,1531179042398,1676935,0.00009410,118.98000000,0
1531179044099,1531179044104,1676936,0.00009410,70.63000000,0
1531179044193,1531179044199,1676937,0.00009390,99.20000000,1
1531179046292,1531179046297,1676938,0.00009390,10.77000000,1
1531179048584,1531179048590,1676939,0.00009380,0.03000000,1
1531179050759,1531179050764,1676940,0.00009380,25.17000000,1
1531179050759,1531179050764,1676941,0.00009340,3.83000000,1
1531179064607,1531179064612,1676942,0.00009360,102.88000000,1
1531179066169,1531179066175,1676943,0.00009380,10.68000000,1
1531179066169,1531179066175,1676944,0.00009360,6.05000000,1
1531179066261,1531179066266,1676945,0.00009360,35.61000000,1
1531179066396,1531179066402,1676946,0.00009360,10.80000000,1
1531179069190,1531179069195,1676947,0.00009400,109.97000000,0
1531179074183,1531179074189,1676948,0.00009400,16.14000000,0
1531179087959,1531179087965,1676949,0.00009370,101.21000000,1
1531179099247,1531179099252,1676950,0.00009390,155.34000000,0
1531179102099,1531179102105,1676951,0.00009400,101.21000000,0
1531179115376,1531179115380,1676952,0.00009400,13.32000000,0
1531179133333,1531179133338,1676953,0.00009400,106.38000000,0
1531179135495,1531179135500,1676954,0.00009400,106.38000000,0
1531179136127,1531179136131,1676955,0.00009400,106.38000000,0
1531179136255,1531179136257,1676956,0.00009400,17.58000000,0
1531179165124,1531179165128,1676957,0.00009400,11.13000000,0
1531179179328,1531179179330,1676958,0.00009400,111.10000000,0
1531179183103,1531179183109,1676959,0.00009400,51.98000000,0
1531179185097,1531179185103,1676960,0.00009410,48.75000000,0
1531179194093,1531179194099,1676961,0.00009410,64.39000000,0
1531179255591,1531179255594,1676962,0.00009440,5.16000000,0
1531179258938,1531179258943,1676963,0.00009440,0.02000000,0
1531179259018,1531179259024,1676964,0.00009440,72.48000000,0
1531179370172,1531179370179,1676965,0.00009440,10.70000000,1
1531179374434,1531179374440,1676966,0.00009440,3.50000000,1
1531179996395,1531179996402,1676967,0.00009430,487.91000000,0
1531179998202,1531179998207,1676968,0.00009440,84.51000000,0
1531180031217,1531180031222,1676969,0.00009450,133.60000000,0
1531180032354,1531180032359,1676970,0.00009460,74.77000000,0
1531180131220,1531180131227,1676971,0.00009480,84.15000000,0
1531180323222,1531180323230,1676972,0.00009490,63.37000000,0
1531180325226,1531180325231,1676973,0.00009500,47.65000000,0
1531180325226,1531180325231,1676974,0.00009510,26.51000000,0
1531180325226,1531180325231,1676975,0.00009530,31.21000000,0
1531180326600,1531180326608,1676976,0.00009450,0.06000000,1
1531180581833,1531180581839,1676977,0.00009470,11.72000000,1
1531180711048,1531180711055,1676978,0.00009470,12.00000000,1
1531180730963,1531180730967,1676979,0.00009500,0.17000000,0
1531180733829,1531180733833,1676980,0.00009470,60.52000000,1
1531180746773,1531180746780,1676981,0.00009460,86.82000000,0
1531180752940,1531180752946,1676982,0.00009450,202.06000000,1
1531180758602,1531180758606,1676983,0.00009440,84.51000000,1
1531180804195,1531180804200,1676984,0.00009430,70.84000000,1
1531180804195,1531180804200,1676985,0.00009420,127.13000000,1
1531180804195,1531180804200,1676986,0.00009410,225.54000000,1
1531180804195,1531180804200,1676987,0.00009400,567.21000000,1
1531180846172,1531180846178,1676988,0.00009400,10.76000000,1
1531180848827,1531180848827,1676989,0.00009400,74.11000000,1
1531180848827,1531180848827,1676990,0.00009390,1284.11000000,1
1531180848827,1531180848827,1676991,0.00009360,58.54000000,1
1531180848827,1531180848827,1676992,0.00009350,523.16000000,1
1531180848827,1531180848827,1676993,0.00009340,157.74000000,1
1531180848827,1531180848827,1676994,0.00009330,1295.44000000,1
1531180848827,1531180848827,1676995,0.00009320,928.68000000,1
1531180848827,1531180848827,1676996,0.00009310,12.76000000,1
1531180848827,1531180848827,1676997,0.00009300,746.25000000,1
1531180848829,1531180848827,1676998,0.00009290,1021.43000000,1
1531180848829,1531180848827,1676999,0.00009280,77.44000000,1
1531180848829,1531180848827,1677000,0.00009270,825.13000000,1
1531180848829,1531180848827,1677001,0.00009270,299.20000000,1
1531180848830,1531180848827,1677002,0.00009270,15.00000000,1
1531180848831,1531180848827,1677003,0.00009270,86.09000000,1
1531180848831,1531180848827,1677004,0.00009260,16.73000000,1
1531180848831,1531180848827,1677005,0.00009250,86.18000000,1
1531180848833,1531180848827,1677006,0.00009250,988.24000000,1
1531180848833,1531180848827,1677007,0.00009240,1853.66000000,1
1531180848834,1531180848827,1677008,0.00009240,100.00000000,1
1531180848834,1531180848827,1677009,0.00009240,1528.54000000,1
1531180848850,1531180848855,1677010,0.00009240,611.38000000,0
1531180848856,1531180848863,1677011,0.00009240,57.42000000,0
1531180848860,1531180848863,1677012,0.00009240,57.81000000,0
1531180848862,1531180848868,1677013,0.00009240,806.08000000,0
1531180848862,1531180848869,1677014,0.00009250,123.40000000,0
1531180848883,1531180848888,1677015,0.00009300,378.26000000,0
1531180849151,1531180849158,1677016,0.00009300,54.54000000,0
1531180850784,1531180850791,1677017,0.00009300,59.31000000,0
1531180851883,1531180851888,1677018,0.00009290,188.22000000,1
1531180854455,1531180854460,1677019,0.00009290,1262.09000000,0
1531180855448,1531180855454,1677020,0.00009280,23.20000000,0
1531180855921,1531180855929,1677021,0.00009280,51.73000000,0
1531180857301,1531180857304,1677022,0.00009270,4314.99000000,1
1531180857301,1531180857304,1677023,0.00009260,203.89000000,1
1531180857301,1531180857304,1677024,0.00009230,108.29000000,1
1531180857301,1531180857304,1677025,0.00009220,401.09000000,1
1531180857301,1531180857304,1677026,0.00009210,5535.41000000,1
1531180857301,1531180857304,1677027,0.00009200,4839.93000000,1
1531180857301,1531180857304,1677028,0.00009190,1196.96000000,1
1531180857301,1531180857304,1677029,0.00009180,2055.11000000,1
1531180857314,1531180857318,1677030,0.00009180,497.70000000,0
1531180857317,1531180857323,1677031,0.00009180,3716.14000000,0
1531180857327,1531180857331,1677032,0.00009180,3754.48000000,0
1531180857342,1531180857349,1677033,0.00009190,47.97000000,0
1531180857355,1531180857360,1677034,0.00009190,105.01000000,0
1531180857824,1531180857829,1677035,0.00009200,74.31000000,0
1531180858540,1531180858544,1677036,0.00009200,520.42000000,0
1531180858590,1531180858596,1677037,0.00009210,26.37000000,1
1531180858961,1531180858968,1677038,0.00009230,71.42000000,1
1531180858975,1531180858980,1677039,0.00009230,351.84000000,1
1531180858975,1531180858980,1677040,0.00009220,71.42000000,1
1531180862764,1531180862770,1677041,0.00009240,361.15000000,0
1531180862764,1531180862770,1677042,0.00009250,136.10000000,0
1531180863614,1531180863619,1677043,0.00009230,2115.51000000,0
1531180863614,1531180863619,1677044,0.00009250,1473.23000000,0
1531180863869,1531180863874,1677045,0.00009250,64.04000000,1
1531180863902,1531180863908,1677046,0.00009250,53.37000000,1
1531180864293,1531180864298,1677047,0.00009250,478.00000000,1
1531180864302,1531180864307,1677048,0.00009260,46.55000000,0
1531180865685,1531180865691,1677049,0.00009250,0.07000000,1
1531180867195,1531180867200,1677050,0.00009250,10.94000000,1
1531180867434,1531180867441,1677051,0.00009250,459.00000000,1
1531180868668,1531180868673,1677052,0.00009260,36.73000000,0
1531180868955,1531180868960,1677053,0.00009250,115.03000000,1
1531180870210,1531180870208,1677054,0.00009240,300.60000000,1
1531180871911,1531180871916,1677055,0.00009250,138.62000000,0
1531180876515,1531180876519,1677056,0.00009260,990.64000000,0
1531180878086,1531180878091,1677057,0.00009260,43.20000000,0
1531180880569,1531180880575,1677058,0.00009240,94.07000000,1
1531180881420,1531180881427,1677059,0.00009240,94.25000000,1
1531180881550,1531180881556,1677060,0.00009240,376.46000000,1
1531180881686,1531180881692,1677061,0.00009240,110.01000000,0
1531180882695,1531180882700,1677062,0.00009210,101.72000000,1
1531180883887,1531180883892,1677063,0.00009210,101.72000000,1
1531180884852,1531180884858,1677064,0.00009210,102.14000000,1
1531180885743,1531180885749,1677065,0.00009210,34.67000000,1
1531180885743,1531180885749,1677066,0.00009190,66.74000000,1
1531180886264,1531180886270,1677067,0.00009190,90.83000000,1
1531180886264,1531180886270,1677068,0.00009180,59.17000000,1
1531180886608,1531180886612,1677069,0.00009180,101.72000000,1
1531180887303,1531180887308,1677070,0.00009210,10.97000000,0
1531180888742,1531180888747,1677071,0.00009190,101.93000000,1
1531180889437,1531180889442,1677072,0.00009190,94.33000000,1
1531180889971,1531180889977,1677073,0.00009240,61.29000000,0
1531180890062,1531180890065,1677074,0.00009190,94.78000000,1
1531180890976,1531180890981,1677075,0.00009190,101.62000000,1
1531180891380,1531180891387,1677076,0.00009190,99.60000000,1
1531180892417,1531180892423,1677077,0.00009180,101.93000000,1
1531180893433,1531180893438,1677078,0.00009180,102.56000000,1
1531180898306,1531180898311,1677079,0.00009210,16.28000000,0
1531180902345,1531180902351,1677080,0.00009220,291.44000000,0
1531180904257,1531180904261,1677081,0.00009200,25.02000000,1
1531180904257,1531180904261,1677082,0.00009180,67.89000000,1
1531180905308,1531180905312,1677083,0.00009190,11.00000000,0
1531180905935,1531180905939,1677084,0.00009180,200.82000000,1
1531180906303,1531180906309,1677085,0.00009190,11.00000000,0
1531180907304,1531180907308,1677086,0.00009190,17.04000000,0
1531180910030,1531180910036,1677087,0.00009210,129.93000000,0
1531180915464,1531180915470,1677088,0.00009240,79.03000000,0
1531180917441,1531180917445,1677089,0.00009240,14.61000000,0
1531180918243,1531180918249,1677090,0.00009200,97.37000000,1
1531180918745,1531180918749,1677091,0.00009200,32.48000000,1
1531180918745,1531180918749,1677092,0.00009180,31.05000000,1
1531180918745,1531180918749,1677093,0.00009170,37.48000000,1
1531180919313,1531180919318,1677094,0.00009180,101.62000000,1
1531180920284,1531180920289,1677095,0.00009180,13.27000000,1
1531180920284,1531180920289,1677096,0.00009170,88.35000000,1
1531180920832,1531180920838,1677097,0.00009170,102.04000000,1
1531180921327,1531180921331,1677098,0.00009220,80.00000000,0
1531180921690,1531180921696,1677099,0.00009170,101.72000000,1
1531180922334,1531180922339,1677100,0.00009220,23.00000000,0
1531180922630,1531180922636,1677101,0.00009170,103.19000000,1
1531180926303,1531180926306,1677102,0.00009180,36.31000000,0
1531180929792,1531180929796,1677103,0.00009200,11.89000000,0
1531180929792,1531180929796,1677104,0.00009210,23.09000000,0
1531180930185,1531180930190,1677105,0.00009180,54.46000000,1
1531180930185,1531180930190,1677106,0.00009170,200.38000000,1
1531180938339,1531180938345,1677107,0.00009190,98.22000000,0
1531180941724,1531180941730,1677108,0.00009190,31.58000000,0
1531180941724,1531180941730,1677109,0.00009200,4.17000000,0
1531180943053,1531180943057,1677110,0.00009200,197.75000000,0
1531180943053,1531180943057,1677111,0.00009220,90.91000000,0
1531180945838,1531180945842,1677112,0.00009220,49.00000000,0
1531180950294,1531180950299,1677113,0.00009200,94.50000000,1
1531180954079,1531180954082,1677114,0.00009190,10.32000000,0
1531180954079,1531180954082,1677115,0.00009210,10.76000000,0
1531180959802,1531180959805,1677116,0.00009170,33.13000000,1
1531180966792,1531180966797,1677117,0.00009170,108.07000000,1
1531180966792,1531180966797,1677118,0.00009160,473.98000000,1
1531180966792,1531180966797,1677119,0.00009150,251.12000000,1
1531180966870,1531180966874,1677120,0.00009200,108.69000000,0
1531180982489,1531180982495,1677121,0.00009200,15.56000000,0
1531180986749,1531180986754,1677122,0.00009190,32.71000000,1
1531180986773,1531180986779,1677123,0.00009190,76.10000000,1
1531180989036,1531180989042,1677124,0.00009160,65.00000000,1
1531180994655,1531180994661,1677125,0.00009200,21.70000000,0
1531180999042,1531180999047,1677126,0.00009190,128.08000000,1
1531181008818,1531181008824,1677127,0.00009190,209.03000000,1
1531181023182,1531181023187,1677128,0.00009200,64.95000000,0
1531181036468,1531181036472,1677129,0.00009200,396.25000000,0
1531181036468,1531181036472,1677130,0.00009210,64.95000000,0
1531181036468,1531181036472,1677131,0.00009230,54.46000000,0
1531181051460,1531181051466,1677132,0.00009240,0.30000000,0
1531181065785,1531181065789,1677133,0.00009240,985.67000000,0
1531181067721,1531181067726,1677134,0.00009230,26.37000000,1
1531181079248,1531181079253,1677135,0.00009240,40.40000000,1
1531181079248,1531181079253,1677136,0.00009230,11.62000000,1
1531181079248,1531181079253,1677137,0.00009200,25.71000000,1
1531181112630,1531181112635,1677138,0.00009250,171.61000000,0
1531181140329,1531181140333,1677139,0.00009210,46.15000000,1
1531181155385,1531181155389,1677140,0.00009240,960.59000000,0
1531181162142,1531181162146,1677141,0.00009210,251.12000000,1
1531181164950,1531181164955,1677142,0.00009210,783.44000000,1
1531181166103,1531181166106,1677143,0.00009210,105.79000000,0
1531181169890,1531181169895,1677144,0.00009200,1080.71000000,0
1531181170987,1531181170993,1677145,0.00009200,135.39000000,0
1531181188595,1531181188599,1677146,0.00009250,22.13000000,0
1531181189156,1531181189161,1677147,0.00009210,10.97000000,1
1531181212644,1531181212647,1677148,0.00009200,100.00000000,1
1531181220312,1531181220317,1677149,0.00009230,86.49000000,0
1531181242976,1531181242981,1677150,0.00009230,18.42000000,0
1531181248623,1531181248628,1677151,0.00009240,13.20000000,1
1531181352841,1531181352844,1677152,0.00009240,52.85000000,0
1531181358488,1531181358492,1677153,0.00009240,56.17000000,1
1531181378179,1531181378183,1677154,0.00009230,70.71000000,1
1531181381425,1531181381427,1677155,0.00009230,198.32000000,1
1531181390466,1531181390471,1677156,0.00009210,556.92000000,1
1531181396193,1531181396195,1677157,0.00009230,70.68000000,0
1531181396193,1531181396195,1677158,0.00009240,212.83000000,0
1531181396193,1531181396195,1677159,0.00009250,21.16000000,0
1531181406824,1531181406828,1677160,0.00009250,123.64000000,1
1531181447846,1531181447850,1677161,0.00009250,19.38000000,1
1531181503374,1531181503379,1677162,0.00009240,3000.00000000,0
1531181503578,1531181503579,1677163,0.00009240,1930.02000000,0
1531181503578,1531181503579,1677164,0.00009250,316.59000000,0
1531181503578,1531181503579,1677165,0.00009260,97.06000000,0
1531181503578,1531181503579,1677166,0.00009270,656.33000000,0
1531181606689,1531181606691,1677167,0.00009220,111.06000000,1
1531181611447,1531181611450,1677168,0.00009270,107.87000000,0
1531181704496,1531181704499,1677169,0.00009220,79.94000000,1
1531181721103,1531181721107,1677170,0.00009220,445.10000000,1
1531181806733,1531181806735,1677171,0.00009220,143.84000000,0
1531181820425,1531181820428,1677172,0.00009220,6.16000000,0
1531181820425,1531181820428,1677173,0.00009230,0.75000000,0
1531181823446,1531181823449,1677174,0.00009230,0.02000000,0
1531181839709,1531181839712,1677175,0.00009210,172.31000000,1
1531181845596,1531181845598,1677176,0.00009220,185.87000000,0
1531181849145,1531181849150,1677177,0.00009210,228.09000000,1
1531181854752,1531181854754,1677178,0.00009220,429.16000000,0
1531181858604,1531181858606,1677179,0.00009230,54.22000000,0
1531181858681,1531181858684,1677180,0.00009230,31.44000000,0
1531181858681,1531181858684,1677181,0.00009240,77.01000000,0
1531181858691,1531181858694,1677182,0.00009240,180.16000000,0
1531181858691,1531181858694,1677183,0.00009260,29.16000000,0
1531181858691,1531181858694,1677184,0.00009270,61.82000000,0
1531181861529,1531181861531,1677185,0.00009270,32.31000000,0
1531181956934,1531181956937,1677186,0.00009260,86.15000000,0
1531181982119,1531181982123,1677187,0.00009270,30.00000000,0
1531181983679,1531181983683,1677188,0.00009270,30.00000000,0
1531181984058,1531181984061,1677189,0.00009270,30.00000000,0
1531181984199,1531181984203,1677190,0.00009270,30.00000000,0
1531181985029,1531181985031,1677191,0.00009270,30.00000000,0
1531181985237,1531181985240,1677192,0.00009270,30.00000000,0
1531181985497,1531181985500,1677193,0.00009270,30.00000000,0
1531181986234,1531181986236,1677194,0.00009270,12.00000000,0
1531181986755,1531181986757,1677195,0.00009270,30.00000000,0
1531181986934,1531181986937,1677196,0.00009270,30.00000000,0
1531181987302,1531181987306,1677197,0.00009270,30.00000000,0
1531181987507,1531181987510,1677198,0.00009270,30.00000000,0
1531181988511,1531181988515,1677199,0.00009270,303.27000000,0
1531181991082,1531181991084,1677200,0.00009270,30.00000000,0
1531181992315,1531181992317,1677201,0.00009270,30.00000000,0
1531181999022,1531181999023,1677202,0.00009250,206.24000000,1
1531181999022,1531181999023,1677203,0.00009220,293.76000000,1
1531182060658,1531182060661,1677204,0.00009230,472.08000000,1
1531182063157,1531182063159,1677205,0.00009260,86.15000000,0
1531182063157,1531182063159,1677206,0.00009270,21.95000000,0
1531182137691,1531182137692,1677207,0.00009260,1171.17000000,0
1531182149395,1531182149397,1677208,0.00009270,1211.89000000,0
1531182192995,1531182192998,1677209,0.00009270,1.59000000,0
1531182196470,1531182196474,1677210,0.00009270,0.01000000,0
1531182303933,1531182303936,1677211,0.00009270,111.96000000,0
1531182409095,1531182409096,1677212,0.00009250,82.60000000,0
1531182421857,1531182421857,1677213,0.00009240,1041.95000000,1
1531182443206,1531182443209,1677214,0.00009230,532.43000000,1
1531182450597,1531182450599,1677215,0.00009230,6.33000000,1
1531182494497,1531182494498,1677216,0.00009230,562.07000000,1
1531182538259,1531182538263,1677217,0.00009270,300.00000000,0
1531182570190,1531182570193,1677218,0.00009270,137.22000000,0
1531182582362,1531182582365,1677219,0.00009270,82.91000000,0
1531182586863,1531182586864,1677220,0.00009280,22.65000000,0
1531182588444,1531182588446,1677221,0.00009280,14.54000000,0
1531182589114,1531182589114,1677222,0.00009290,17.42000000,0
1531182592248,1531182592249,1677223,0.00009290,47.82000000,0
1531182594360,1531182594364,1677224,0.00009300,1519.22000000,0
1531182635162,1531182635164,1677225,0.00009310,14.00000000,0
1531182635367,1531182635370,1677226,0.00009310,14.00000000,0
1531182635536,1531182635539,1677227,0.00009310,14.00000000,0
1531182635707,1531182635709,1677228,0.00009310,14.00000000,0
1531182635822,1531182635824,1677229,0.00009310,14.00000000,0
1531182636114,1531182636117,1677230,0.00009310,14.00000000,0
1531182636122,1531182636124,1677231,0.00009310,14.00000000,0
1531182636391,1531182636394,1677232,0.00009310,14.00000000,0
1531182636548,1531182636550,1677233,0.00009310,14.00000000,0
1531182636755,1531182636758,1677234,0.00009310,14.00000000,0
1531182637398,1531182637401,1677235,0.00009310,14.00000000,0
1531182637561,1531182637564,1677236,0.00009310,14.00000000,0
1531182637810,1531182637813,1677237,0.00009310,14.00000000,0
1531182639135,1531182639138,1677238,0.00009310,14.00000000,0
1531182640228,1531182640231,1677239,0.00009310,14.00000000,0
1531182640426,1531182640428,1677240,0.00009310,14.00000000,0
1531182640590,1531182640592,1677241,0.00009310,14.00000000,0
1531182640796,1531182640798,1677242,0.00009310,14.00000000,0
1531182640943,1531182640946,1677243,0.00009310,14.00000000,0
1531182641129,1531182641130,1677244,0.00009310,14.00000000,0
1531182641343,1531182641346,1677245,0.00009310,14.00000000,0
1531182641512,1531182641515,1677246,0.00009310,14.00000000,0
1531182641671,1531182641673,1677247,0.00009310,14.00000000,0
1531182641842,1531182641843,1677248,0.00009310,14.00000000,0
1531182642053,1531182642055,1677249,0.00009310,14.00000000,0
1531182643449,1531182643450,1677250,0.00009310,14.00000000,0
1531182643644,1531182643646,1677251,0.00009310,14.00000000,0
1531182643884,1531182643886,1677252,0.00009310,14.00000000,0
1531182644013,1531182644016,1677253,0.00009310,14.00000000,0
1531182644297,1531182644299,1677254,0.00009310,14.00000000,0
1531182644583,1531182644586,1677255,0.00009310,14.00000000,0
1531182644859,1531182644861,1677256,0.00009310,14.00000000,0
1531182645417,1531182645420,1677257,0.00009310,14.00000000,0
1531182645692,1531182645694,1677258,0.00009310,14.00000000,0
1531182645933,1531182645935,1677259,0.00009310,14.00000000,0
1531182645976,1531182645980,1677260,0.00009310,14.00000000,0
1531182646791,1531182646792,1677261,0.00009310,14.00000000,0
1531182646856,1531182646859,1677262,0.00009310,14.00000000,0
1531182647199,1531182647201,1677263,0.00009310,14.00000000,0
1531182647753,1531182647756,1677264,0.00009310,14.00000000,0
1531182648086,1531182648088,1677265,0.00009310,14.00000000,0
1531182648278,1531182648281,1677266,0.00009310,14.00000000,0
1531182648471,1531182648474,1677267,0.00009310,14.00000000,0
1531182648665,1531182648665,1677268,0.00009310,14.00000000,0
1531182648867,1531182648869,1677269,0.00009310,14.00000000,0
1531182649016,1531182649018,1677270,0.00009310,14.00000000,0
1531182649204,1531182649207,1677271,0.00009310,14.00000000,0
1531182651222,1531182651224,1677272,0.00009310,14.00000000,0
1531182651481,1531182651482,1677273,0.00009310,14.00000000,0
1531182651691,1531182651693,1677274,0.00009310,14.00000000,0
1531182651882,1531182651884,1677275,0.00009310,14.00000000,0
1531182652098,1531182652100,1677276,0.00009310,14.00000000,0
1531182652317,1531182652320,1677277,0.00009310,14.00000000,0
1531182652545,1531182652548,1677278,0.00009310,14.00000000,0
1531182652762,1531182652764,1677279,0.00009310,14.00000000,0
1531182652956,1531182652959,1677280,0.00009310,14.00000000,0
1531182653148,1531182653150,1677281,0.00009310,14.00000000,0
1531182653549,1531182653549,1677282,0.00009310,14.00000000,0
1531182653868,1531182653871,1677283,0.00009310,14.00000000,0
1531182653929,1531182653932,1677284,0.00009310,14.00000000,0
1531182654157,1531182654158,1677285,0.00009310,14.00000000,0
1531182654216,1531182654218,1677286,0.00009310,14.00000000,0
1531182654729,1531182654732,1677287,0.00009310,14.00000000,0
1531182654972,1531182654974,1677288,0.00009310,14.00000000,0
1531182655004,1531182655006,1677289,0.00009310,14.00000000,0
1531182655278,1531182655281,1677290,0.00009310,14.00000000,0
1531182655592,1531182655592,1677291,0.00009310,14.00000000,0
1531182655781,1531182655784,1677292,0.00009310,14.00000000,0
1531182655878,1531182655880,1677293,0.00009310,14.00000000,0
1531182656169,1531182656171,1677294,0.00009310,14.00000000,0
1531182656449,1531182656449,1677295,0.00009310,14.00000000,0
1531182656596,1531182656599,1677296,0.00009310,14.00000000,0
1531182656736,1531182656740,1677297,0.00009310,14.00000000,0
1531182656884,1531182656885,1677298,0.00009310,14.00000000,0
1531182657023,1531182657025,1677299,0.00009310,14.00000000,0
1531182657301,1531182657304,1677300,0.00009310,14.00000000,0
1531182657586,1531182657589,1677301,0.00009310,14.00000000,0
1531182657707,1531182657710,1677302,0.00009310,14.00000000,0
1531182657985,1531182657988,1677303,0.00009310,11.80000000,0
1531182660249,1531182660251,1677304,0.00009320,14.00000000,0
1531182660313,1531182660316,1677305,0.00009320,14.00000000,0
1531182661058,1531182661060,1677306,0.00009320,14.00000000,0
1531182661125,1531182661129,1677307,0.00009320,14.00000000,0
1531182661346,1531182661347,1677308,0.00009320,14.00000000,0
1531182661401,1531182661402,1677309,0.00009320,14.00000000,0
1531182661635,1531182661637,1677310,0.00009320,14.00000000,0
1531182661916,1531182661918,1677311,0.00009320,14.00000000,0
1531182662194,1531182662197,1677312,0.00009320,14.00000000,0
1531182662206,1531182662209,1677313,0.00009320,14.00000000,0
1531182662478,1531182662481,1677314,0.00009320,14.00000000,0
1531182662492,1531182662494,1677315,0.00009320,14.00000000,0
1531182662764,1531182662765,1677316,0.00009320,14.00000000,0
1531182663052,1531182663054,1677317,0.00009320,14.00000000,0
1531182663304,1531182663305,1677318,0.00009320,14.00000000,0
1531182678114,1531182678113,1677319,0.00009310,137.08000000,1
1531182693001,1531182693003,1677320,0.00009310,17.32000000,1
1531182698045,1531182698047,1677321,0.00009310,187.14000000,1
1531182702714,1531182702715,1677322,0.00009300,267.78000000,1
1531182708954,1531182708956,1677323,0.00009300,14.00000000,0
1531182709137,1531182709136,1677324,0.00009290,112.00000000,1
1531182709137,1531182709136,1677325,0.00009280,108.61000000,1
1531182709137,1531182709136,1677326,0.00009270,42.00000000,1
1531182709137,1531182709136,1677327,0.00009260,28.83000000,1
1531182709166,1531182709170,1677328,0.00009300,14.00000000,0
1531182709370,1531182709372,1677329,0.00009300,14.00000000,0
1531182709532,1531182709535,1677330,0.00009300,14.00000000,0
1531182709814,1531182709816,1677331,0.00009300,14.00000000,0
1531182709882,1531182709883,1677332,0.00009300,14.00000000,0
1531182710913,1531182710915,1677333,0.00009300,14.00000000,0
1531182711329,1531182711331,1677334,0.00009300,14.00000000,0
1531182711518,1531182711520,1677335,0.00009300,14.00000000,0
1531182711741,1531182711743,1677336,0.00009300,14.00000000,0
1531182711917,1531182711920,1677337,0.00009300,14.00000000,0
1531182712270,1531182712272,1677338,0.00009300,14.00000000,0
1531182712447,1531182712450,1677339,0.00009300,14.00000000,0
1531182712632,1531182712635,1677340,0.00009300,14.00000000,0
1531182712784,1531182712787,1677341,0.00009300,14.00000000,0
1531182712981,1531182712984,1677342,0.00009300,14.00000000,0
1531182713145,1531182713148,1677343,0.00009300,14.00000000,0
1531182713494,1531182713496,1677344,0.00009300,14.00000000,0
1531182713657,1531182713660,1677345,0.00009300,14.00000000,0
1531182713829,1531182713832,1677346,0.00009300,14.00000000,0
1531182713984,1531182713986,1677347,0.00009300,14.00000000,0
1531182714284,1531182714263,1677348,0.00009300,14.00000000,0
1531182714327,1531182714329,1677349,0.00009300,14.00000000,0
1531182714553,1531182714555,1677350,0.00009300,14.00000000,0
1531182714768,1531182714771,1677351,0.00009300,14.00000000,0
1531182715237,1531182715239,1677352,0.00009300,14.00000000,0
1531182715638,1531182715640,1677353,0.00009300,14.00000000,0
1531182715911,1531182715912,1677354,0.00009300,14.00000000,0
1531182716191,1531182716194,1677355,0.00009300,14.00000000,0
1531182716471,1531182716474,1677356,0.00009300,14.00000000,0
1531182716744,1531182716746,1677357,0.00009300,14.00000000,0
1531182743264,1531182743266,1677358,0.00009290,14.00000000,1
1531182807035,1531182807036,1677359,0.00009280,0.07000000,0
1531182833689,1531182833688,1677360,0.00009270,14.00000000,1
1531182858731,1531182858732,1677361,0.00009270,0.41000000,0
1531182882103,1531182882104,1677362,0.00009270,225.61000000,0
1531182882585,1531182882586,1677363,0.00009260,73.32000000,1
1531182909148,1531182909150,1677364,0.00009260,1006.59000000,0
1531182910705,1531182910708,1677365,0.00009260,379.66000000,1
1531182924178,1531182924178,1677366,0.00009260,60.11000000,1
1531182953388,1531182953390,1677367,0.00009250,24.50000000,1
1531182959944,1531182959945,1677368,0.00009260,113.77000000,0
1531182960198,1531182960198,1677369,0.00009270,86.06000000,0
1531183088519,1531183088520,1677370,0.00009280,85.96000000,1
1531183133741,1531183133741,1677371,0.00009270,13.59000000,1
1531183227326,1531183227327,1677372,0.00009260,65.23000000,0
1531183270410,1531183270410,1677373,0.00009250,450.26000000,1
1531183332124,1531183332124,1677374,0.00009260,86.06000000,0
1531183332587,1531183332586,1677375,0.00009270,86.06000000,0
1531183364504,1531183364483,1677376,0.00009280,85.96000000,1
1531183430692,1531183430692,1677377,0.00009260,615.03000000,1
1531183635168,1531183635166,1677378,0.00009260,615.03000000,1
1531183771147,1531183771146,1677379,0.00009260,0.02000000,1
1531183802678,1531183802676,1677380,0.00009260,607.64000000,1
1531183806167,1531183806166,1677381,0.00009250,1978.88000000,1
1531183836586,1531183836584,1677382,0.00009240,2531.27000000,1
1531183837912,1531183837911,1677383,0.00009230,122.29000000,1
1531183839671,1531183839670,1677384,0.00009220,1760.66000000,1
1531183851011,1531183850994,1677385,0.00009250,14.00000000,0
1531183851310,1531183851309,1677386,0.00009250,14.00000000,0
1531183851322,1531183851321,1677387,0.00009250,14.00000000,0
1531183851598,1531183851598,1677388,0.00009250,14.00000000,0
1531183851645,1531183851643,1677389,0.00009250,14.00000000,0
1531183851883,1531183851879,1677390,0.00009250,14.00000000,0
1531183851934,1531183851932,1677391,0.00009250,14.00000000,0
1531183852155,1531183852154,1677392,0.00009250,14.00000000,0
1531183852213,1531183852211,1677393,0.00009250,14.00000000,0
1531183852444,1531183852444,1677394,0.00009250,14.00000000,0
1531183852682,1531183852681,1677395,0.00009250,14.00000000,0
1531183852718,1531183852716,1677396,0.00009250,14.00000000,0
1531183853003,1531183853002,1677397,0.00009250,14.00000000,0
1531183853047,1531183853046,1677398,0.00009250,14.00000000,0
1531183853292,1531183853291,1677399,0.00009240,14.00000000,0
1531183853404,1531183853403,1677400,0.00009240,14.00000000,0
1531183853569,1531183853567,1677401,0.00009240,14.00000000,0
1531183853846,1531183853845,1677402,0.00009240,14.00000000,0
1531183854059,1531183854057,1677403,0.00009240,14.00000000,0
1531183854249,1531183854247,1677404,0.00009240,14.00000000,0
1531183854271,1531183854271,1677405,0.00009210,10.97000000,1
1531183854407,1531183854406,1677406,0.00009240,14.00000000,0
1531183854600,1531183854599,1677407,0.00009240,14.00000000,0
1531183856777,1531183856776,1677408,0.00009230,14.00000000,0
1531183856982,1531183856980,1677409,0.00009230,14.00000000,0
1531183857395,1531183857394,1677410,0.00009230,14.00000000,0
1531183857863,1531183857862,1677411,0.00009230,14.00000000,0
1531183858094,1531183858092,1677412,0.00009230,14.00000000,0
1531183858318,1531183858317,1677413,0.00009230,14.00000000,0
1531183858522,1531183858520,1677414,0.00009230,2.06000000,0
1531183858522,1531183858520,1677415,0.00009240,11.94000000,0
1531183858679,1531183858678,1677416,0.00009240,14.00000000,0
1531183858875,1531183858874,1677417,0.00009240,14.00000000,0
1531183859034,1531183859033,1677418,0.00009240,14.00000000,0
1531183870494,1531183870491,1677419,0.00009220,28.00000000,1
1531183870494,1531183870491,1677420,0.00009210,79.00000000,1
1531183875891,1531183875888,1677421,0.00009210,488.90000000,1
1531183875891,1531183875888,1677422,0.00009200,825.55000000,1
1531183875891,1531183875888,1677423,0.00009190,11694.55000000,1
1531183875902,1531183875901,1677424,0.00009200,79.50000000,0
1531183884523,1531183884522,1677425,0.00009190,2117.18000000,1
1531183884541,1531183884539,1677426,0.00009190,17.61000000,0
1531183884570,1531183884568,1677427,0.00009190,46.75000000,0
1531183886842,1531183886841,1677428,0.00009190,14.00000000,0
1531183887108,1531183887107,1677429,0.00009190,14.00000000,0
1531183887357,1531183887355,1677430,0.00009190,5.20000000,0
1531183887357,1531183887355,1677431,0.00009200,8.80000000,0
1531183887581,1531183887580,1677432,0.00009200,14.00000000,0
1531183887822,1531183887821,1677433,0.00009200,14.00000000,0
1531183888041,1531183888038,1677434,0.00009200,14.00000000,0
1531183888243,1531183888242,1677435,0.00009200,14.00000000,0
1531183888489,1531183888487,1677436,0.00009200,14.00000000,0
1531183888714,1531183888714,1677437,0.00009200,7.91000000,0
1531183888714,1531183888714,1677438,0.00009240,6.09000000,0
1531183888927,1531183888924,1677439,0.00009240,14.00000000,0
1531183889132,1531183889127,1677440,0.00009240,12.38000000,0
1531183889132,1531183889127,1677441,0.00009250,1.62000000,0
1531183893481,1531183893480,1677442,0.00009250,14.00000000,0
1531183893700,1531183893700,1677443,0.00009250,14.00000000,0
1531183893897,1531183893895,1677444,0.00009250,14.00000000,0
1531183894189,1531183894187,1677445,0.00009250,14.00000000,0
1531183894678,1531183894676,1677446,0.00009180,11.02000000,1
1531183894905,1531183894904,1677447,0.00009250,14.00000000,0
1531183895233,1531183895230,1677448,0.00009250,14.00000000,0
1531183895447,1531183895444,1677449,0.00009250,14.00000000,0
1531183895695,1531183895694,1677450,0.00009250,14.00000000,0
1531183896006,1531183896005,1677451,0.00009250,14.00000000,0
1531183896206,1531183896206,1677452,0.00009250,14.00000000,0
1531183918381,1531183918377,1677453,0.00009180,123.25000000,1
1531183918398,1531183918395,1677454,0.00009180,13.89000000,0
1531183918431,1531183918428,1677455,0.00009180,13.89000000,0
1531183918613,1531183918612,1677456,0.00009180,51.59000000,0
1531183923603,1531183923600,1677457,0.00009190,123.25000000,0
1531183929969,1531183929968,1677458,0.00009190,13.89000000,1
1531183930609,1531183930608,1677459,0.00009200,11.02000000,0
1531183935455,1531183935454,1677460,0.00009200,20.43000000,0
1531183936711,1531183936708,1677461,0.00009200,594.66000000,0
1531183978708,1531183978705,1677462,0.00009200,0.01000000,0
1531183979647,1531183979646,1677463,0.00009210,86.62000000,0
1531183986728,1531183986727,1677464,0.00009230,102.69000000,0
1531183993880,1531183993876,1677465,0.00009250,363.33000000,0
1531183994637,1531183994636,1677466,0.00009260,29.16000000,0
1531184037079,1531184037078,1677467,0.00009260,86.15000000,1
1531184037079,1531184037078,1677468,0.00009220,1513.04000000,1
1531184105994,1531184105992,1677469,0.00009240,1023.18000000,1
1531184106303,1531184106301,1677470,0.00009250,1.01000000,0
1531184109322,1531184109320,1677471,0.00009250,0.01000000,0
1531184110644,1531184110642,1677472,0.00009250,85.22000000,0
1531184166113,1531184166111,1677473,0.00009280,0.05000000,0
1531184187351,1531184187349,1677474,0.00009280,112.10000000,0
1531184190819,1531184190815,1677475,0.00009290,158.13000000,0
1531184194299,1531184194295,1677476,0.00009300,707.56000000,0
1531184200392,1531184200391,1677477,0.00009320,568.41000000,0
1531184200425,1531184200423,1677478,0.00009320,21.87000000,1
1531184200427,1531184200425,1677479,0.00009320,21.87000000,1
1531184203234,1531184203232,1677480,0.00009320,40.40000000,1
1531184204508,1531184204507,1677481,0.00009310,85.69000000,1
1531184212673,1531184212672,1677482,0.00009280,20.38000000,1
1531184235190,1531184235187,1677483,0.00009280,0.05000000,1
1531184258941,1531184258937,1677484,0.00009280,65.53000000,1
1531184262577,1531184262575,1677485,0.00009280,78.31000000,0
1531184262577,1531184262575,1677486,0.00009300,60.15000000,0
1531184530355,1531184530350,1677487,0.00009310,53.70000000,0
1531184688191,1531184688187,1677488,0.00009270,0.63000000,1
1531184806369,1531184806364,1677489,0.00009300,889.85000000,0
1531184829209,1531184829205,1677490,0.00009310,14.00000000,0
1531184829653,1531184829649,1677491,0.00009310,14.00000000,0
1531184829692,1531184829687,1677492,0.00009310,14.00000000,0
1531184829972,1531184829968,1677493,0.00009310,14.00000000,0
1531184830104,1531184830100,1677494,0.00009310,14.00000000,0
1531184856670,1531184856665,1677495,0.00009300,1110.15000000,1
1531184856670,1531184856665,1677496,0.00009290,6567.06000000,1
1531184858688,1531184858684,1677497,0.00009280,5010.79000000,1
1531184859685,1531184859681,1677498,0.00009270,29.43000000,1
1531184861799,1531184861794,1677499,0.00009290,107.00000000,0
1531184883600,1531184883596,1677500,0.00009280,85.96000000,0
1531184883600,1531184883596,1677501,0.00009290,21.79000000,0
1531185009971,1531185009968,1677502,0.00009250,10.79000000,1
1531185191233,1531185191227,1677503,0.00009250,21.65000000,1
1531185352721,1531185352715,1677504,0.00009250,1131.73000000,1
1531185354864,1531185354858,1677505,0.00009240,146.61000000,1
1531185417947,1531185417942,1677506,0.00009270,409.55000000,0
1531185501491,1531185501485,1677507,0.00009270,0.38000000,0
1531185792123,1531185792116,1677508,0.00009270,107.87000000,0
1531185847438,1531185847433,1677509,0.00009270,2.35000000,0
1531185847934,1531185847928,1677510,0.00009270,23.89000000,1
1531185874276,1531185874269,1677511,0.00009260,26.21000000,1
1531185927248,1531185927243,1677512,0.00009290,0.12000000,0
1531185942786,1531185942780,1677513,0.00009260,196.88000000,1
1531185943878,1531185943871,1677514,0.00009250,356.51000000,1
1531185944284,1531185944277,1677515,0.00009270,11.42000000,0
1531185944284,1531185944280,1677516,0.00009270,11.42000000,0
1531186039165,1531186039158,1677517,0.00009230,1297.03000000,1
1531186051806,1531186051802,1677518,0.00009220,60.40000000,1
1531186069766,1531186069761,1677519,0.00009210,53.70000000,1
1531186076593,1531186076588,1677520,0.00009210,10.97000000,1
1531186079870,1531186079863,1677521,0.00009210,258.47000000,1
1531186110590,1531186110585,1677522,0.00009230,14.31000000,0
1531186119771,1531186119765,1677523,0.00009230,0.36000000,0
1531186136252,1531186136246,1677524,0.00009210,10.97000000,1
1531186183324,1531186183318,1677525,0.00009210,709.30000000,1
1531186183324,1531186183318,1677526,0.00009190,385.75000000,1
1531186207340,1531186207331,1677527,0.00009190,854.72000000,1
1531186207340,1531186207331,1677528,0.00009180,48.93000000,1
1531186207340,1531186207331,1677529,0.00009170,37.97000000,1
1531186207340,1531186207331,1677530,0.00009160,202.85000000,1
1531186207340,1531186207331,1677531,0.00009150,620.73000000,1
1531186207340,1531186207331,1677532,0.00009140,181.10000000,1
1531186262757,1531186262750,1677533,0.00009170,16.41000000,0
1531186299158,1531186299154,1677534,0.00009160,13.95000000,0
1531186303280,1531186303273,1677535,0.00009150,11.72000000,1
1531186304967,1531186304960,1677536,0.00009150,20.13000000,0
1531186304967,1531186304960,1677537,0.00009170,66.31000000,0
1531186306913,1531186306908,1677538,0.00009140,34.84000000,1
1531186318706,1531186318700,1677539,0.00009140,115.00000000,1
1531186335567,1531186335560,1677540,0.00009140,103.84000000,1
1531186363512,1531186363507,1677541,0.00009140,74.98000000,1
1531186363590,1531186363585,1677542,0.00009140,11.70000000,0
1531186378587,1531186378553,1677543,0.00009130,104.05000000,1
1531186419837,1531186419832,1677544,0.00009130,11.07000000,1
1531186447853,1531186447848,1677545,0.00009160,13.70000000,1
1531186457161,1531186457156,1677546,0.00009130,42.62000000,1
1531186481703,1531186481697,1677547,0.00009130,395.02000000,1
1531186511862,1531186511855,1677548,0.00009160,15.43000000,1
1531186522834,1531186522828,1677549,0.00009140,11.72000000,1
1531186527784,1531186527779,1677550,0.00009160,26.61000000,0
1531186534217,1531186534211,1677551,0.00009160,217.66000000,0
1531186566351,1531186566344,1677552,0.00009170,55.73000000,0
1531186583116,1531186583111,1677553,0.00009170,13.00000000,0
1531186589992,1531186589987,1677554,0.00009170,40.49000000,0
1531186604213,1531186604206,1677555,0.00009170,509.21000000,0
1531186608309,1531186608304,1677556,0.00009170,2318.20000000,0
1531186608867,1531186608862,1677557,0.00009180,16.34000000,0
1531186703136,1531186703131,1677558,0.00009170,11.03000000,1
1531186716911,1531186716905,1677559,0.00009190,10.89000000,0
1531187085421,1531187085412,1677560,0.00009180,11.98000000,1
1531187085421,1531187085412,1677561,0.00009170,594.65000000,1
1531187085421,1531187085412,1677562,0.00009160,1156.53000000,1
1531187085421,1531187085412,1677563,0.00009140,219.26000000,1
1531187085421,1531187085412,1677564,0.00009130,235.71000000,1
1531187085421,1531187085412,1677565,0.00009120,604.94000000,1
1531187085421,1531187085412,1677566,0.00009110,1999.75000000,1
1531187085421,1531187085412,1677567,0.00009100,645.34000000,1
1531187085421,1531187085412,1677568,0.00009100,20.00000000,1
1531187085422,1531187085412,1677569,0.00009100,370.87000000,1
1531187085437,1531187085433,1677570,0.00009110,505.25000000,0
1531187085447,1531187085441,1677571,0.00009110,27.44000000,0
1531187085452,1531187085445,1677572,0.00009110,13.73000000,0
1531187085808,1531187085802,1677573,0.00009110,13.73000000,1
1531187088022,1531187088017,1677574,0.00009150,0.10000000,0
1531187090169,1531187090164,1677575,0.00009140,126.90000000,0
1531187093095,1531187093089,1677576,0.00009130,1196.38000000,0
1531187093118,1531187093113,1677577,0.00009150,46.98000000,0
1531187093308,1531187093302,1677578,0.00009130,126.91000000,1
1531187095088,1531187095083,1677579,0.00009150,40.21000000,0
1531187097092,1531187097086,1677580,0.00009150,11.03000000,0
1531187103089,1531187103083,1677581,0.00009160,144.66000000,0
1531187145981,1531187145976,1677582,0.00009150,11.04000000,1
1531187146367,1531187146361,1677583,0.00009150,36.43000000,1
1531187147875,1531187147869,1677584,0.00009150,8.60000000,1
1531187293040,1531187293036,1677585,0.00009170,12.00000000,0
1531187379641,1531187379635,1677586,0.00009170,104.03000000,0
1531187380525,1531187380520,1677587,0.00009170,19.53000000,1
1531187402972,1531187402968,1677588,0.00009180,86.90000000,0
1531187474369,1531187474364,1677589,0.00009200,85.63000000,0
1531187611379,1531187611375,1677590,0.00009190,0.06000000,0
1531187663034,1531187663028,1677591,0.00009190,0.52000000,0
1531187675442,1531187675436,1677592,0.00009170,13.70000000,1
1531187706486,1531187706481,1677593,0.00009190,348.56000000,0
1531188152501,1531188152498,1677594,0.00009190,23.76000000,1
1531188153074,1531188153071,1677595,0.00009190,85.56000000,1
1531188274089,1531188274084,1677596,0.00009170,76.09000000,1
1531188327184,1531188327180,1677597,0.00009180,3.52000000,0
1531188330205,1531188330202,1677598,0.00009180,0.01000000,0
1531188337206,1531188337203,1677599,0.00009180,38.09000000,0
1531188472101,1531188472098,1677600,0.00009160,63.22000000,1
1531188536753,1531188536747,1677601,0.00009180,45.28000000,0
1531188536753,1531188536747,1677602,0.00009190,11.78000000,0
1531188628974,1531188628969,1677603,0.00009190,63.77000000,0
1531189046286,1531189046280,1677604,0.00009150,87.19000000,1
1531189046286,1531189046280,1677605,0.00009140,545.76000000,1
1531189046286,1531189046280,1677606,0.00009130,367.05000000,1
1531189105100,1531189105097,1677607,0.00009120,11.09000000,1
1531189136311,1531189136307,1677608,0.00009120,104.05000000,1
1531189161213,1531189161212,1677609,0.00009130,103.65000000,1
1531189179930,1531189179928,1677610,0.00009140,0.47000000,0
1531189271966,1531189271960,1677611,0.00009120,10.52000000,1
1531189271966,1531189271960,1677612,0.00009100,459.19000000,1
1531189271966,1531189271960,1677613,0.00009070,77.66000000,1
1531189271967,1531189271960,1677614,0.00009070,295.69000000,1
1531189271967,1531189271960,1677615,0.00009060,80.74000000,1
1531189273363,1531189273359,1677616,0.00009130,23.66000000,0
1531189274496,1531189274492,1677617,0.00009080,12.91000000,1
1531189281137,1531189281133,1677618,0.00009110,87.42000000,0
1531189281552,1531189281549,1677619,0.00009110,179.04000000,0
1531189283452,1531189283449,1677620,0.00009090,64.10000000,0
1531189287318,1531189287314,1677621,0.00009110,0.30000000,0
1531189287318,1531189287314,1677622,0.00009140,55.97000000,0
1531189288523,1531189288519,1677623,0.00009140,20.73000000,0
1531189289999,1531189289998,1677624,0.00009140,28.12000000,0
1531189306319,1531189306315,1677625,0.00009090,27.50000000,1
1531189306319,1531189306315,1677626,0.00009080,60.52000000,1
1531189307065,1531189307061,1677627,0.00009080,27.34000000,1
1531189307065,1531189307061,1677628,0.00009060,25.73000000,1
1531189307065,1531189307061,1677629,0.00009050,51.42000000,1
1531189307066,1531189307061,1677630,0.00009050,100.00000000,1
1531189307066,1531189307061,1677631,0.00009050,17.15000000,1
1531189307066,1531189307061,1677632,0.00009040,22.85000000,1
1531189307067,1531189307061,1677633,0.00009040,150.25000000,1
1531189307484,1531189307481,1677634,0.00009090,38.30000000,1
1531189307484,1531189307481,1677635,0.00009030,68.08000000,1
1531189309121,1531189309119,1677636,0.00009050,2.52000000,1
1531189310157,1531189310155,1677637,0.00009090,51.14000000,0
1531189311235,1531189311232,1677638,0.00009090,43.50000000,1
1531189314175,1531189314173,1677639,0.00009080,38.40000000,0
1531189317587,1531189317586,1677640,0.00009080,49.00000000,0
1531189318041,1531189318038,1677641,0.00009080,0.46000000,0
1531189318041,1531189318038,1677642,0.00009090,56.10000000,0
1531189320464,1531189320462,1677643,0.00009060,52.73000000,1
1531189327505,1531189327501,1677644,0.00009060,17.28000000,1
1531189328118,1531189328116,1677645,0.00009060,11.15000000,1
1531189335944,1531189335941,1677646,0.00009060,6.89000000,1
1531189335944,1531189335941,1677647,0.00009040,96.73000000,1
1531189338512,1531189338511,1677648,0.00009070,43.37000000,0
1531189342064,1531189342062,1677649,0.00009040,0.08000000,1
1531189363967,1531189363962,1677650,0.00009040,88.49000000,1
1531189367905,1531189367902,1677651,0.00009040,11.18000000,1
1531189368344,1531189368340,1677652,0.00009040,36.87000000,1
1531189368468,1531189368465,1677653,0.00009040,11.18000000,1
1531189385417,1531189385413,1677654,0.00009070,71.56000000,0
1531189423580,1531189423577,1677655,0.00009040,138.46000000,1
1531189445009,1531189445009,1677656,0.00009030,97.37000000,1
1531189481659,1531189481659,1677657,0.00009030,13.59000000,1
1531189530517,1531189530514,1677658,0.00009070,11.13000000,0
1531189547502,1531189547498,1677659,0.00009050,250.94000000,1
1531189551705,1531189551702,1677660,0.00009060,185.83000000,0
1531189552407,1531189552405,1677661,0.00009060,0.40000000,0
1531189561773,1531189561770,1677662,0.00009050,674.11000000,1
1531189567887,1531189567885,1677663,0.00009030,317.65000000,1
1531189569526,1531189569523,1677664,0.00009030,23.68000000,0
1531189576898,1531189576894,1677665,0.00009050,546.79000000,0
1531189584476,1531189584474,1677666,0.00009030,23.65000000,1
1531189611930,1531189611926,1677667,0.00009030,11.19000000,1
1531189649300,1531189649296,1677668,0.00009050,110.49000000,0
1531189665149,1531189665145,1677669,0.00009050,879.24000000,0
1531189676954,1531189676952,1677670,0.00009050,14.79000000,0
1531189775801,1531189775797,1677671,0.00009050,1.20000000,0
1531189778834,1531189778831,1677672,0.00009050,0.01000000,0
1531189830958,1531189830954,1677673,0.00009030,229.72000000,1
1531189835260,1531189835257,1677674,0.00009020,56.42000000,1
1531189835261,1531189835257,1677675,0.00009020,100.00000000,1
1531189837436,1531189837433,1677676,0.00009020,873.13000000,1
1531189853080,1531189853076,1677677,0.00009010,763.00000000,1
1531189858175,1531189858172,1677678,0.00009010,94.25000000,1
1531189871676,1531189871673,1677679,0.00009010,80.26000000,1
1531189875492,1531189875489,1677680,0.00009000,76.16000000,1
1531189875492,1531189875489,1677681,0.00009000,13.88000000,1
1531189875492,1531189875489,1677682,0.00009000,25.00000000,1
1531189875494,1531189875489,1677683,0.00009000,425.53000000,1
1531189875495,1531189875489,1677684,0.00009000,1267.40000000,1
1531189875519,1531189875515,1677685,0.00008980,150.41000000,0
1531189875524,1531189875522,1677686,0.00008980,150.41000000,0
1531189875558,1531189875556,1677687,0.00008980,150.41000000,0
1531189875560,1531189875558,1677688,0.00008980,150.41000000,0
1531189875993,1531189875992,1677689,0.00008980,150.74000000,0
1531189877843,1531189877839,1677690,0.00008970,11.18000000,1
1531189877843,1531189877839,1677691,0.00008960,10.52000000,1
1531189880638,1531189880635,1677692,0.00008960,14.40000000,1
1531189880638,1531189880635,1677693,0.00008950,1.83000000,1
1531189883107,1531189883104,1677694,0.00008980,5.76000000,0
1531189889406,1531189889403,1677695,0.00008970,59.33000000,1
1531189889406,1531189889403,1677696,0.00008950,36.36000000,1
1531189890283,1531189890279,1677697,0.00008950,32.57000000,1
1531189890283,1531189890279,1677698,0.00008940,75.18000000,1
1531189899310,1531189899308,1677699,0.00008960,14.86000000,1
1531189899328,1531189899325,1677700,0.00008960,63.72000000,0
1531189914384,1531189914381,1677701,0.00008940,11.30000000,1
1531189934736,1531189934732,1677702,0.00008940,11.30000000,1
1531189936321,1531189936319,1677703,0.00008940,208.01000000,1
1531189936350,1531189936347,1677704,0.00008940,86.39000000,0
1531189936535,1531189936532,1677705,0.00008930,190.37000000,1
1531189936558,1531189936555,1677706,0.00008930,58.74000000,0
1531189936601,1531189936599,1677707,0.00008930,145.13000000,0
1531189937448,1531189937446,1677708,0.00008930,168.22000000,0
1531189942401,1531189942397,1677709,0.00008930,87.38000000,0
1531189950091,1531189950088,1677710,0.00008920,141.69000000,1
1531189950161,1531189950158,1677711,0.00008920,40.63000000,1
1531189950161,1531189950158,1677712,0.00008910,22.46000000,1
1531189950161,1531189950158,1677713,0.00008900,1146.09000000,1
1531189951225,1531189951222,1677714,0.00008900,176.58000000,0
1531189958210,1531189958210,1677715,0.00008890,19.08000000,1
1531189958210,1531189958210,1677716,0.00008880,76.62000000,1
1531189959176,1531189959176,1677717,0.00008910,123.45000000,0
1531189959977,1531189959974,1677718,0.00008890,32.49000000,1
1531189962909,1531189962905,1677719,0.00008910,43.16000000,0
1531189963200,1531189963198,1677720,0.00008890,0.29000000,1
1531189968761,1531189968758,1677721,0.00008890,263.37000000,1
1531189970196,1531189970192,1677722,0.00008890,197.52000000,1
1531189971543,1531189971541,1677723,0.00008890,148.14000000,1
1531189972050,1531189972048,1677724,0.00008890,101.83000000,1
1531189972450,1531189972446,1677725,0.00008890,103.73000000,1
1531189973524,1531189973523,1677726,0.00008890,106.38000000,1
1531189973826,1531189973824,1677727,0.00008890,111.11000000,1
1531189975248,1531189975246,1677728,0.00008890,101.52000000,1
1531189975633,1531189975629,1677729,0.00008890,333.34000000,1
1531189975883,1531189975879,1677730,0.00008890,102.24000000,1
1531189976384,1531189976381,1677731,0.00008890,11.27000000,1
1531189988162,1531189988159,1677732,0.00008900,11.24000000,0
1531189988228,1531189988225,1677733,0.00008900,16.26000000,0
1531189988250,1531189988249,1677734,0.00008910,133.09000000,0
1531189988274,1531189988272,1677735,0.00008910,137.22000000,1
1531189988310,1531189988307,1677736,0.00008910,71.62000000,1
1531189988438,1531189988435,1677737,0.00008910,58.24000000,1
1531189988666,1531189988665,1677738,0.00008910,418.27000000,1
1531189988825,1531189988821,1677739,0.00008910,0.03000000,1
1531189989275,1531189989271,1677740,0.00008910,0.08000000,1
1531189989279,1531189989275,1677741,0.00008910,429.45000000,1
1531189990066,1531189990064,1677742,0.00008900,37.54000000,1
1531189991965,1531189991963,1677743,0.00008900,0.02000000,1
1531189992600,1531189992597,1677744,0.00008900,17.63000000,1
1531189994143,1531189994139,1677745,0.00008920,32.02000000,0
1531189997191,1531189997188,1677746,0.00008910,8.78000000,1
1531190004542,1531190004540,1677747,0.00008920,7.24000000,0
1531190006749,1531190006745,1677748,0.00008920,1093.18000000,1
1531190006749,1531190006745,1677749,0.00008910,1366.83000000,1
1531190006749,1531190006745,1677750,0.00008900,827.56000000,1
1531190014756,1531190014753,1677751,0.00008940,0.05000000,0
1531190015291,1531190015288,1677752,0.00008940,12.29000000,1
1531190035967,1531190035963,1677753,0.00008920,7.98000000,1
1531190036608,1531190036604,1677754,0.00008920,11.33000000,1
1531190057310,1531190057307,1677755,0.00008950,16.93000000,1
1531190079586,1531190079582,1677756,0.00008950,14.07000000,0
1531190088809,1531190088804,1677757,0.00008930,382.99000000,1
1531190091355,1531190091352,1677758,0.00008930,795.62000000,1
1531190097309,1531190097307,1677759,0.00008930,883.96000000,1
1531190099314,1531190099311,1677760,0.00008920,261.14000000,1
1531190101320,1531190101317,1677761,0.00008930,662.97000000,1
1531190107314,1531190107310,1677762,0.00008920,497.78000000,1
1531190113315,1531190113312,1677763,0.00008920,373.34000000,1
1531190117322,1531190117318,1677764,0.00008920,280.00000000,1
1531190119311,1531190119308,1677765,0.00008910,22.44000000,1
1531190121313,1531190121310,1677766,0.00008920,210.00000000,1
1531190133339,1531190133336,1677767,0.00008920,25.84000000,1
1531190149059,1531190149055,1677768,0.00008900,117.93000000,1
1531190159696,1531190159692,1677769,0.00008940,172.79000000,0
1531190174257,1531190174254,1677770,0.00008940,280.78000000,0
1531190174257,1531190174254,1677771,0.00008970,298.50000000,0
1531190232273,1531190232270,1677772,0.00008910,44.75000000,1
1531190232273,1531190232270,1677773,0.00008900,1062.60000000,1
1531190248850,1531190248848,1677774,0.00008940,11.23000000,0
1531190258683,1531190258680,1677775,0.00008900,11.37000000,1
1531190318998,1531190318996,1677776,0.00008900,11.37000000,1
1531190322270,1531190322267,1677777,0.00008900,158.12000000,1
1531190332849,1531190332847,1677778,0.00008900,73.61000000,1
1531190372815,1531190372813,1677779,0.00008900,104.89000000,1
1531190377165,1531190377162,1677780,0.00008900,77.68000000,0
1531190380366,1531190380362,1677781,0.00008900,44.94000000,0
1531190443236,1531190443233,1677782,0.00008890,85.63000000,1
1531190450906,1531190450901,1677783,0.00008890,313.24000000,1
1531190459373,1531190459371,1677784,0.00008880,111.96000000,1
1531190465340,1531190465337,1677785,0.00008880,1266.69000000,1
1531190467338,1531190467334,1677786,0.00008870,50.56000000,1
1531190473000,1531190472997,1677787,0.00008860,45.22000000,1
1531190473000,1531190472997,1677788,0.00008850,67.90000000,1
1531190473000,1531190472997,1677789,0.00008840,118.91000000,1
1531190473000,1531190472997,1677790,0.00008830,355.03000000,1
1531190483050,1531190483049,1677791,0.00008880,89.84000000,0
1531190483050,1531190483049,1677792,0.00008890,22.64000000,0
1531190483933,1531190483928,1677793,0.00008830,56.84000000,1
1531190483933,1531190483928,1677794,0.00008820,20.09000000,1
1531190483933,1531190483928,1677795,0.00008810,125.94000000,1
1531190484406,1531190484402,1677796,0.00008820,23.24000000,0
1531190484407,1531190484403,1677797,0.00008820,25.02000000,0
1531190484489,1531190484485,1677798,0.00008820,446.24000000,0
1531190489421,1531190489416,1677799,0.00008840,64.58000000,1
1531190513134,1531190513130,1677800,0.00008840,25.66000000,1
1531190513683,1531190513678,1677801,0.00008800,94.15000000,1
1531190513683,1531190513678,1677802,0.00008790,29.01000000,1
1531190513683,1531190513678,1677803,0.00008770,275.32000000,1
1531190514613,1531190514610,1677804,0.00008780,68.27000000,1
1531190514613,1531190514610,1677805,0.00008760,177.29000000,1
1531190514613,1531190514610,1677806,0.00008750,25.30000000,1
1531190514614,1531190514610,1677807,0.00008750,54.59000000,1
1531190514614,1531190514610,1677808,0.00008740,694.66000000,1
1531190515454,1531190515450,1677809,0.00008780,443.30000000,0
1531190517815,1531190517813,1677810,0.00008780,170.00000000,0
1531190518416,1531190518406,1677811,0.00008750,197.57000000,1
1531190518416,1531190518406,1677812,0.00008730,28.64000000,1
1531190518416,1531190518406,1677813,0.00008720,313.21000000,1
1531190518416,1531190518406,1677814,0.00008710,160.50000000,1
1531190518416,1531190518406,1677815,0.00008700,162.89000000,1
1531190518416,1531190518406,1677816,0.00008690,108.88000000,1
1531190518416,1531190518406,1677817,0.00008670,91.70000000,1
1531190518416,1531190518406,1677818,0.00008660,3252.13000000,1
1531190518416,1531190518406,1677819,0.00008650,651.33000000,1
1531190518416,1531190518406,1677820,0.00008640,3196.55000000,1
1531190518416,1531190518406,1677821,0.00008630,1569.99000000,1
1531190518416,1531190518406,1677822,0.00008620,822.83000000,1
1531190518416,1531190518406,1677823,0.00008620,102.80000000,1
1531190518432,1531190518429,1677824,0.00008680,93.51000000,0
1531190518566,1531190518563,1677825,0.00008700,50.70000000,1
1531190518772,1531190518769,1677826,0.00008780,1.13000000,0
1531190518885,1531190518882,1677827,0.00008720,13.90000000,1
1531190519167,1531190519164,1677828,0.00008710,57.09000000,1
1531190519586,1531190519581,1677829,0.00008710,16.02000000,1
1531190519857,1531190519853,1677830,0.00008710,34.14000000,1
1531190520227,1531190520223,1677831,0.00008710,172.07000000,1
1531190520274,1531190520272,1677832,0.00008720,115.31000000,0
1531190520300,1531190520298,1677833,0.00008750,64.45000000,0
1531190520302,1531190520300,1677834,0.00008730,22.47000000,1
1531190520975,1531190520972,1677835,0.00008750,4.38000000,0
1531190520975,1531190520972,1677836,0.00008760,40.56000000,0
1531190522336,1531190522332,1677837,0.00008750,46.29000000,0
1531190522987,1531190522985,1677838,0.00008740,34.13000000,0
1531190523351,1531190523346,1677839,0.00008750,11.55000000,0
1531190525348,1531190525345,1677840,0.00008760,68.58000000,0
1531190527184,1531190527180,1677841,0.00008780,20.73000000,0
1531190530096,1531190530093,1677842,0.00008780,157.98000000,0
1531190537354,1531190537350,1677843,0.00008770,93.77000000,0
1531190537637,1531190537633,1677844,0.00008750,0.08000000,1
1531190537737,1531190537733,1677845,0.00008750,0.01000000,1
1531190538262,1531190538258,1677846,0.00008750,0.06000000,1
1531190541425,1531190541422,1677847,0.00008770,761.69000000,0
1531190541511,1531190541508,1677848,0.00008770,1433.76000000,0
1531190542079,1531190542076,1677849,0.00008750,104.60000000,1
1531190542503,1531190542502,1677850,0.00008740,107.87000000,1
1531190544555,1531190544552,1677851,0.00008740,108.10000000,1
1531190545280,1531190545278,1677852,0.00008740,107.87000000,1
1531190551137,1531190551135,1677853,0.00008780,11.44000000,0
1531190551345,1531190551340,1677854,0.00008780,501.26000000,0
1531190554339,1531190554336,1677855,0.00008790,379.39000000,0
1531190554713,1531190554709,1677856,0.00008750,105.37000000,1
1531190561264,1531190561260,1677857,0.00008750,17.90000000,1
1531190561492,1531190561488,1677858,0.00008750,11.55000000,1
1531190562025,1531190562021,1677859,0.00008750,8.93000000,1
1531190566996,1531190566992,1677860,0.00008750,415.29000000,1
1531190567455,1531190567451,1677861,0.00008750,986.98000000,1
1531190569158,1531190569156,1677862,0.00008750,160.11000000,1
1531190570175,1531190570171,1677863,0.00008750,342.82000000,1
1531190570175,1531190570171,1677864,0.00008730,235.88000000,1
1531190578630,1531190578626,1677865,0.00008740,0.02000000,1
1531190588242,1531190588238,1677866,0.00008740,11.56000000,0
1531190588909,1531190588905,1677867,0.00008770,278.41000000,0
1531190588909,1531190588905,1677868,0.00008780,34.17000000,0
1531190594862,1531190594859,1677869,0.00008760,31.73000000,1
1531190598641,1531190598639,1677870,0.00008790,37.54000000,0
1531190599311,1531190599308,1677871,0.00008790,502.50000000,0
1531190599311,1531190599308,1677872,0.00008800,537.35000000,0
1531190600885,1531190600881,1677873,0.00008800,448.02000000,0
1531190601654,1531190601653,1677874,0.00008800,0.03000000,1
1531190606453,1531190606449,1677875,0.00008810,54.48000000,0
1531190609444,1531190609441,1677876,0.00008810,381.60000000,0
1531190609676,1531190609673,1677877,0.00008800,0.02000000,1
1531190613437,1531190613434,1677878,0.00008820,376.68000000,0
1531190621032,1531190621029,1677879,0.00008810,30.69000000,1
1531190621759,1531190621756,1677880,0.00008840,46.98000000,0
1531190629773,1531190629770,1677881,0.00008820,0.01000000,1
1531190643784,1531190643783,1677882,0.00008810,37.84000000,1
1531190661474,1531190661471,1677883,0.00008820,27.56000000,0
1531190677165,1531190677163,1677884,0.00008840,78.47000000,0
1531190680696,1531190680691,1677885,0.00008850,187.86000000,1
1531190686063,1531190686060,1677886,0.00008850,9.71000000,0
1531190689943,1531190689939,1677887,0.00008850,329.27000000,1
1531190689943,1531190689939,1677888,0.00008840,487.13000000,1
1531190699632,1531190699630,1677889,0.00008830,166.68000000,0
1531190737194,1531190737192,1677890,0.00008840,24.74000000,0
1531190773768,1531190773764,1677891,0.00008860,9.01000000,0
1531190774823,1531190774820,1677892,0.00008860,7.93000000,0
1531190774823,1531190774820,1677893,0.00008880,1.08000000,0
1531190775874,1531190775871,1677894,0.00008880,9.01000000,0
1531190776939,1531190776937,1677895,0.00008880,9.01000000,0
1531190777988,1531190777985,1677896,0.00008880,9.01000000,0
1531190779044,1531190779040,1677897,0.00008880,9.01000000,0
1531190780561,1531190780558,1677898,0.00008880,9.01000000,0
1531190781610,1531190781605,1677899,0.00008880,9.01000000,0
1531190783125,1531190783122,1677900,0.00008880,9.01000000,0
1531190784639,1531190784635,1677901,0.00008880,9.01000000,0
1531190784677,1531190784674,1677902,0.00008880,0.70000000,0
1531190784677,1531190784674,1677903,0.00008890,11.25000000,0
1531190784677,1531190784674,1677904,0.00008900,98.05000000,0
1531190789385,1531190789381,1677905,0.00008890,0.82000000,0
1531190790385,1531190790382,1677906,0.00008860,0.82000000,0
1531190791385,1531190791381,1677907,0.00008860,0.82000000,0
1531190792387,1531190792384,1677908,0.00008850,0.82000000,0
1531190793386,1531190793382,1677909,0.00008850,0.82000000,0
1531190794743,1531190794739,1677910,0.00008850,0.82000000,0
1531190796090,1531190796087,1677911,0.00008860,0.82000000,0
1531190797327,1531190797326,1677912,0.00008840,14.77000000,1
1531190797459,1531190797457,1677913,0.00008860,0.82000000,0
1531190798461,1531190798457,1677914,0.00008860,0.82000000,0
1531190799810,1531190799805,1677915,0.00008860,0.82000000,0
1531190808166,1531190808163,1677916,0.00008860,13.26000000,0
1531190808166,1531190808163,1677917,0.00008890,30.44000000,0
1531190809215,1531190809212,1677918,0.00008890,8.25000000,0
1531190809215,1531190809212,1677919,0.00008900,35.45000000,0
1531190810114,1531190810109,1677920,0.00008900,43.70000000,0
1531190811006,1531190811003,1677921,0.00008900,43.70000000,0
1531190811911,1531190811908,1677922,0.00008900,43.70000000,0
1531190812816,1531190812812,1677923,0.00008900,30.94000000,0
1531190812816,1531190812812,1677924,0.00008910,12.76000000,0
1531190813708,1531190813705,1677925,0.00008910,43.70000000,0
1531190814596,1531190814592,1677926,0.00008910,1.97000000,0
1531190814596,1531190814592,1677927,0.00008920,41.73000000,0
1531190815490,1531190815486,1677928,0.00008920,43.70000000,0
1531190816385,1531190816380,1677929,0.00008920,5.19000000,0
1531190816385,1531190816380,1677930,0.00008930,38.51000000,0
1531190865123,1531190865119,1677931,0.00008840,11.44000000,1
1531190887533,1531190887530,1677932,0.00008860,11.29000000,0
1531190887533,1531190887530,1677933,0.00008880,0.02000000,0
1531190907682,1531190907679,1677934,0.00008880,155.91000000,0
1531190926359,1531190926356,1677935,0.00008890,22.50000000,0
1531190940933,1531190940929,1677936,0.00008840,321.78000000,1
1531190940933,1531190940929,1677937,0.00008830,796.51000000,1
1531190943546,1531190943543,1677938,0.00008830,1693.11000000,1
1531190945090,1531190945088,1677939,0.00008870,346.98000000,0
1531190947401,1531190947396,1677940,0.00008830,265.12000000,1
1531191005784,1531191005781,1677941,0.00008810,16.94000000,1
1531191012983,1531191012982,1677942,0.00008860,48.30000000,0
1531191027159,1531191027154,1677943,0.00008870,333.22000000,0
1531191027159,1531191027154,1677944,0.00008880,1426.74000000,0
1531191135378,1531191135375,1677945,0.00008850,26.45000000,0
1531191255946,1531191255942,1677946,0.00008860,0.24000000,0
1531191293105,1531191293101,1677947,0.00008860,11.05000000,0
1531191293105,1531191293101,1677948,0.00008870,0.23000000,0
1531191324583,1531191324580,1677949,0.00008860,77.16000000,1
1531191367697,1531191367694,1677950,0.00008870,0.94000000,0
1531191370666,1531191370665,1677951,0.00008870,0.01000000,0
1531191378899,1531191378894,1677952,0.00008850,77.16000000,1
1531191378899,1531191378894,1677953,0.00008830,1459.77000000,1
1531191378932,1531191378931,1677954,0.00008830,77.68000000,0
1531191393453,1531191393451,1677955,0.00008820,2000.00000000,1
1531191398448,1531191398443,1677956,0.00008800,127.19000000,1
1531191403986,1531191403983,1677957,0.00008790,348.55000000,1
1531191404549,1531191404546,1677958,0.00008790,384.44000000,1
1531191489643,1531191489641,1677959,0.00008820,19.63000000,0
1531191491016,1531191491012,1677960,0.00008780,73.67000000,1
1531191500473,1531191500469,1677961,0.00008780,51.20000000,1
1531191517976,1531191517972,1677962,0.00008770,40.00000000,1
1531191551907,1531191551903,1677963,0.00008770,11.52000000,1
1531191557703,1531191557698,1677964,0.00008770,77.19000000,1
1531191559468,1531191559464,1677965,0.00008760,49.09000000,1
1531191561702,1531191561697,1677966,0.00008790,144.32000000,0
1531191566985,1531191566981,1677967,0.00008750,34.11000000,1
1531191566985,1531191566981,1677968,0.00008700,80.71000000,1
1531191567029,1531191567027,1677969,0.00008700,12.43000000,0
1531191567037,1531191567032,1677970,0.00008700,12.43000000,0
1531191567057,1531191567052,1677971,0.00008700,34.35000000,0
1531191567351,1531191567346,1677972,0.00008700,323.97000000,0
1531191568010,1531191568008,1677973,0.00008700,833.82000000,1
1531191572001,1531191572000,1677974,0.00008710,11.61000000,1
1531191572450,1531191572448,1677975,0.00008710,2.06000000,1
1531191572450,1531191572448,1677976,0.00008700,189.52000000,1
1531191575930,1531191575927,1677977,0.00008710,11.98000000,1
1531191577529,1531191577525,1677978,0.00008760,44.94000000,0
1531191578311,1531191578309,1677979,0.00008710,34.35000000,1
1531191578853,1531191578850,1677980,0.00008710,34.34000000,1
1531191582604,1531191582603,1677981,0.00008710,22.90000000,1
1531191585002,1531191584999,1677982,0.00008700,126.08000000,1
1531191585409,1531191585406,1677983,0.00008700,383.92000000,0
1531191587466,1531191587461,1677984,0.00008710,91.59000000,0
1531191594554,1531191594549,1677985,0.00008690,24.67000000,1
1531191594554,1531191594549,1677986,0.00008680,76.34000000,1
1531191594554,1531191594549,1677987,0.00008680,15.57000000,1
1531191595467,1531191595463,1677988,0.00008680,1202.86000000,0
1531191595529,1531191595528,1677989,0.00008670,108.69000000,1
1531191597399,1531191597396,1677990,0.00008680,0.95000000,1
1531191611568,1531191611564,1677991,0.00008680,8.55000000,1
1531191611661,1531191611657,1677992,0.00008710,77.67000000,1
1531191612120,1531191612116,1677993,0.00008710,146.52000000,1
1531191612203,1531191612200,1677994,0.00008710,38.40000000,1
1531191612484,1531191612481,1677995,0.00008710,8.55000000,1
1531191612597,1531191612594,1677996,0.00008720,25.67000000,0
1531191613386,1531191613385,1677997,0.00008710,8.55000000,1
1531191614279,1531191614275,1677998,0.00008720,8.55000000,1
1531191615185,1531191615183,1677999,0.00008720,8.55000000,1
1531191616076,1531191616074,1678000,0.00008720,8.55000000,1
1531191616716,1531191616715,1678001,0.00008720,0.22000000,1
1531191616967,1531191616962,1678002,0.00008720,8.55000000,1
1531191617730,1531191617726,1678003,0.00008720,0.22000000,1
1531191617871,1531191617868,1678004,0.00008720,8.55000000,1
1531191618732,1531191618728,1678005,0.00008710,0.22000000,1
1531191618781,1531191618778,1678006,0.00008710,8.55000000,1
1531191619677,1531191619673,1678007,0.00008710,8.55000000,1
1531191619737,1531191619734,1678008,0.00008710,0.22000000,1
1531191620738,1531191620733,1678009,0.00008720,0.22000000,1
1531191621734,1531191621730,1678010,0.00008720,0.22000000,1
1531191621846,1531191621841,1678011,0.00008720,14.07000000,1
1531191622740,1531191622736,1678012,0.00008720,0.22000000,1
1531191623759,1531191623756,1678013,0.00008710,0.22000000,1
1531191624759,1531191624757,1678014,0.00008710,0.22000000,1
1531191625753,1531191625750,1678015,0.00008710,0.22000000,1
1531191630676,1531191630671,1678016,0.00008730,34.42000000,0
1531191630676,1531191630671,1678017,0.00008740,23.50000000,0
1531191630676,1531191630671,1678018,0.00008780,432.25000000,0
1531191630676,1531191630671,1678019,0.00008790,1806.04000000,0
1531191630797,1531191630793,1678020,0.00008790,3009.99000000,0
1531191632436,1531191632431,1678021,0.00008800,4695.59000000,0
1531191632436,1531191632431,1678022,0.00008820,986.10000000,0
1531191632436,1531191632431,1678023,0.00008830,6.59000000,0
1531191633348,1531191633345,1678024,0.00008800,11.60000000,1
1531191633596,1531191633594,1678025,0.00008830,147.73000000,0
1531191633596,1531191633594,1678026,0.00008880,1948.71000000,0
1531191638089,1531191638085,1678027,0.00008810,12.43000000,1
1531191641621,1531191641619,1678028,0.00008870,16.91000000,0
1531191641978,1531191641975,1678029,0.00008870,57.01000000,0
1531191652061,1531191652058,1678030,0.00008840,12.43000000,0
1531191652061,1531191652058,1678031,0.00008850,16.95000000,0
1531191652061,1531191652058,1678032,0.00008870,3304.89000000,0
1531191652073,1531191652069,1678033,0.00008870,42.48000000,1
1531191652178,1531191652176,1678034,0.00008870,34.67000000,1
1531191653391,1531191653387,1678035,0.00008870,128.39000000,1
1531191655029,1531191655024,1678036,0.00008880,1127.39000000,0
1531191655045,1531191655041,1678037,0.00008880,2008.62000000,0
1531191655045,1531191655041,1678038,0.00008900,3628.35000000,0
1531191655174,1531191655173,1678039,0.00008900,169.10000000,0
1531191655188,1531191655184,1678040,0.00008900,56.36000000,0
1531191655698,1531191655694,1678041,0.00008900,1127.39000000,0
1531191656889,1531191656885,1678042,0.00008880,298.99000000,1
1531191659968,1531191659962,1678043,0.00008900,774.98000000,0
1531191659968,1531191659962,1678044,0.00008910,607.22000000,0
1531191659968,1531191659962,1678045,0.00008930,11.20000000,0
1531191659968,1531191659962,1678046,0.00008950,154.68000000,0
1531191659968,1531191659962,1678047,0.00008960,39.10000000,0
1531191659968,1531191659962,1678048,0.00008970,276.73000000,0
1531191659968,1531191659962,1678049,0.00008980,3014.84000000,0
1531191660231,1531191660230,1678050,0.00008890,824.17000000,1
1531191660231,1531191660230,1678051,0.00008880,245.08000000,1
1531191661395,1531191661391,1678052,0.00008970,22.12000000,0
1531191666839,1531191666835,1678053,0.00008890,11.28000000,1
1531191666947,1531191666944,1678054,0.00008890,2.04000000,1
1531191668465,1531191668462,1678055,0.00008900,2.04000000,1
1531191669519,1531191669518,1678056,0.00008900,2.04000000,1
1531191670074,1531191670071,1678057,0.00008930,20.00000000,0
1531191672035,1531191672030,1678058,0.00008900,2.04000000,1
1531191672126,1531191672125,1678059,0.00008900,3531.74000000,1
1531191673099,1531191673096,1678060,0.00008880,2.04000000,1
1531191673189,1531191673185,1678061,0.00008880,515.71000000,1
1531191673489,1531191673484,1678062,0.00008880,134.82000000,1
1531191674612,1531191674608,1678063,0.00008880,2.04000000,1
1531191674641,1531191674637,1678064,0.00008880,295.39000000,1
1531191675675,1531191675670,1678065,0.00008870,2.04000000,1
1531191676272,1531191676271,1678066,0.00008870,412.08000000,1
1531191676719,1531191676718,1678067,0.00008870,2.04000000,1
1531191677248,1531191677245,1678068,0.00008870,389.97000000,1
1531191677764,1531191677761,1678069,0.00008870,2.04000000,1
1531191678262,1531191678259,1678070,0.00008880,22.12000000,0
1531191678646,1531191678642,1678071,0.00008880,236.23000000,1
1531191678806,1531191678804,1678072,0.00008870,2.04000000,1
1531191694791,1531191694790,1678073,0.00008870,34.42000000,1
1531191695476,1531191695472,1678074,0.00008870,529.27000000,1
1531191757775,1531191757770,1678075,0.00008870,451.65000000,0
1531191764978,1531191764976,1678076,0.00008840,15.35000000,1
1531191775030,1531191775026,1678077,0.00008840,63.44000000,1
1531191776460,1531191776456,1678078,0.00008840,114.03000000,0
1531191780080,1531191780076,1678079,0.00008840,112.73000000,0
1531191783550,1531191783547,1678080,0.00008840,378.08000000,0
1531191852724,1531191852720,1678081,0.00008860,63.91000000,1
1531191891275,1531191891272,1678082,0.00008860,1506.93000000,1
1531191896269,1531191896266,1678083,0.00008870,240.58000000,0
1531191896269,1531191896266,1678084,0.00008880,765.11000000,0
1531191897854,1531191897850,1678085,0.00008880,177.00000000,0
1531191912195,1531191912191,1678086,0.00008880,62.66000000,0
1531191914724,1531191914721,1678087,0.00008860,11.40000000,1
1531191916223,1531191916219,1678088,0.00008860,353.60000000,1
1531191918794,1531191918791,1678089,0.00008880,1200.00000000,0
1531191952691,1531191952686,1678090,0.00008880,450.45000000,0
1531191957029,1531191957028,1678091,0.00008880,3.57000000,0
1531191960057,1531191960053,1678092,0.00008880,0.01000000,0
1531192013746,1531192013742,1678093,0.00008860,24.69000000,1
1531192022995,1531192022991,1678094,0.00008880,14.64000000,0
1531192143554,1531192143552,1678095,0.00008880,26.93000000,0
1531192173170,1531192173166,1678096,0.00008870,388.16000000,0
1531192193972,1531192193969,1678097,0.00008820,26.69000000,1
1531192216577,1531192216574,1678098,0.00008840,34.33000000,1
1531192216652,1531192216648,1678099,0.00008840,297.89000000,1
1531192255626,1531192255621,1678100,0.00008840,30.83000000,1
