event_time,trade_time,trade_id,price,quantity,maker
1531160287002,1531160287002,12575631,0.01213800,2.48000000,1
1531160287263,1531160287260,12575632,0.01213800,24.98000000,1
1531160288000,1531160287997,12575633,0.01213800,0.62000000,1
1531160292031,1531160292028,12575634,0.01213800,0.47000000,1
1531160293340,1531160293336,12575635,0.01213800,9.36000000,1
1531160293370,1531160293368,12575636,0.01213900,4.58000000,0
1531160294527,1531160294526,12575637,0.01213800,1.17000000,1
1531160296227,1531160296223,12575638,0.01213800,0.23000000,1
1531160301345,1531160301342,12575639,0.01213900,27.39000000,0
1531160301355,1531160301351,12575640,0.01213800,9.35000000,1
1531160302255,1531160302251,12575641,0.01214000,0.81000000,0
1531160302255,1531160302251,12575642,0.01214500,0.13000000,0
1531160304187,1531160304184,12575643,0.01214500,1.73000000,0
1531160306087,1531160306084,12575644,0.01213900,6.84000000,1
1531160306091,1531160306087,12575645,0.01213900,0.07000000,1
1531160306091,1531160306087,12575646,0.01213800,0.52000000,1
1531160306091,1531160306088,12575647,0.01214200,33.17000000,0
1531160306144,1531160306142,12575648,0.01213800,8.88000000,1
1531160311247,1531160311244,12575649,0.01213800,0.23000000,1
1531160311254,1531160311250,12575650,0.01213200,7.42000000,1
1531160312238,1531160312234,12575651,0.01213200,8.75000000,1
1531160319489,1531160319489,12575652,0.01212900,8.91000000,1
1531160319506,1531160319504,12575653,0.01213900,6.91000000,0
1531160319740,1531160319738,12575654,0.01212800,0.12000000,1
1531160325743,1531160325740,12575655,0.01212800,0.77000000,1
1531160325743,1531160325740,12575656,0.01212700,0.71000000,1
1531160329991,1531160329988,12575657,0.01213800,0.34000000,1
1531160333559,1531160333556,12575658,0.01212900,4.00000000,1
1531160346847,1531160346844,12575659,0.01214000,0.53000000,0
1531160352822,1531160352818,12575660,0.01213900,0.04000000,0
1531160353154,1531160353151,12575661,0.01213300,13.22000000,0
1531160353171,1531160353168,12575662,0.01213900,8.45000000,0
1531160357909,1531160357907,12575663,0.01213900,0.04000000,1
1531160364852,1531160364849,12575664,0.01212700,0.65000000,1
1531160371018,1531160371015,12575665,0.01213400,17.22000000,0
1531160371027,1531160371024,12575666,0.01212900,17.14000000,1
1531160372775,1531160372772,12575667,0.01212700,0.63000000,1
1531160373326,1531160373323,12575668,0.01212700,0.63000000,1
1531160374431,1531160374427,12575669,0.01213900,2.00000000,0
1531160389483,1531160389480,12575670,0.01213400,16.03000000,0
1531160389497,1531160389494,12575671,0.01213000,7.54000000,1
1531160397902,1531160397899,12575672,0.01213900,0.01000000,0
1531160398470,1531160398467,12575673,0.01213100,0.83000000,1
1531160398677,1531160398674,12575674,0.01213900,0.06000000,0
1531160400097,1531160400094,12575675,0.01213900,1.50000000,0
1531160402366,1531160402363,12575676,0.01213100,10.66000000,1
1531160402388,1531160402386,12575677,0.01212900,12.40000000,1
1531160409096,1531160409092,12575678,0.01212900,8.50000000,0
1531160409754,1531160409751,12575679,0.01212900,12.36000000,0
1531160420591,1531160420588,12575680,0.01213900,0.09000000,0
1531160420591,1531160420588,12575681,0.01214000,0.18000000,0
1531160421515,1531160421510,12575682,0.01213000,6.41000000,1
1531160421535,1531160421532,12575683,0.01213000,11.99000000,1
1531160428236,1531160428235,12575684,0.01213000,1.08000000,0
1531160432420,1531160432417,12575685,0.01213000,0.53000000,0
1531160432420,1531160432417,12575686,0.01214000,5.33000000,0
1531160434691,1531160434687,12575687,0.01213000,0.89000000,1
1531160435868,1531160435866,12575688,0.01213000,6.81000000,1
1531160448631,1531160448626,12575689,0.01213400,25.71000000,0
1531160448648,1531160448644,12575690,0.01214200,14.51000000,0
1531160455408,1531160455405,12575691,0.01214100,0.46000000,0
1531160464724,1531160464723,12575692,0.01213800,8.27000000,0
1531160464769,1531160464768,12575693,0.01213800,0.01000000,0
1531160464769,1531160464768,12575694,0.01213900,1.82000000,0
1531160469857,1531160469855,12575695,0.01212700,2.22000000,1
1531160473362,1531160473358,12575696,0.01213900,0.44000000,0
1531160476518,1531160476514,12575697,0.01213300,3.37000000,0
1531160476530,1531160476526,12575698,0.01213900,2.60000000,0
1531160490830,1531160490828,12575699,0.01214100,3.76000000,0
1531160490838,1531160490835,12575700,0.01213900,0.44000000,1
1531160499810,1531160499807,12575701,0.01212900,6.50000000,0
1531160517238,1531160517235,12575702,0.01212800,28.60000000,0
1531160517251,1531160517247,12575703,0.01212900,19.26000000,0
1531160517628,1531160517625,12575704,0.01213000,0.17000000,0
1531160530662,1531160530659,12575705,0.01212800,3.22000000,1
1531160551697,1531160551694,12575706,0.01212800,7.21000000,0
1531160551711,1531160551707,12575707,0.01212900,4.41000000,0
1531160564143,1531160564140,12575708,0.01212700,9.07000000,1
1531160574118,1531160574115,12575709,0.01212700,2.48000000,1
1531160586535,1531160586531,12575710,0.01212800,16.89000000,1
1531160586535,1531160586531,12575711,0.01212700,2.69000000,1
1531160595178,1531160595175,12575712,0.01212700,1.75000000,0
1531160602171,1531160602166,12575713,0.01212500,0.59000000,1
1531160602177,1531160602175,12575714,0.01212500,23.95000000,0
1531160602195,1531160602191,12575715,0.01212600,8.15000000,0
1531160603180,1531160603177,12575716,0.01212700,0.50000000,0
1531160614975,1531160614973,12575717,0.01212600,14.87000000,0
1531160614992,1531160614988,12575718,0.01212500,1.04000000,1
1531160626865,1531160626863,12575719,0.01212100,0.26000000,1
1531160627537,1531160627534,12575720,0.01212400,1.22000000,0
1531160628999,1531160628998,12575721,0.01212200,15.77000000,0
1531160629012,1531160629008,12575722,0.01212400,16.01000000,0
1531160629025,1531160629021,12575723,0.01212500,23.49000000,0
1531160637675,1531160637672,12575724,0.01212600,13.70000000,0
1531160637690,1531160637686,12575725,0.01212500,1.04000000,1
1531160637705,1531160637702,12575726,0.01212400,1.22000000,1
1531160649553,1531160649550,12575727,0.01212300,0.25000000,0
1531160650287,1531160650284,12575728,0.01212100,0.53000000,1
1531160652526,1531160652523,12575729,0.01212300,18.73000000,0
1531160652544,1531160652540,12575730,0.01212300,15.24000000,0
1531160652555,1531160652555,12575731,0.01212400,16.01000000,0
1531160655751,1531160655746,12575732,0.01212700,1.41000000,0
1531160658341,1531160658338,12575733,0.01212400,0.34000000,1
1531160665771,1531160665769,12575734,0.01212500,4.21000000,0
1531160665783,1531160665780,12575735,0.01212600,4.83000000,0
1531160665795,1531160665790,12575736,0.01212400,0.88000000,1
1531160673072,1531160673068,12575737,0.01212400,0.09000000,0
1531160680228,1531160680225,12575738,0.01212400,16.26000000,0
1531160696097,1531160696094,12575739,0.01212400,2.04000000,1
1531160696110,1531160696105,12575740,0.01212400,1.39000000,0
1531160696122,1531160696119,12575741,0.01212500,9.16000000,0
1531160696140,1531160696136,12575742,0.01212400,2.04000000,1
1531160712742,1531160712738,12575743,0.01212400,16.42000000,0
1531160713948,1531160713944,12575744,0.01212400,0.81000000,1
1531160713948,1531160713944,12575745,0.01212300,1.06000000,1
1531160713948,1531160713944,12575746,0.01212100,13.85000000,1
1531160717322,1531160717319,12575747,0.01212600,1.08000000,0
1531160717322,1531160717319,12575748,0.01212700,1.61000000,0
1531160732361,1531160732358,12575749,0.01212100,2.04000000,1
1531160733189,1531160733189,12575750,0.01212100,2.04000000,1
1531160733488,1531160733484,12575751,0.01212100,1.08000000,1
1531160733488,1531160733484,12575752,0.01212000,0.16000000,1
1531160733488,1531160733484,12575753,0.01211800,0.20000000,1
1531160733488,1531160733484,12575754,0.01211400,0.60000000,1
1531160733785,1531160733783,12575755,0.01211400,2.04000000,1
1531160734097,1531160734093,12575756,0.01211400,2.04000000,1
1531160738616,1531160738611,12575757,0.01211500,1.82000000,1
1531160740816,1531160740813,12575758,0.01212200,2.50000000,0
1531160740842,1531160740838,12575759,0.01212300,15.08000000,0
1531160742627,1531160742623,12575760,0.01212400,0.25000000,0
1531160745240,1531160745235,12575761,0.01211500,0.18000000,1
1531160750799,1531160750796,12575762,0.01211400,0.14000000,1
1531160754194,1531160754191,12575763,0.01211800,9.33000000,0
1531160754204,1531160754202,12575764,0.01212200,11.75000000,0
1531160756112,1531160756109,12575765,0.01212400,0.35000000,0
1531160756112,1531160756109,12575766,0.01212700,2.10000000,0
1531160763555,1531160763552,12575767,0.01212000,35.20000000,0
1531160763567,1531160763563,12575768,0.01212500,18.48000000,0
1531160763589,1531160763586,12575769,0.01212600,13.83000000,0
1531160768119,1531160768116,12575770,0.01211500,0.36000000,1
1531160770411,1531160770407,12575771,0.01211900,12.50000000,0
1531160770426,1531160770422,12575772,0.01212400,15.74000000,0
1531160778144,1531160778142,12575773,0.01212700,3.49000000,0
1531160791387,1531160791384,12575774,0.01212600,14.58000000,0
1531160791414,1531160791409,12575775,0.01212600,4.54000000,0
1531160791628,1531160791624,12575776,0.01212100,0.10000000,1
1531160793685,1531160793683,12575777,0.01212700,1.00000000,0
1531160797914,1531160797911,12575778,0.01212700,2.25000000,0
1531160805320,1531160805318,12575779,0.01212600,4.30000000,0
1531160807555,1531160807552,12575780,0.01212300,8.23000000,0
1531160807565,1531160807561,12575781,0.01212600,6.69000000,0
1531160833175,1531160833171,12575782,0.01212600,1.74000000,1
1531160833199,1531160833195,12575783,0.01212600,4.30000000,1
1531160849487,1531160849483,12575784,0.01212200,34.92000000,0
1531160849500,1531160849495,12575785,0.01212400,3.33000000,0
1531160849523,1531160849519,12575786,0.01212500,18.48000000,0
1531160849534,1531160849532,12575787,0.01212600,6.69000000,0
1531160869517,1531160869512,12575788,0.01212200,3.74000000,0
1531160869532,1531160869527,12575789,0.01212400,4.50000000,0
1531160869549,1531160869546,12575790,0.01212600,2.47000000,0
1531160869777,1531160869774,12575791,0.01212700,40.00000000,0
1531160870057,1531160870056,12575792,0.01212700,5.00000000,0
1531160871460,1531160871457,12575793,0.01212700,0.54000000,0
1531160882275,1531160882274,12575794,0.01212600,5.62000000,0
1531160889192,1531160889187,12575795,0.01212000,0.38000000,1
1531160889192,1531160889187,12575796,0.01211400,1.01000000,1
1531160893763,1531160893759,12575797,0.01212400,0.91000000,0
1531160893852,1531160893847,12575798,0.01212400,5.75000000,0
1531160894010,1531160894007,12575799,0.01212400,0.09000000,1
1531160897724,1531160897719,12575800,0.01212400,0.09000000,1
1531160900659,1531160900656,12575801,0.01212500,0.29000000,1
1531160907893,1531160907889,12575802,0.01212500,1.71000000,1
1531160907912,1531160907907,12575803,0.01212500,19.52000000,0
1531160907931,1531160907927,12575804,0.01212600,9.98000000,0
1531160920877,1531160920874,12575805,0.01212400,11.91000000,0
1531160925540,1531160925537,12575806,0.01212400,3.60000000,0
1531160925557,1531160925554,12575807,0.01212400,16.32000000,0
1531160938752,1531160938748,12575808,0.01212100,26.91000000,0
1531160938761,1531160938758,12575809,0.01211800,4.95000000,1
1531160938779,1531160938776,12575810,0.01211700,12.27000000,1
1531160944669,1531160944664,12575811,0.01212400,19.39000000,0
1531160952898,1531160952893,12575812,0.01212200,13.07000000,0
1531160952918,1531160952914,12575813,0.01212300,15.56000000,0
1531160958305,1531160958302,12575814,0.01211500,1.25000000,1
1531160962009,1531160962005,12575815,0.01212200,17.76000000,0
1531160979888,1531160979884,12575816,0.01212200,22.15000000,0
1531160979910,1531160979905,12575817,0.01211900,10.27000000,1
1531160981910,1531160981906,12575818,0.01212500,0.19000000,0
1531160990551,1531160990547,12575819,0.01212400,11.25000000,0
1531160994322,1531160994322,12575820,0.01212200,1.19000000,0
1531160994800,1531160994796,12575821,0.01212200,18.29000000,0
1531160996084,1531160996080,12575822,0.01212300,11.53000000,0
1531160998192,1531160998186,12575823,0.01212300,0.83000000,0
1531161000142,1531161000137,12575824,0.01212500,0.30000000,0
1531161001500,1531161001494,12575825,0.01212700,0.16000000,0
1531161013634,1531161013631,12575826,0.01212600,6.54000000,1
1531161013655,1531161013654,12575827,0.01212600,12.81000000,1
1531161019047,1531161019043,12575828,0.01212700,0.82000000,0
1531161028992,1531161028989,12575829,0.01212700,0.20000000,0
1531161031263,1531161031259,12575830,0.01212700,3.53000000,0
1531161040222,1531161040220,12575831,0.01212700,4.31000000,0
1531161042483,1531161042479,12575832,0.01212700,0.12000000,0
1531161044597,1531161044594,12575833,0.01211900,15.76000000,1
1531161057480,1531161057476,12575834,0.01212700,0.04000000,0
1531161061800,1531161061796,12575835,0.01212300,0.27000000,1
1531161077567,1531161077563,12575836,0.01212500,19.21000000,0
1531161077574,1531161077569,12575837,0.01212400,18.57000000,1
1531161088541,1531161088522,12575838,0.01212600,0.74000000,1
1531161107976,1531161107972,12575839,0.01212600,2.08000000,1
1531161129569,1531161129565,12575840,0.01212600,0.14000000,1
1531161138386,1531161138381,12575841,0.01212700,49.90000000,0
1531161138386,1531161138381,12575842,0.01213000,3.33000000,0
1531161168786,1531161168783,12575843,0.01213800,0.10000000,1
1531161170815,1531161170811,12575844,0.01214100,1.84000000,1
1531161174652,1531161174647,12575845,0.01214100,7.29000000,1
1531161174676,1531161174672,12575846,0.01214100,9.24000000,1
1531161174839,1531161174835,12575847,0.01214100,2.06000000,1
1531161176699,1531161176694,12575848,0.01214100,4.05000000,0
1531161177188,1531161177181,12575849,0.01214100,6.70000000,1
1531161179167,1531161179161,12575850,0.01214100,0.08000000,1
1531161179167,1531161179161,12575851,0.01212300,12.23000000,1
1531161179167,1531161179161,12575852,0.01211600,30.67000000,1
1531161184429,1531161184425,12575853,0.01213000,14.40000000,0
1531161184449,1531161184445,12575854,0.01212100,14.40000000,1
1531161184465,1531161184461,12575855,0.01212100,8.08000000,1
1531161192141,1531161192136,12575856,0.01211800,0.68000000,1
1531161192164,1531161192159,12575857,0.01211800,11.33000000,1
1531161197196,1531161197192,12575858,0.01214000,12.49000000,0
1531161198432,1531161198431,12575859,0.01214200,0.01000000,0
1531161212197,1531161212194,12575860,0.01214000,0.53000000,0
1531161280783,1531161280779,12575861,0.01212400,4.21000000,0
1531161280800,1531161280796,12575862,0.01212200,3.41000000,1
1531161280816,1531161280812,12575863,0.01212100,4.62000000,1
1531161285244,1531161285241,12575864,0.01212500,4.54000000,1
1531161288555,1531161288551,12575865,0.01212500,8.43000000,1
1531161289305,1531161289302,12575866,0.01212500,4.54000000,0
1531161289305,1531161289302,12575867,0.01212700,0.09000000,0
1531161289305,1531161289302,12575868,0.01214000,2.98000000,0
1531161290549,1531161290545,12575869,0.01212100,6.11000000,1
1531161290549,1531161290545,12575870,0.01212000,2.08000000,1
1531161294561,1531161294561,12575871,0.01212000,0.35000000,1
1531161304586,1531161304582,12575872,0.01212300,18.48000000,1
1531161304606,1531161304601,12575873,0.01212200,14.33000000,1
1531161348809,1531161348805,12575874,0.01212300,0.23000000,1
1531161349894,1531161349890,12575875,0.01212300,1.23000000,1
1531161358710,1531161358707,12575876,0.01212600,4.16000000,1
1531161358726,1531161358723,12575877,0.01212600,2.31000000,0
1531161358743,1531161358738,12575878,0.01212600,4.16000000,1
1531161358761,1531161358757,12575879,0.01212400,11.31000000,1
1531161362456,1531161362453,12575880,0.01212300,1.50000000,1
1531161363250,1531161363245,12575881,0.01212700,0.28000000,0
1531161363833,1531161363829,12575882,0.01212700,0.60000000,0
1531161364894,1531161364890,12575883,0.01212700,0.65000000,0
1531161365933,1531161365928,12575884,0.01212700,0.54000000,0
1531161366877,1531161366872,12575885,0.01212700,0.36000000,0
1531161368143,1531161368139,12575886,0.01212700,0.24000000,0
1531161368606,1531161368602,12575887,0.01212700,0.50000000,0
1531161368896,1531161368891,12575888,0.01212700,0.22000000,0
1531161370502,1531161370499,12575889,0.01212700,16.61000000,0
1531161370502,1531161370499,12575890,0.01212800,2.48000000,0
1531161370502,1531161370499,12575891,0.01212900,53.63000000,0
1531161373013,1531161373008,12575892,0.01212600,16.62000000,1
1531161378876,1531161378873,12575893,0.01212300,23.40000000,1
1531161378876,1531161378873,12575894,0.01211400,2.20000000,1
1531161400197,1531161400192,12575895,0.01212600,13.47000000,1
1531161401990,1531161401986,12575896,0.01212900,0.17000000,0
1531161410755,1531161410753,12575897,0.01212600,3.76000000,0
1531161410771,1531161410768,12575898,0.01212400,16.82000000,1
1531161410800,1531161410794,12575899,0.01212400,4.54000000,1
1531161422153,1531161422148,12575900,0.01212900,15.74000000,0
1531161428475,1531161428471,12575901,0.01212900,12.22000000,0
1531161434624,1531161434620,12575902,0.01213300,19.27000000,0
1531161434636,1531161434633,12575903,0.01212800,18.10000000,1
1531161441693,1531161441689,12575904,0.01213000,28.01000000,0
1531161441700,1531161441697,12575905,0.01212700,18.12000000,1
1531161446451,1531161446448,12575906,0.01212700,7.87000000,1
1531161448121,1531161448118,12575907,0.01212600,0.10000000,1
1531161451201,1531161451196,12575908,0.01213000,0.88000000,1
1531161451861,1531161451858,12575909,0.01213000,1.00000000,1
1531161452176,1531161452172,12575910,0.01213000,1.00000000,1
1531161452190,1531161452185,12575911,0.01213000,1.00000000,1
1531161452827,1531161452825,12575912,0.01213000,1.00000000,1
1531161454991,1531161454986,12575913,0.01213000,0.88000000,1
1531161459639,1531161459634,12575914,0.01213100,6.85000000,0
1531161459656,1531161459650,12575915,0.01212900,3.79000000,1
1531161459673,1531161459669,12575916,0.01212900,4.87000000,1
1531161466889,1531161466885,12575917,0.01212800,6.25000000,1
1531161467524,1531161467520,12575918,0.01212600,0.08000000,1
1531161467524,1531161467520,12575919,0.01212300,0.53000000,1
1531161475141,1531161475137,12575920,0.01212300,0.15000000,1
1531161483933,1531161483927,12575921,0.01212600,16.46000000,1
1531161483950,1531161483946,12575922,0.01212500,9.77000000,1
1531161496647,1531161496643,12575923,0.01212900,18.21000000,0
1531161496663,1531161496658,12575924,0.01212500,9.18000000,1
1531161508310,1531161508306,12575925,0.01212600,0.01000000,1
1531161511959,1531161511954,12575926,0.01213000,11.67000000,0
1531161511974,1531161511970,12575927,0.01212600,4.54000000,1
1531161511996,1531161511991,12575928,0.01212600,5.66000000,1
1531161525203,1531161525199,12575929,0.01212500,13.49000000,1
1531161525220,1531161525216,12575930,0.01212500,16.42000000,1
1531161532416,1531161532411,12575931,0.01212500,3.19000000,0
1531161534228,1531161534227,12575932,0.01212500,0.64000000,0
1531161534476,1531161534471,12575933,0.01212500,0.03000000,0
1531161535571,1531161535568,12575934,0.01212500,2.06000000,0
1531161538160,1531161538156,12575935,0.01213100,1.88000000,0
1531161538179,1531161538175,12575936,0.01212400,1.62000000,1
1531161544698,1531161544693,12575937,0.01213200,23.89000000,0
1531161544709,1531161544706,12575938,0.01212600,17.89000000,1
1531161561876,1531161561873,12575939,0.01213200,28.00000000,0
1531161561890,1531161561887,12575940,0.01212600,10.75000000,1
1531161561910,1531161561905,12575941,0.01212400,13.74000000,1
1531161576807,1531161576802,12575942,0.01213200,13.11000000,0
1531161576817,1531161576816,12575943,0.01212500,8.33000000,1
1531161576832,1531161576828,12575944,0.01212400,6.62000000,1
1531161588357,1531161588351,12575945,0.01212500,28.91000000,1
1531161588388,1531161588383,12575946,0.01212500,15.39000000,1
1531161588408,1531161588405,12575947,0.01212500,15.66000000,1
1531161602450,1531161602445,12575948,0.01212400,0.35000000,1
1531161621530,1531161621524,12575949,0.01212500,1.87000000,1
1531161644598,1531161644593,12575950,0.01212600,0.14000000,0
1531161650326,1531161650321,12575951,0.01213100,0.14000000,1
1531161651593,1531161651589,12575952,0.01213900,0.40000000,0
1531161658229,1531161658225,12575953,0.01213700,3.30000000,1
1531161665882,1531161665877,12575954,0.01213700,0.98000000,1
1531161672113,1531161672109,12575955,0.01214100,1.00000000,1
1531161672468,1531161672464,12575956,0.01214100,0.57000000,1
1531161673303,1531161673300,12575957,0.01214100,0.30000000,1
1531161676331,1531161676327,12575958,0.01214100,2.70000000,1
1531161689024,1531161689019,12575959,0.01212500,1.23000000,1
1531161689024,1531161689019,12575960,0.01212400,6.59000000,1
1531161689025,1531161689019,12575961,0.01211400,9.07000000,1
1531161697052,1531161697048,12575962,0.01212100,2.54000000,1
1531161699308,1531161699303,12575963,0.01212100,5.79000000,1
1531161699351,1531161699347,12575964,0.01212100,0.98000000,0
1531161700380,1531161700375,12575965,0.01212100,1.17000000,0
1531161701203,1531161701198,12575966,0.01212100,0.01000000,0
1531161701457,1531161701452,12575967,0.01212100,0.12000000,0
1531161703267,1531161703263,12575968,0.01212100,0.26000000,0
1531161703267,1531161703263,12575969,0.01213700,0.16000000,0
1531161707002,1531161706998,12575970,0.01213700,0.45000000,1
1531161722912,1531161722907,12575971,0.01213700,1.27000000,1
1531161723915,1531161723911,12575972,0.01213700,0.66000000,1
1531161731626,1531161731623,12575973,0.01212100,0.17000000,1
1531161750415,1531161750411,12575974,0.01213100,27.66000000,0
1531161750427,1531161750423,12575975,0.01212400,13.98000000,1
1531161750446,1531161750442,12575976,0.01212300,9.25000000,1
1531161768346,1531161768341,12575977,0.01212300,5.66000000,1
1531161768364,1531161768359,12575978,0.01212100,1.67000000,1
1531161772389,1531161772385,12575979,0.01213000,22.78000000,0
1531161772401,1531161772397,12575980,0.01212300,8.14000000,1
1531161772421,1531161772417,12575981,0.01212100,18.07000000,1
1531161787458,1531161787453,12575982,0.01212100,1.36000000,0
1531161793679,1531161793674,12575983,0.01211600,8.75000000,1
1531161804077,1531161804073,12575984,0.01212100,0.84000000,0
1531161812248,1531161812242,12575985,0.01211400,0.76000000,1
1531161832345,1531161832340,12575986,0.01212100,7.00000000,0
1531161838768,1531161838762,12575987,0.01211900,3.77000000,1
1531161852962,1531161852958,12575988,0.01212000,17.49000000,0
1531161852976,1531161852972,12575989,0.01211900,12.83000000,1
1531161853001,1531161852996,12575990,0.01211800,11.58000000,1
1531161857108,1531161857104,12575991,0.01212100,0.80000000,0
1531161871727,1531161871723,12575992,0.01213200,6.61000000,0
1531161871738,1531161871733,12575993,0.01212600,8.64000000,1
1531161871752,1531161871748,12575994,0.01212400,8.66000000,1
1531161886932,1531161886927,12575995,0.01212400,14.08000000,1
1531161902192,1531161902187,12575996,0.01212600,10.00000000,0
1531161915957,1531161915953,12575997,0.01212900,10.89000000,1
1531161915974,1531161915969,12575998,0.01212900,0.67000000,1
1531161920128,1531161920124,12575999,0.01213900,0.99000000,1
1531161920309,1531161920305,12576000,0.01213900,0.42000000,1
1531161922708,1531161922704,12576001,0.01212500,15.33000000,1
1531161922728,1531161922725,12576002,0.01212400,1.12000000,1
1531161927086,1531161927081,12576003,0.01213200,5.49000000,0
1531161927096,1531161927093,12576004,0.01212500,3.35000000,1
1531161927123,1531161927118,12576005,0.01212400,12.84000000,1
1531161929617,1531161929613,12576006,0.01212300,0.20000000,1
1531161940096,1531161940095,12576007,0.01212400,16.30000000,1
1531161940116,1531161940113,12576008,0.01212400,9.50000000,1
1531161955257,1531161955254,12576009,0.01212600,4.83000000,1
1531161955273,1531161955267,12576010,0.01212500,9.56000000,1
1531161972442,1531161972437,12576011,0.01212500,9.84000000,1
1531161991242,1531161991237,12576012,0.01212800,2.48000000,1
1531161991242,1531161991237,12576013,0.01212700,1.52000000,1
1531161991385,1531161991381,12576014,0.01212700,17.37000000,1
1531161992421,1531161992419,12576015,0.01212700,1.52000000,0
1531161995913,1531161995908,12576016,0.01213400,19.46000000,0
1531161995925,1531161995922,12576017,0.01212800,14.75000000,1
1531162017352,1531162017348,12576018,0.01213800,39.45000000,0
1531162017362,1531162017357,12576019,0.01213600,12.25000000,1
1531162017384,1531162017380,12576020,0.01213500,19.32000000,1
1531162028981,1531162028975,12576021,0.01214000,0.21000000,0
1531162028981,1531162028975,12576022,0.01214200,0.19000000,0
1531162028981,1531162028975,12576023,0.01214500,3.60000000,0
1531162029870,1531162029866,12576024,0.01213600,13.31000000,0
1531162029885,1531162029881,12576025,0.01212700,17.76000000,1
1531162029910,1531162029906,12576026,0.01212700,13.25000000,1
1531162050306,1531162050301,12576027,0.01214000,20.74000000,0
1531162050318,1531162050314,12576028,0.01213500,15.35000000,1
1531162050333,1531162050329,12576029,0.01213500,10.33000000,1
1531162059132,1531162059128,12576030,0.01214000,9.64000000,0
1531162059145,1531162059141,12576031,0.01213600,11.91000000,1
1531162059164,1531162059160,12576032,0.01213500,10.76000000,1
1531162067986,1531162067984,12576033,0.01214500,0.01000000,0
1531162073137,1531162073133,12576034,0.01214500,3.61000000,0
1531162074138,1531162074134,12576035,0.01214500,0.06000000,0
1531162077905,1531162077900,12576036,0.01214500,0.76000000,0
1531162078983,1531162078980,12576037,0.01214000,27.22000000,0
1531162078995,1531162078991,12576038,0.01213500,14.16000000,1
1531162086011,1531162086007,12576039,0.01213600,18.57000000,1
1531162102350,1531162102346,12576040,0.01214400,21.54000000,0
1531162102364,1531162102363,12576041,0.01214300,10.65000000,1
1531162119541,1531162119537,12576042,0.01212800,7.58000000,1
1531162119561,1531162119557,12576043,0.01212800,14.49000000,1
1531162120270,1531162120266,12576044,0.01214500,18.83000000,0
1531162120285,1531162120280,12576045,0.01214500,10.76000000,0
1531162120345,1531162120344,12576046,0.01214500,18.82000000,0
1531162123512,1531162123509,12576047,0.01213100,6.00000000,1
1531162123512,1531162123509,12576048,0.01213000,12.48000000,1
1531162137540,1531162137535,12576049,0.01213700,36.96000000,0
1531162137553,1531162137547,12576050,0.01213200,12.50000000,1
1531162137570,1531162137566,12576051,0.01213200,16.53000000,1
1531162152592,1531162152586,12576052,0.01213600,8.33000000,1
1531162156600,1531162156596,12576053,0.01214300,1.76000000,0
1531162170733,1531162170728,12576054,0.01213300,17.35000000,1
1531162170753,1531162170748,12576055,0.01213300,0.68000000,1
1531162174207,1531162174201,12576056,0.01213700,16.43000000,0
1531162174223,1531162174217,12576057,0.01213200,10.25000000,1
1531162188597,1531162188594,12576058,0.01213200,2.91000000,1
1531162188606,1531162188602,12576059,0.01213100,16.48000000,1
1531162194856,1531162194850,12576060,0.01213900,13.60000000,1
1531162207140,1531162207136,12576061,0.01213600,0.10000000,1
1531162212328,1531162212325,12576062,0.01213700,0.72000000,1
1531162212983,1531162212979,12576063,0.01213700,0.09000000,1
1531162213413,1531162213409,12576064,0.01214000,4.33000000,0
1531162213426,1531162213421,12576065,0.01213700,2.66000000,1
1531162214750,1531162214745,12576066,0.01213700,0.81000000,0
1531162214750,1531162214745,12576067,0.01214300,1.48000000,0
1531162221896,1531162221890,12576068,0.01214300,4.00000000,0
1531162228415,1531162228409,12576069,0.01214300,0.40000000,0
1531162239610,1531162239606,12576070,0.01214200,23.30000000,0
1531162239622,1531162239618,12576071,0.01214100,10.77000000,1
1531162248687,1531162248683,12576072,0.01214200,18.92000000,0
1531162248694,1531162248689,12576073,0.01214100,8.65000000,1
1531162249681,1531162249676,12576074,0.01213800,0.15000000,1
1531162249681,1531162249676,12576075,0.01213400,0.09000000,1
1531162255159,1531162255154,12576076,0.01214300,3.12000000,0
1531162255159,1531162255154,12576077,0.01214500,0.16000000,0
1531162264640,1531162264634,12576078,0.01214200,8.58000000,1
1531162264662,1531162264658,12576079,0.01214100,8.91000000,1
1531162272442,1531162272437,12576080,0.01214300,4.42000000,0
1531162272456,1531162272450,12576081,0.01214200,5.25000000,1
1531162290100,1531162290094,12576082,0.01214300,0.09000000,1
1531162290343,1531162290339,12576083,0.01214300,15.58000000,1
1531162290355,1531162290351,12576084,0.01214200,2.08000000,1
1531162299634,1531162299630,12576085,0.01214100,0.01000000,1
1531162307998,1531162307993,12576086,0.01214200,12.90000000,1
1531162308014,1531162308008,12576087,0.01214200,8.69000000,0
1531162308028,1531162308024,12576088,0.01214200,12.90000000,1
1531162308042,1531162308037,12576089,0.01214300,0.08000000,0
1531162318698,1531162318696,12576090,0.01214400,1.55000000,0
1531162318705,1531162318701,12576091,0.01214300,15.58000000,1
1531162327025,1531162327020,12576092,0.01214200,5.50000000,1
1531162327042,1531162327036,12576093,0.01214200,0.28000000,0
1531162327054,1531162327050,12576094,0.01214200,5.50000000,1
1531162327083,1531162327078,12576095,0.01214300,0.08000000,0
1531162327747,1531162327742,12576096,0.01214500,0.30000000,0
1531162344454,1531162344450,12576097,0.01214500,5.73000000,0
1531162356944,1531162356938,12576098,0.01214500,7.00000000,0
1531162366663,1531162366659,12576099,0.01214500,0.16000000,0
1531162366699,1531162366695,12576100,0.01214500,0.62000000,0
1531162399834,1531162399830,12576101,0.01214500,1.00000000,0
1531162403884,1531162403877,12576102,0.01214400,9.56000000,1
1531162404607,1531162404604,12576103,0.01214400,3.26000000,1
1531162404619,1531162404615,12576104,0.01214400,12.68000000,0
1531162404627,1531162404622,12576105,0.01214400,3.26000000,1
1531162404872,1531162404867,12576106,0.01214300,0.18000000,1
1531162404872,1531162404867,12576107,0.01214100,0.32000000,1
1531162418775,1531162418769,12576108,0.01214200,4.70000000,0
1531162418775,1531162418769,12576109,0.01214400,9.56000000,0
1531162418775,1531162418769,12576110,0.01214500,4.74000000,0
1531162431963,1531162431959,12576111,0.01214300,3.94000000,0
1531162431979,1531162431975,12576112,0.01214200,2.37000000,1
1531162461779,1531162461775,12576113,0.01214400,1.47000000,1
1531162465301,1531162465296,12576114,0.01214100,0.08000000,1
1531162476332,1531162476327,12576115,0.01214300,0.17000000,1
1531162479773,1531162479769,12576116,0.01214200,4.72000000,0
1531162479778,1531162479773,12576117,0.01214500,4.72000000,0
1531162479788,1531162479783,12576118,0.01214500,26.66000000,0
1531162479788,1531162479783,12576119,0.01214800,0.20000000,0
1531162485605,1531162485602,12576120,0.01214900,0.37000000,0
1531162485606,1531162485602,12576121,0.01214900,0.35000000,0
1531162485606,1531162485602,12576122,0.01215700,0.63000000,0
1531162488508,1531162488502,12576123,0.01214700,14.00000000,1
1531162490394,1531162490391,12576124,0.01215600,0.02000000,0
1531162495358,1531162495356,12576125,0.01214600,0.01000000,1
1531162502857,1531162502853,12576126,0.01215300,0.23000000,1
1531162505241,1531162505235,12576127,0.01215300,1.06000000,1
1531162513845,1531162513841,12576128,0.01215200,0.15000000,1
1531162513858,1531162513853,12576129,0.01215200,8.74000000,0
1531162513870,1531162513865,12576130,0.01215300,0.23000000,0
1531162521682,1531162521675,12576131,0.01215300,1.06000000,1
1531162521696,1531162521691,12576132,0.01215300,24.13000000,0
1531162521708,1531162521704,12576133,0.01215300,1.06000000,1
1531162521730,1531162521724,12576134,0.01215200,0.15000000,1
1531162527171,1531162527167,12576135,0.01215200,0.82000000,0
1531162528395,1531162528389,12576136,0.01214600,0.25000000,1
1531162538709,1531162538704,12576137,0.01215200,2.00000000,0
1531162539725,1531162539720,12576138,0.01215100,1.62000000,1
1531162539739,1531162539734,12576139,0.01215100,1.54000000,0
1531162539751,1531162539747,12576140,0.01215100,1.62000000,1
1531162539767,1531162539762,12576141,0.01215200,5.92000000,0
1531162553306,1531162553300,12576142,0.01215300,17.19000000,0
1531162553318,1531162553314,12576143,0.01215200,2.97000000,1
1531162570405,1531162570398,12576144,0.01214800,1.02000000,1
1531162572413,1531162572407,12576145,0.01215100,40.39000000,0
1531162572429,1531162572424,12576146,0.01215200,5.92000000,0
1531162577688,1531162577684,12576147,0.01215300,38.81000000,0
1531162577709,1531162577704,12576148,0.01215200,2.97000000,1
1531162588192,1531162588186,12576149,0.01215000,0.17000000,1
1531162588192,1531162588186,12576150,0.01214600,0.01000000,1
1531162588599,1531162588595,12576151,0.01214600,0.75000000,1
1531162591695,1531162591692,12576152,0.01214600,0.18000000,1
1531162596166,1531162596161,12576153,0.01215100,1.00000000,1
1531162599624,1531162599620,12576154,0.01215100,18.67000000,1
1531162615227,1531162615223,12576155,0.01214900,18.50000000,1
1531162615242,1531162615237,12576156,0.01214900,14.91000000,1
1531162641656,1531162641651,12576157,0.01215100,0.24000000,1
1531162642787,1531162642783,12576158,0.01215100,0.37000000,1
1531162651019,1531162651015,12576159,0.01215100,0.12000000,1
1531162675699,1531162675694,12576160,0.01215100,0.45000000,1
1531162675699,1531162675694,12576161,0.01214700,0.01000000,1
1531162683686,1531162683680,12576162,0.01215000,31.51000000,0
1531162683703,1531162683698,12576163,0.01214800,14.40000000,1
1531162696503,1531162696497,12576164,0.01215000,0.15000000,1
1531162696503,1531162696497,12576165,0.01214800,0.78000000,1
1531162696503,1531162696497,12576166,0.01214700,4.49000000,1
1531162696503,1531162696497,12576167,0.01214600,3.40000000,1
1531162702044,1531162702040,12576168,0.01215000,7.07000000,0
1531162702062,1531162702056,12576169,0.01214800,8.25000000,1
1531162703032,1531162703029,12576170,0.01215200,0.09000000,0
1531162706061,1531162706056,12576171,0.01214600,3.17000000,1
1531162711792,1531162711788,12576172,0.01214600,0.15000000,1
1531162713623,1531162713618,12576173,0.01214600,0.10000000,1
1531162718579,1531162718574,12576174,0.01214900,18.03000000,1
1531162728664,1531162728659,12576175,0.01215000,4.79000000,1
1531162753424,1531162753420,12576176,0.01215100,14.86000000,0
1531162753443,1531162753437,12576177,0.01215000,15.74000000,1
1531162792235,1531162792229,12576178,0.01215000,1.10000000,0
1531162792235,1531162792229,12576179,0.01215200,1.31000000,0
1531162793020,1531162793016,12576180,0.01215200,0.05000000,0
1531162794007,1531162794000,12576181,0.01215200,10.87000000,0
1531162794007,1531162794000,12576182,0.01215400,0.20000000,0
1531162794007,1531162794000,12576183,0.01215900,12.50000000,0
1531162794007,1531162794000,12576184,0.01216000,32.89000000,0
1531162803568,1531162803563,12576185,0.01215600,25.48000000,0
1531162803585,1531162803580,12576186,0.01215300,12.41000000,1
1531162803601,1531162803596,12576187,0.01215200,8.16000000,1
1531162812881,1531162812876,12576188,0.01215500,24.06000000,0
1531162812890,1531162812886,12576189,0.01215000,13.25000000,1
1531162815747,1531162815742,12576190,0.01214900,0.25000000,1
1531162815747,1531162815742,12576191,0.01214600,0.15000000,1
1531162815747,1531162815742,12576192,0.01214500,0.58000000,1
1531162829475,1531162829470,12576193,0.01215100,2.15000000,1
1531162831087,1531162831081,12576194,0.01215100,1.41000000,1
1531162835660,1531162835655,12576195,0.01215100,2.15000000,0
1531162844196,1531162844191,12576196,0.01214700,18.35000000,1
1531162844216,1531162844213,12576197,0.01214600,15.25000000,1
1531162844513,1531162844506,12576198,0.01214500,0.15000000,1
1531162855263,1531162855257,12576199,0.01214500,0.59000000,1
1531162862393,1531162862388,12576200,0.01214700,3.11000000,1
1531162864993,1531162864989,12576201,0.01215300,29.46000000,0
1531162865003,1531162864998,12576202,0.01214700,13.26000000,1
1531162867158,1531162867153,12576203,0.01214700,0.10000000,0
1531162879754,1531162879748,12576204,0.01214600,17.01000000,0
1531162879771,1531162879767,12576205,0.01214700,3.01000000,0
1531162885793,1531162885788,12576206,0.01215000,1.11000000,1
1531162888819,1531162888814,12576207,0.01215100,0.60000000,1
1531162891604,1531162891599,12576208,0.01215500,40.14000000,0
1531162891611,1531162891606,12576209,0.01215100,18.38000000,1
1531162891629,1531162891623,12576210,0.01214700,13.36000000,1
1531162896479,1531162896477,12576211,0.01214700,3.01000000,0
1531162896579,1531162896573,12576212,0.01215100,0.60000000,0
1531162896618,1531162896614,12576213,0.01215100,2.51000000,1
1531162898887,1531162898884,12576214,0.01215100,1.04000000,1
1531162908202,1531162908196,12576215,0.01215700,19.72000000,0
1531162908218,1531162908215,12576216,0.01215400,9.58000000,1
1531162914341,1531162914335,12576217,0.01214800,3.87000000,1
1531162914356,1531162914350,12576218,0.01214600,16.17000000,1
1531162917797,1531162917792,12576219,0.01215900,1.00000000,0
1531162950871,1531162950867,12576220,0.01215600,16.80000000,0
1531162950887,1531162950882,12576221,0.01215300,2.75000000,1
1531162950907,1531162950902,12576222,0.01215300,13.01000000,1
1531162960121,1531162960115,12576223,0.01214600,0.05000000,1
1531162969861,1531162969856,12576224,0.01214700,5.41000000,1
1531162987597,1531162987592,12576225,0.01214700,0.22000000,0
1531162987597,1531162987592,12576226,0.01216000,0.55000000,0
1531162993797,1531162993792,12576227,0.01214900,2.20000000,1
1531162993815,1531162993809,12576228,0.01214900,5.08000000,1
1531163006517,1531163006511,12576229,0.01214900,13.75000000,1
1531163021012,1531163021007,12576230,0.01215000,2.25000000,1
1531163028055,1531163028050,12576231,0.01215900,1.36000000,0
1531163028807,1531163028803,12576232,0.01215900,2.58000000,0
1531163034124,1531163034121,12576233,0.01215200,2.48000000,1
1531163036691,1531163036686,12576234,0.01215500,9.56000000,0
1531163036702,1531163036698,12576235,0.01215200,6.51000000,1
1531163053641,1531163053636,12576236,0.01215000,18.43000000,0
1531163053655,1531163053650,12576237,0.01214800,17.55000000,1
1531163053673,1531163053668,12576238,0.01215200,3.54000000,0
1531163059155,1531163059152,12576239,0.01215900,0.10000000,0
1531163068890,1531163068884,12576240,0.01215600,2.68000000,0
1531163068910,1531163068905,12576241,0.01215600,16.76000000,0
1531163068933,1531163068926,12576242,0.01215200,5.45000000,1
1531163069494,1531163069490,12576243,0.01215200,0.30000000,0
1531163070094,1531163070089,12576244,0.01215200,0.30000000,0
1531163070338,1531163070332,12576245,0.01215200,2.94000000,0
1531163070338,1531163070332,12576246,0.01215900,1.06000000,0
1531163071536,1531163071531,12576247,0.01215900,0.03000000,0
1531163074407,1531163074402,12576248,0.01215900,0.03000000,0
1531163075621,1531163075616,12576249,0.01215900,0.02000000,0
1531163075923,1531163075920,12576250,0.01215900,0.82000000,0
1531163076025,1531163076019,12576251,0.01214600,0.10000000,1
1531163076025,1531163076019,12576252,0.01214500,6.09000000,1
1531163076025,1531163076019,12576253,0.01214100,0.16000000,1
1531163076025,1531163076019,12576254,0.01214000,0.02000000,1
1531163076736,1531163076730,12576255,0.01215900,0.01000000,0
1531163079145,1531163079140,12576256,0.01215900,0.82000000,0
1531163079583,1531163079571,12576257,0.01215900,0.01000000,0
1531163088370,1531163088365,12576258,0.01214500,0.05000000,1
1531163090018,1531163090014,12576259,0.01215200,15.93000000,0
1531163090067,1531163090061,12576260,0.01214500,7.82000000,1
1531163095290,1531163095285,12576261,0.01214200,0.10000000,1
1531163095989,1531163095986,12576262,0.01214200,0.59000000,1
1531163096346,1531163096341,12576263,0.01214200,5.54000000,1
1531163096365,1531163096360,12576264,0.01214200,9.59000000,1
1531163096515,1531163096511,12576265,0.01214200,0.06000000,0
1531163096822,1531163096815,12576266,0.01214200,0.62000000,0
1531163106527,1531163106520,12576267,0.01214500,0.30000000,0
1531163107210,1531163107206,12576268,0.01214500,0.16000000,0
1531163113788,1531163113783,12576269,0.01214500,0.29000000,0
1531163114127,1531163114120,12576270,0.01214500,0.80000000,0
1531163114184,1531163114178,12576271,0.01214500,0.01000000,0
1531163118225,1531163118221,12576272,0.01215800,0.60000000,0
1531163148878,1531163148872,12576273,0.01215200,16.81000000,0
1531163148897,1531163148892,12576274,0.01214700,16.48000000,1
1531163173259,1531163173252,12576275,0.01215400,24.74000000,0
1531163173271,1531163173266,12576276,0.01215000,11.68000000,1
1531163175498,1531163175493,12576277,0.01214700,1.76000000,1
1531163180344,1531163180338,12576278,0.01214700,1.83000000,0
1531163184247,1531163184240,12576279,0.01214300,15.43000000,0
1531163184264,1531163184257,12576280,0.01214000,0.66000000,1
1531163184282,1531163184277,12576281,0.01214000,10.08000000,1
1531163206761,1531163206755,12576282,0.01214000,12.02000000,1
1531163208748,1531163208743,12576283,0.01214400,12.97000000,0
1531163208767,1531163208763,12576284,0.01214600,6.49000000,0
1531163219328,1531163219323,12576285,0.01214500,13.10000000,0
1531163224948,1531163224945,12576286,0.01213600,0.16000000,1
1531163227876,1531163227871,12576287,0.01214700,0.81000000,0
1531163242028,1531163242023,12576288,0.01213800,12.66000000,1
1531163249436,1531163249430,12576289,0.01214600,3.92000000,0
1531163249436,1531163249430,12576290,0.01214700,14.45000000,0
1531163254459,1531163254454,12576291,0.01214000,14.67000000,0
1531163254473,1531163254468,12576292,0.01214400,19.57000000,0
1531163254493,1531163254487,12576293,0.01214500,7.49000000,0
1531163268731,1531163268726,12576294,0.01213600,0.04000000,1
1531163268731,1531163268726,12576295,0.01213100,0.68000000,1
1531163268731,1531163268726,12576296,0.01213000,0.20000000,1
1531163268731,1531163268726,12576297,0.01212400,0.23000000,1
1531163281359,1531163281353,12576298,0.01213500,9.65000000,0
1531163281374,1531163281369,12576299,0.01214400,18.87000000,0
1531163281390,1531163281384,12576300,0.01214400,4.33000000,0
1531163302563,1531163302558,12576301,0.01214400,0.49000000,1
1531163302577,1531163302572,12576302,0.01214400,8.62000000,0
1531163302590,1531163302586,12576303,0.01214500,2.77000000,0
1531163302607,1531163302603,12576304,0.01214500,4.95000000,0
1531163302902,1531163302897,12576305,0.01213100,1.11000000,1
1531163320207,1531163320203,12576306,0.01214000,0.09000000,1
1531163348400,1531163348397,12576307,0.01213200,16.78000000,1
1531163354517,1531163354512,12576308,0.01212600,0.02000000,1
1531163362314,1531163362308,12576309,0.01213000,18.96000000,1
1531163366730,1531163366724,12576310,0.01213600,13.59000000,0
1531163366748,1531163366745,12576311,0.01214500,13.92000000,0
1531163367210,1531163367205,12576312,0.01212700,0.78000000,1
1531163367210,1531163367205,12576313,0.01212500,0.22000000,1
1531163406378,1531163406374,12576314,0.01213300,9.16000000,1
1531163414212,1531163414207,12576315,0.01214600,0.16000000,0
1531163414212,1531163414207,12576316,0.01214700,2.09000000,0
1531163415375,1531163415370,12576317,0.01214600,0.87000000,0
1531163415835,1531163415829,12576318,0.01214000,0.52000000,1
1531163416405,1531163416400,12576319,0.01214600,0.18000000,0
1531163416414,1531163416411,12576320,0.01214600,0.18000000,0
1531163416444,1531163416441,12576321,0.01214600,0.18000000,0
1531163416478,1531163416475,12576322,0.01214600,0.26000000,0
1531163416478,1531163416475,12576323,0.01214700,0.07000000,0
1531163421235,1531163421231,12576324,0.01214300,0.98000000,1
1531163421682,1531163421676,12576325,0.01214500,15.85000000,0
1531163421701,1531163421695,12576326,0.01214300,18.23000000,1
1531163421721,1531163421719,12576327,0.01214200,6.75000000,1
1531163422021,1531163422016,12576328,0.01214700,0.18000000,0
1531163435687,1531163435681,12576329,0.01214700,1.40000000,0
1531163437321,1531163437317,12576330,0.01214000,11.66000000,0
1531163437338,1531163437333,12576331,0.01213300,8.40000000,1
1531163437348,1531163437342,12576332,0.01213200,6.16000000,1
1531163458440,1531163458437,12576333,0.01213200,1.99000000,1
1531163458655,1531163458648,12576334,0.01213900,25.87000000,0
1531163458662,1531163458657,12576335,0.01213200,11.82000000,1
1531163458674,1531163458669,12576336,0.01213100,15.76000000,1
1531163460835,1531163460828,12576337,0.01213000,1.25000000,1
1531163460876,1531163460871,12576338,0.01213000,1.08000000,1
1531163462939,1531163462935,12576339,0.01212900,5.93000000,0
1531163462958,1531163462952,12576340,0.01213200,1.99000000,0
1531163467343,1531163467340,12576341,0.01213200,0.89000000,1
1531163472361,1531163472356,12576342,0.01213500,12.58000000,1
1531163477179,1531163477172,12576343,0.01214500,1.25000000,0
1531163479191,1531163479186,12576344,0.01213200,4.16000000,1
1531163479203,1531163479199,12576345,0.01213100,3.22000000,1
1531163490519,1531163490512,12576346,0.01213300,22.43000000,0
1531163490527,1531163490522,12576347,0.01213100,1.52000000,1
1531163490546,1531163490541,12576348,0.01213100,13.73000000,1
1531163495409,1531163495403,12576349,0.01213200,17.78000000,1
1531163506878,1531163506872,12576350,0.01213300,0.59000000,1
1531163508493,1531163508488,12576351,0.01213300,9.76000000,1
1531163526310,1531163526305,12576352,0.01213200,12.99000000,1
1531163536425,1531163536420,12576353,0.01213100,0.30000000,1
1531163541967,1531163541962,12576354,0.01213200,1.16000000,1
1531163546184,1531163546179,12576355,0.01213100,0.56000000,1
1531163546184,1531163546179,12576356,0.01213000,1.57000000,1
1531163546205,1531163546200,12576357,0.01213000,0.01000000,1
1531163552965,1531163552962,12576358,0.01213700,16.46000000,0
1531163552985,1531163552979,12576359,0.01213300,15.25000000,1
1531163553005,1531163553000,12576360,0.01213100,18.73000000,1
1531163561135,1531163561132,12576361,0.01213600,0.98000000,1
1531163564923,1531163564917,12576362,0.01213600,0.83000000,1
1531163564939,1531163564932,12576363,0.01213600,2.51000000,0
1531163564952,1531163564946,12576364,0.01213600,0.83000000,1
1531163565258,1531163565253,12576365,0.01213600,0.98000000,0
1531163584038,1531163584032,12576366,0.01213800,7.58000000,1
1531163584600,1531163584595,12576367,0.01213500,0.11000000,1
1531163585645,1531163585640,12576368,0.01214100,0.11000000,0
1531163590243,1531163590235,12576369,0.01214100,1.46000000,0
1531163590243,1531163590235,12576370,0.01214200,1.08000000,0
1531163590243,1531163590235,12576371,0.01214500,3.40000000,0
1531163590243,1531163590235,12576372,0.01214700,1.41000000,0
1531163590554,1531163590548,12576373,0.01213500,1.76000000,1
1531163594103,1531163594097,12576374,0.01213800,17.98000000,1
1531163594117,1531163594113,12576375,0.01213600,1.87000000,1
1531163610749,1531163610742,12576376,0.01213700,7.91000000,1
1531163610762,1531163610757,12576377,0.01213700,8.33000000,1
1531163615841,1531163615836,12576378,0.01213700,10.82000000,1
1531163615864,1531163615858,12576379,0.01213600,13.31000000,1
1531163639053,1531163639050,12576380,0.01214700,0.82000000,0
1531163645286,1531163645281,12576381,0.01213600,2.00000000,1
1531163651639,1531163651635,12576382,0.01213600,0.10000000,1
1531163651639,1531163651635,12576383,0.01213500,1.25000000,1
1531163662694,1531163662687,12576384,0.01213800,14.41000000,1
1531163662716,1531163662712,12576385,0.01213700,4.91000000,1
1531163676259,1531163676254,12576386,0.01214200,3.04000000,0
1531163676266,1531163676261,12576387,0.01213800,2.81000000,1
1531163677732,1531163677728,12576388,0.01213500,0.10000000,1
1531163686782,1531163686777,12576389,0.01214700,0.14000000,0
1531163687344,1531163687324,12576390,0.01213800,0.43000000,1
1531163689055,1531163689048,12576391,0.01213800,4.36000000,1
1531163689075,1531163689069,12576392,0.01213600,3.25000000,1
1531163689085,1531163689079,12576393,0.01213800,0.43000000,0
1531163704312,1531163704306,12576394,0.01214200,14.53000000,0
1531163704333,1531163704327,12576395,0.01213700,15.89000000,1
1531163712018,1531163712013,12576396,0.01213500,1.00000000,1
1531163721846,1531163721841,12576397,0.01214200,18.82000000,0
1531163721865,1531163721859,12576398,0.01213800,17.92000000,1
1531163721887,1531163721881,12576399,0.01213600,18.03000000,1
1531163723055,1531163723048,12576400,0.01214600,2.25000000,0
1531163731895,1531163731891,12576401,0.01214500,1.16000000,0
1531163731895,1531163731891,12576402,0.01214600,2.25000000,0
1531163731895,1531163731891,12576403,0.01214700,15.04000000,0
1531163731895,1531163731891,12576404,0.01214900,9.19000000,0
1531163731895,1531163731891,12576405,0.01215000,4.22000000,0
1531163745319,1531163745313,12576406,0.01215000,0.33000000,0
1531163758628,1531163758623,12576407,0.01214500,5.01000000,0
1531163758641,1531163758638,12576408,0.01214100,2.45000000,1
1531163769791,1531163769787,12576409,0.01214200,6.77000000,0
1531163769806,1531163769803,12576410,0.01214700,3.93000000,0
1531163773230,1531163773226,12576411,0.01213800,0.27000000,1
1531163784972,1531163784967,12576412,0.01213800,4.50000000,1
1531163787511,1531163787504,12576413,0.01213800,0.10000000,0
1531163790270,1531163790264,12576414,0.01213700,4.79000000,1
1531163798639,1531163798632,12576415,0.01213600,5.08000000,1
1531163800857,1531163800853,12576416,0.01213800,1.84000000,0
1531163801485,1531163801480,12576417,0.01213800,2.10000000,0
1531163805726,1531163805724,12576418,0.01213800,0.05000000,0
1531163814487,1531163814484,12576419,0.01213600,7.80000000,0
1531163817259,1531163817254,12576420,0.01213500,7.47000000,1
1531163817296,1531163817291,12576421,0.01213600,0.11000000,0
1531163830594,1531163830587,12576422,0.01213700,42.23000000,0
1531163830601,1531163830596,12576423,0.01213600,7.80000000,1
1531163834220,1531163834214,12576424,0.01213600,0.11000000,0
1531163843451,1531163843446,12576425,0.01213800,0.03000000,0
1531163843451,1531163843446,12576426,0.01214100,0.70000000,0
1531163843451,1531163843446,12576427,0.01215000,2.05000000,0
1531163859232,1531163859228,12576428,0.01214300,12.21000000,0
1531163859242,1531163859238,12576429,0.01213700,5.45000000,1
1531163859257,1531163859252,12576430,0.01213700,10.32000000,1
1531163878602,1531163878595,12576431,0.01214400,10.40000000,0
1531163878610,1531163878605,12576432,0.01213900,2.31000000,1
1531163878624,1531163878617,12576433,0.01213900,11.97000000,1
1531163886595,1531163886590,12576434,0.01214300,20.45000000,0
1531163886604,1531163886598,12576435,0.01213900,10.50000000,1
1531163901631,1531163901626,12576436,0.01214200,12.41000000,1
1531163901651,1531163901645,12576437,0.01214000,16.80000000,1
1531163909991,1531163909986,12576438,0.01214400,26.20000000,0
1531163910008,1531163910001,12576439,0.01214100,14.08000000,1
1531163928435,1531163928432,12576440,0.01214600,23.74000000,0
1531163928447,1531163928442,12576441,0.01214400,4.50000000,1
1531163928462,1531163928456,12576442,0.01214400,15.23000000,1
1531163928781,1531163928776,12576443,0.01214100,2.33000000,1
1531163937946,1531163937940,12576444,0.01213900,0.46000000,1
1531163939279,1531163939272,12576445,0.01213900,3.41000000,1
1531163946484,1531163946478,12576446,0.01213700,30.00000000,1
1531163947636,1531163947634,12576447,0.01213900,0.46000000,0
1531163948664,1531163948661,12576448,0.01214100,0.36000000,1
1531163952795,1531163952790,12576449,0.01214300,4.95000000,1
1531163960635,1531163960630,12576450,0.01214200,12.81000000,1
1531163960653,1531163960648,12576451,0.01214200,8.69000000,0
1531163960672,1531163960668,12576452,0.01214200,12.81000000,1
1531163969358,1531163969351,12576453,0.01214100,1.02000000,1
1531163971143,1531163971140,12576454,0.01214100,1.65000000,1
1531163975726,1531163975720,12576455,0.01214200,2.95000000,0
1531163978309,1531163978304,12576456,0.01214200,1.01000000,0
1531163978843,1531163978839,12576457,0.01214200,2.95000000,0
1531163988393,1531163988387,12576458,0.01215000,0.35000000,0
1531163996305,1531163996303,12576459,0.01214100,4.00000000,1
1531163996305,1531163996303,12576460,0.01213900,8.09000000,1
1531164003762,1531164003757,12576461,0.01214500,9.93000000,0
1531164003777,1531164003774,12576462,0.01214100,8.66000000,1
1531164003790,1531164003785,12576463,0.01214000,6.12000000,1
1531164006540,1531164006534,12576464,0.01213900,8.14000000,1
1531164006540,1531164006534,12576465,0.01213600,33.56000000,1
1531164006540,1531164006534,12576466,0.01213500,3.30000000,1
1531164016843,1531164016840,12576467,0.01213600,8.25000000,1
1531164016857,1531164016853,12576468,0.01213600,13.83000000,1
1531164020847,1531164020841,12576469,0.01213700,27.00000000,1
1531164020847,1531164020841,12576470,0.01213500,18.00000000,1
1531164038863,1531164038856,12576471,0.01214100,2.89000000,1
1531164041642,1531164041638,12576472,0.01214100,13.81000000,1
1531164041658,1531164041652,12576473,0.01214100,11.00000000,1
1531164048871,1531164048866,12576474,0.01214600,3.70000000,0
1531164048891,1531164048884,12576475,0.01214300,3.43000000,1
1531164048908,1531164048904,12576476,0.01214100,10.65000000,1
1531164073441,1531164073437,12576477,0.01214600,14.18000000,0
1531164073455,1531164073450,12576478,0.01214300,18.53000000,1
1531164084033,1531164084028,12576479,0.01215000,0.90000000,0
1531164084864,1531164084857,12576480,0.01215000,0.90000000,0
1531164095011,1531164095006,12576481,0.01215000,0.25000000,0
1531164095019,1531164095013,12576482,0.01215000,0.98000000,0
1531164095029,1531164095025,12576483,0.01215000,4.13000000,0
1531164095071,1531164095065,12576484,0.01215000,0.95000000,0
1531164104315,1531164104311,12576485,0.01215000,0.91000000,1
1531164109002,1531164108996,12576486,0.01215200,9.70000000,0
1531164109016,1531164109011,12576487,0.01215100,4.41000000,1
1531164113840,1531164113834,12576488,0.01215300,10.08000000,1
1531164113854,1531164113849,12576489,0.01215300,21.28000000,0
1531164113868,1531164113864,12576490,0.01215300,10.08000000,1
1531164113889,1531164113885,12576491,0.01215100,17.00000000,1
1531164131406,1531164131401,12576492,0.01215300,1.04000000,1
1531164132773,1531164132768,12576493,0.01215300,13.79000000,1
1531164132788,1531164132783,12576494,0.01215100,1.83000000,1
1531164136587,1531164136581,12576495,0.01215300,6.49000000,1
1531164136587,1531164136581,12576496,0.01215200,0.17000000,1
1531164136689,1531164136684,12576497,0.01215300,1.14000000,0
1531164136703,1531164136699,12576498,0.01215200,1.33000000,1
1531164152087,1531164152083,12576499,0.01215000,0.20000000,1
1531164160235,1531164160228,12576500,0.01215200,0.17000000,0
1531164160550,1531164160544,12576501,0.01215300,4.98000000,1
1531164164654,1531164164648,12576502,0.01215300,5.19000000,1
1531164184644,1531164184638,12576503,0.01215200,17.30000000,1
1531164184664,1531164184659,12576504,0.01215200,14.08000000,1
1531164191221,1531164191218,12576505,0.01215200,8.00000000,1
1531164210316,1531164210309,12576506,0.01215100,5.72000000,0
1531164210332,1531164210330,12576507,0.01215300,3.66000000,0
1531164220097,1531164220093,12576508,0.01215300,11.53000000,1
1531164220109,1531164220103,12576509,0.01215300,18.65000000,0
1531164220117,1531164220112,12576510,0.01215300,11.52000000,1
1531164238593,1531164238587,12576511,0.01215300,0.01000000,1
1531164238605,1531164238600,12576512,0.01215300,5.99000000,0
1531164238616,1531164238613,12576513,0.01215300,0.01000000,1
1531164247588,1531164247582,12576514,0.01215100,4.20000000,0
1531164249101,1531164249095,12576515,0.01215000,29.23000000,1
1531164249130,1531164249124,12576516,0.01215100,2.17000000,0
1531164249241,1531164249234,12576517,0.01215300,30.16000000,0
1531164262099,1531164262092,12576518,0.01215300,0.01000000,1
1531164262099,1531164262092,12576519,0.01215000,1.21000000,1
1531164262099,1531164262092,12576520,0.01214100,2.14000000,1
1531164263830,1531164263824,12576521,0.01215400,0.20000000,0
1531164263830,1531164263824,12576522,0.01216000,0.20000000,0
1531164263830,1531164263824,12576523,0.01216400,3.67000000,0
1531164267910,1531164267903,12576524,0.01216400,0.02000000,0
1531164269555,1531164269549,12576525,0.01216300,3.16000000,0
1531164270087,1531164270080,12576526,0.01216300,0.20000000,0
1531164271095,1531164271088,12576527,0.01216300,2.30000000,0
1531164271095,1531164271088,12576528,0.01216400,1.02000000,0
1531164271095,1531164271088,12576529,0.01217000,36.91000000,0
1531164271095,1531164271088,12576530,0.01217300,0.20000000,0
1531164271095,1531164271088,12576531,0.01217600,0.68000000,0
1531164271095,1531164271088,12576532,0.01217700,0.28000000,0
1531164271095,1531164271088,12576533,0.01217800,14.08000000,0
1531164272080,1531164272076,12576534,0.01217600,7.65000000,0
1531164272080,1531164272076,12576535,0.01217700,0.85000000,0
1531164272139,1531164272138,12576536,0.01217700,0.18000000,0
1531164272141,1531164272138,12576537,0.01217700,0.18000000,0
1531164272183,1531164272179,12576538,0.01217700,0.18000000,0
1531164272196,1531164272191,12576539,0.01217700,0.31000000,0
1531164272512,1531164272505,12576540,0.01217700,0.02000000,0
1531164273164,1531164273161,12576541,0.01217700,0.18000000,0
1531164273190,1531164273184,12576542,0.01217700,0.10000000,0
1531164273190,1531164273184,12576543,0.01217800,0.08000000,0
1531164273220,1531164273215,12576544,0.01217800,0.18000000,0
1531164273236,1531164273233,12576545,0.01217800,0.33000000,0
1531164274127,1531164274125,12576546,0.01217800,0.28000000,0
1531164289018,1531164289013,12576547,0.01217000,0.75000000,0
1531164298553,1531164298546,12576548,0.01215800,2.75000000,1
1531164298573,1531164298567,12576549,0.01215800,11.50000000,1
1531164309906,1531164309902,12576550,0.01216000,1.06000000,1
1531164314471,1531164314465,12576551,0.01216600,0.20000000,0
1531164314471,1531164314465,12576552,0.01217000,0.46000000,0
1531164322294,1531164322288,12576553,0.01215400,16.48000000,1
1531164328842,1531164328836,12576554,0.01216900,13.63000000,0
1531164328842,1531164328836,12576555,0.01217000,33.40000000,0
1531164373642,1531164373639,12576556,0.01216300,9.88000000,0
1531164373657,1531164373656,12576557,0.01215700,12.42000000,1
1531164381559,1531164381557,12576558,0.01215800,18.87000000,1
1531164388541,1531164388535,12576559,0.01215900,2.72000000,0
1531164388549,1531164388542,12576560,0.01215000,1.75000000,1
1531164407487,1531164407481,12576561,0.01215800,0.09000000,1
1531164407560,1531164407557,12576562,0.01215200,1.47000000,0
1531164409752,1531164409746,12576563,0.01214800,0.20000000,1
1531164410607,1531164410604,12576564,0.01216900,0.06000000,0
1531164413185,1531164413179,12576565,0.01216800,0.06000000,0
1531164427518,1531164427511,12576566,0.01216400,0.14000000,0
1531164427518,1531164427511,12576567,0.01216500,4.97000000,0
1531164427518,1531164427511,12576568,0.01216800,4.00000000,0
1531164427518,1531164427511,12576569,0.01217000,36.93000000,0
1531164427518,1531164427511,12576570,0.01217200,0.20000000,0
1531164427518,1531164427511,12576571,0.01217800,9.16000000,0
1531164450191,1531164450191,12576572,0.01215200,0.92000000,1
1531164476730,1531164476726,12576573,0.01216000,13.33000000,0
1531164476752,1531164476745,12576574,0.01215100,8.24000000,1
1531164488088,1531164488085,12576575,0.01215800,1.98000000,1
1531164488943,1531164488937,12576576,0.01215800,13.93000000,1
1531164488961,1531164488958,12576577,0.01215700,11.01000000,1
1531164510945,1531164510939,12576578,0.01215400,4.20000000,1
1531164510963,1531164510957,12576579,0.01215400,0.34000000,0
1531164510981,1531164510976,12576580,0.01215400,4.20000000,1
1531164513807,1531164513802,12576581,0.01215500,0.78000000,0
1531164513807,1531164513802,12576582,0.01216000,0.13000000,0
1531164525016,1531164525011,12576583,0.01215700,0.59000000,1
1531164527558,1531164527553,12576584,0.01215700,11.72000000,1
1531164533571,1531164533564,12576585,0.01215600,0.36000000,1
1531164533571,1531164533564,12576586,0.01215000,7.15000000,1
1531164537969,1531164537963,12576587,0.01215400,22.99000000,0
1531164537983,1531164537978,12576588,0.01215200,12.66000000,1
1531164538003,1531164537997,12576589,0.01215700,0.59000000,0
1531164549541,1531164549536,12576590,0.01215800,11.86000000,0
1531164549560,1531164549553,12576591,0.01215700,11.72000000,1
1531164553581,1531164553574,12576592,0.01215000,0.23000000,1
1531164566411,1531164566406,12576593,0.01215100,5.00000000,1
1531164571705,1531164571699,12576594,0.01215700,0.59000000,0
1531164585915,1531164585914,12576595,0.01215900,5.74000000,1
1531164585931,1531164585926,12576596,0.01215800,6.62000000,1
1531164599253,1531164599251,12576597,0.01215100,0.14000000,1
1531164602998,1531164602991,12576598,0.01215400,0.71000000,1
1531164605214,1531164605207,12576599,0.01215600,5.70000000,0
1531164605231,1531164605226,12576600,0.01215400,0.66000000,1
1531164605242,1531164605235,12576601,0.01215300,2.97000000,1
1531164611398,1531164611393,12576602,0.01215100,1.00000000,1
1531164622119,1531164622113,12576603,0.01215300,13.33000000,1
1531164622132,1531164622127,12576604,0.01215100,4.83000000,1
1531164639643,1531164639638,12576605,0.01215200,0.14000000,1
1531164639667,1531164639660,12576606,0.01215200,6.87000000,1
1531164641901,1531164641898,12576607,0.01215000,0.24000000,1
1531164647376,1531164647372,12576608,0.01215400,33.32000000,0
1531164647392,1531164647386,12576609,0.01215100,16.10000000,1
1531164647430,1531164647424,12576610,0.01215100,0.41000000,1
1531164647975,1531164647970,12576611,0.01215200,0.25000000,1
1531164655063,1531164655056,12576612,0.01215800,0.30000000,0
1531164656550,1531164656545,12576613,0.01215000,1.21000000,1
1531164660185,1531164660179,12576614,0.01215100,0.25000000,1
1531164660235,1531164660229,12576615,0.01215800,0.16000000,0
1531164663306,1531164663301,12576616,0.01215400,5.37000000,1
1531164678302,1531164678297,12576617,0.01215200,7.62000000,1
1531164687692,1531164687687,12576618,0.01216000,0.26000000,0
1531164691631,1531164691625,12576619,0.01215600,15.27000000,0
1531164691640,1531164691639,12576620,0.01215600,6.00000000,1
1531164698782,1531164698776,12576621,0.01215000,0.26000000,1
1531164707903,1531164707899,12576622,0.01215200,16.51000000,1
1531164707932,1531164707925,12576623,0.01215100,10.91000000,1
1531164717999,1531164717994,12576624,0.01215300,16.32000000,1
1531164719052,1531164719049,12576625,0.01215000,0.23000000,1
1531164728740,1531164728736,12576626,0.01215000,0.60000000,1
1531164732528,1531164732523,12576627,0.01215500,22.26000000,0
1531164732540,1531164732535,12576628,0.01215000,13.81000000,1
1531164751275,1531164751272,12576629,0.01215400,10.34000000,0
1531164753153,1531164753148,12576630,0.01215400,1.40000000,0
1531164753288,1531164753282,12576631,0.01215200,13.48000000,1
1531164753306,1531164753301,12576632,0.01215100,2.60000000,1
1531164754146,1531164754140,12576633,0.01215400,3.60000000,0
1531164772231,1531164772226,12576634,0.01216000,0.84000000,0
1531164777294,1531164777288,12576635,0.01215600,21.51000000,0
1531164777301,1531164777301,12576636,0.01215200,2.08000000,1
1531164777314,1531164777310,12576637,0.01215100,17.71000000,1
1531164782620,1531164782617,12576638,0.01215400,4.00000000,1
1531164786425,1531164786418,12576639,0.01215000,10.34000000,1
1531164801692,1531164801688,12576640,0.01215500,5.27000000,0
1531164801702,1531164801696,12576641,0.01215100,12.52000000,1
1531164803722,1531164803717,12576642,0.01216000,0.06000000,0
1531164810608,1531164810606,12576643,0.01214900,0.50000000,1
1531164814611,1531164814610,12576644,0.01215000,2.00000000,1
1531164817403,1531164817398,12576645,0.01215000,0.06000000,1
1531164817403,1531164817398,12576646,0.01214900,0.09000000,1
1531164817609,1531164817603,12576647,0.01214800,0.10000000,1
1531164827319,1531164827318,12576648,0.01214900,0.09000000,0
1531164827319,1531164827318,12576649,0.01215400,0.58000000,0
1531164834600,1531164834595,12576650,0.01215100,2.00000000,1
1531164838055,1531164838049,12576651,0.01215200,3.60000000,0
1531164838065,1531164838058,12576652,0.01215100,0.08000000,1
1531164845604,1531164845603,12576653,0.01215000,1.40000000,1
1531164849863,1531164849858,12576654,0.01215000,16.31000000,1
1531164865591,1531164865589,12576655,0.01215000,0.98000000,0
1531164870210,1531164870205,12576656,0.01214900,15.40000000,1
1531164870220,1531164870215,12576657,0.01214900,13.27000000,0
1531164870232,1531164870227,12576658,0.01214900,15.40000000,1
1531164870250,1531164870243,12576659,0.01215000,1.59000000,0
1531164872307,1531164872301,12576660,0.01215000,0.09000000,1
1531164879198,1531164879195,12576661,0.01215100,10.22000000,1
1531164879223,1531164879220,12576662,0.01215000,16.03000000,1
1531164888317,1531164888311,12576663,0.01214900,4.12000000,1
1531164888333,1531164888331,12576664,0.01214900,15.50000000,1
1531164888351,1531164888347,12576665,0.01215000,17.71000000,0
1531164892232,1531164892227,12576666,0.01215400,0.30000000,0
1531164893074,1531164893070,12576667,0.01215400,0.30000000,0
1531164893379,1531164893373,12576668,0.01215000,12.83000000,1
1531164894124,1531164894118,12576669,0.01215400,0.30000000,0
1531164894742,1531164894735,12576670,0.01215400,0.30000000,0
1531164895728,1531164895724,12576671,0.01215400,0.30000000,0
1531164896311,1531164896307,12576672,0.01215400,0.30000000,0
1531164905230,1531164905225,12576673,0.01215200,13.14000000,0
1531164905244,1531164905239,12576674,0.01215000,8.83000000,1
1531164909025,1531164909020,12576675,0.01215000,0.76000000,1
1531164910205,1531164910200,12576676,0.01215200,13.60000000,0
1531164910221,1531164910216,12576677,0.01215000,14.10000000,1
1531164910272,1531164910267,12576678,0.01215000,0.75000000,0
1531164922831,1531164922826,12576679,0.01214900,0.77000000,1
1531164932144,1531164932139,12576680,0.01215000,1.25000000,0
1531164947277,1531164947272,12576681,0.01215100,3.60000000,1
1531164949119,1531164949113,12576682,0.01215100,1.90000000,1
1531164960475,1531164960468,12576683,0.01214900,8.83000000,0
1531164960487,1531164960482,12576684,0.01215100,3.60000000,0
1531164967244,1531164967239,12576685,0.01215400,0.10000000,0
1531164967244,1531164967239,12576686,0.01215700,0.07000000,0
1531164968062,1531164968056,12576687,0.01215700,0.01000000,0
1531164972582,1531164972580,12576688,0.01215300,12.83000000,1
1531164972597,1531164972595,12576689,0.01215200,14.25000000,1
1531164972619,1531164972614,12576690,0.01215100,1.90000000,1
1531164976006,1531164975999,12576691,0.01214800,0.50000000,1
1531164980918,1531164980914,12576692,0.01215000,14.73000000,1
1531164980934,1531164980929,12576693,0.01215000,5.50000000,1
1531164986412,1531164986407,12576694,0.01215000,0.16000000,0
1531165000254,1531165000250,12576695,0.01215500,0.34000000,0
1531165000271,1531165000266,12576696,0.01215100,0.17000000,1
1531165000291,1531165000286,12576697,0.01214900,11.66000000,1
1531165005740,1531165005735,12576698,0.01215500,21.48000000,0
1531165005754,1531165005748,12576699,0.01215000,13.25000000,1
1531165023894,1531165023889,12576700,0.01214900,14.83000000,1
1531165029307,1531165029301,12576701,0.01215100,9.82000000,1
1531165029320,1531165029319,12576702,0.01215100,5.12000000,1
1531165051490,1531165051484,12576703,0.01215600,29.84000000,0
1531165051497,1531165051494,12576704,0.01215200,14.64000000,1
1531165059120,1531165059114,12576705,0.01215300,5.79000000,1
1531165059138,1531165059132,12576706,0.01215200,17.98000000,1
1531165068185,1531165068180,12576707,0.01215300,1.55000000,1
1531165068364,1531165068359,12576708,0.01215100,12.10000000,1
1531165074729,1531165074722,12576709,0.01215200,4.76000000,1
1531165074761,1531165074757,12576710,0.01215000,1.42000000,1
1531165074813,1531165074812,12576711,0.01215000,0.01000000,1
1531165083846,1531165083838,12576712,0.01215000,0.48000000,1
1531165085954,1531165085947,12576713,0.01215000,9.36000000,1
1531165090144,1531165090139,12576714,0.01215100,15.76000000,0
1531165090163,1531165090160,12576715,0.01215000,6.32000000,1
1531165096786,1531165096783,12576716,0.01215000,0.98000000,0
1531165101184,1531165101179,12576717,0.01214900,0.94000000,0
1531165101201,1531165101196,12576718,0.01215000,8.37000000,0
1531165112257,1531165112251,12576719,0.01215000,0.79000000,1
1531165117502,1531165117497,12576720,0.01215100,14.42000000,0
1531165117524,1531165117517,12576721,0.01215200,7.20000000,0
1531165117541,1531165117535,12576722,0.01215000,6.50000000,1
1531165126099,1531165126093,12576723,0.01215000,2.00000000,0
1531165128455,1531165128448,12576724,0.01215000,7.16000000,0
1531165130447,1531165130441,12576725,0.01215000,1.50000000,1
1531165132754,1531165132749,12576726,0.01215000,7.00000000,1
1531165132820,1531165132816,12576727,0.01215000,0.98000000,0
1531165140103,1531165140099,12576728,0.01214900,1.21000000,1
1531165144103,1531165144097,12576729,0.01215000,0.59000000,0
1531165144108,1531165144101,12576730,0.01215000,2.23000000,0
1531165163490,1531165163485,12576731,0.01215200,2.89000000,1
1531165163490,1531165163485,12576732,0.01215100,0.56000000,1
1531165205418,1531165205414,12576733,0.01215100,4.58000000,0
1531165211057,1531165211050,12576734,0.01215000,0.98000000,1
1531165221702,1531165221696,12576735,0.01214900,10.52000000,1
1531165231989,1531165231984,12576736,0.01214800,2.62000000,1
1531165248753,1531165248747,12576737,0.01215000,11.16000000,1
1531165248768,1531165248764,12576738,0.01215000,15.65000000,1
1531165264794,1531165264789,12576739,0.01214900,14.33000000,0
1531165264808,1531165264801,12576740,0.01215000,8.51000000,0
1531165276419,1531165276414,12576741,0.01215100,0.98000000,0
1531165299424,1531165299416,12576742,0.01215100,1.87000000,0
1531165299424,1531165299416,12576743,0.01215300,0.68000000,0
1531165299424,1531165299416,12576744,0.01215600,0.01000000,0
1531165318711,1531165318706,12576745,0.01215200,19.26000000,0
1531165318721,1531165318716,12576746,0.01214900,12.24000000,1
1531165323830,1531165323824,12576747,0.01215000,11.59000000,0
1531165323843,1531165323838,12576748,0.01215300,7.16000000,0
1531165325206,1531165325200,12576749,0.01215600,0.21000000,0
1531165340645,1531165340641,12576750,0.01215000,0.60000000,1
1531165342838,1531165342833,12576751,0.01215000,9.48000000,1
1531165342852,1531165342846,12576752,0.01214900,0.46000000,1
1531165346388,1531165346383,12576753,0.01214800,0.56000000,1
1531165346855,1531165346848,12576754,0.01214800,0.66000000,1
1531165358677,1531165358670,12576755,0.01215000,10.08000000,0
1531165379498,1531165379495,12576756,0.01215000,2.94000000,0
1531165379667,1531165379665,12576757,0.01215000,3.19000000,0
1531165388889,1531165388883,12576758,0.01214900,0.01000000,0
1531165389882,1531165389876,12576759,0.01214900,0.47000000,0
1531165390422,1531165390418,12576760,0.01214900,7.61000000,0
1531165391103,1531165391099,12576761,0.01215000,0.99000000,0
1531165395433,1531165395429,12576762,0.01215000,6.01000000,0
1531165398696,1531165398695,12576763,0.01215200,0.65000000,1
1531165401774,1531165401768,12576764,0.01215200,18.74000000,1
1531165401795,1531165401788,12576765,0.01214900,0.47000000,1
1531165409923,1531165409916,12576766,0.01214800,15.29000000,1
1531165409952,1531165409947,12576767,0.01214900,7.61000000,0
1531165412641,1531165412635,12576768,0.01214800,0.50000000,1
1531165429758,1531165429752,12576769,0.01215500,10.00000000,0
1531165429904,1531165429899,12576770,0.01215500,9.26000000,0
1531165440057,1531165440051,12576771,0.01215500,10.00000000,1
1531165440069,1531165440063,12576772,0.01215500,12.50000000,0
1531165440086,1531165440082,12576773,0.01215500,10.00000000,1
1531165465753,1531165465752,12576774,0.01215000,2.47000000,0
1531165466832,1531165466826,12576775,0.01215000,1.73000000,0
1531165467050,1531165467045,12576776,0.01215000,3.75000000,0
1531165467697,1531165467692,12576777,0.01215000,2.50000000,0
1531165468008,1531165468002,12576778,0.01215000,1.25000000,0
1531165468295,1531165468290,12576779,0.01215000,1.25000000,0
1531165468628,1531165468605,12576780,0.01215000,0.62000000,0
1531165468972,1531165468965,12576781,0.01215000,0.63000000,0
1531165469244,1531165469239,12576782,0.01215000,0.31000000,0
1531165469557,1531165469551,12576783,0.01215000,0.31000000,0
1531165470084,1531165470079,12576784,0.01215000,0.16000000,0
1531165470712,1531165470706,12576785,0.01215000,0.16000000,0
1531165471433,1531165471428,12576786,0.01215000,0.10000000,0
1531165482710,1531165482705,12576787,0.01215500,0.20000000,0
1531165488569,1531165488564,12576788,0.01215200,15.73000000,0
1531165488582,1531165488578,12576789,0.01215000,11.41000000,1
1531165490497,1531165490492,12576790,0.01215000,2.94000000,0
1531165490997,1531165490993,12576791,0.01215000,11.59000000,0
1531165497010,1531165497009,12576792,0.01214900,0.06000000,1
1531165501749,1531165501743,12576793,0.01215000,4.18000000,0
1531165507221,1531165507216,12576794,0.01215000,2.94000000,0
1531165508057,1531165508054,12576795,0.01215000,12.77000000,0
1531165512220,1531165512214,12576796,0.01215300,12.91000000,0
1531165512227,1531165512222,12576797,0.01215100,9.25000000,1
1531165512245,1531165512239,12576798,0.01214900,19.64000000,1
1531165513877,1531165513869,12576799,0.01215500,5.01000000,0
1531165513877,1531165513869,12576800,0.01215600,7.25000000,0
1531165514028,1531165514022,12576801,0.01215600,10.00000000,0
1531165519832,1531165519825,12576802,0.01215600,10.00000000,0
1531165523091,1531165523086,12576803,0.01215600,10.00000000,0
1531165529361,1531165529354,12576804,0.01215600,13.77000000,0
1531165529361,1531165529354,12576805,0.01216000,23.23000000,0
1531165541333,1531165541327,12576806,0.01216000,112.78000000,0
1531165541333,1531165541327,12576807,0.01216100,0.22000000,0
1531165549874,1531165549869,12576808,0.01215700,14.29000000,0
1531165549888,1531165549883,12576809,0.01215300,13.33000000,1
1531165549910,1531165549906,12576810,0.01215100,18.32000000,1
1531165558655,1531165558648,12576811,0.01215200,2.79000000,1
1531165558655,1531165558648,12576812,0.01214900,3.41000000,1
1531165561594,1531165561587,12576813,0.01214900,0.12000000,1
1531165573127,1531165573121,12576814,0.01215600,13.52000000,0
1531165573141,1531165573136,12576815,0.01215100,6.33000000,1
1531165578660,1531165578655,12576816,0.01215500,18.75000000,0
1531165578675,1531165578669,12576817,0.01215000,18.67000000,1
1531165599363,1531165599357,12576818,0.01215400,16.32000000,1
1531165602380,1531165602373,12576819,0.01216100,0.04000000,0
1531165612922,1531165612915,12576820,0.01215400,2.52000000,1
1531165612983,1531165612976,12576821,0.01215400,0.24000000,1
1531165632656,1531165632650,12576822,0.01215700,28.13000000,0
1531165632669,1531165632662,12576823,0.01215400,13.77000000,1
1531165647505,1531165647501,12576824,0.01215400,0.68000000,1
1531165649966,1531165649960,12576825,0.01215400,19.12000000,1
1531165659564,1531165659558,12576826,0.01215300,4.49000000,0
1531165659579,1531165659572,12576827,0.01215400,0.68000000,0
1531165659810,1531165659804,12576828,0.01215400,0.72000000,1
1531165664789,1531165664783,12576829,0.01215800,5.75000000,0
1531165664809,1531165664803,12576830,0.01215400,19.80000000,1
1531165674678,1531165674672,12576831,0.01215600,1.00000000,1
1531165678646,1531165678640,12576832,0.01215600,3.38000000,1
1531165678672,1531165678667,12576833,0.01215500,1.85000000,1
1531165681839,1531165681834,12576834,0.01216100,4.94000000,0
1531165682325,1531165682319,12576835,0.01215900,16.76000000,0
1531165682337,1531165682331,12576836,0.01215700,10.08000000,1
1531165683756,1531165683749,12576837,0.01216100,0.43000000,0
1531165700940,1531165700934,12576838,0.01215600,1.17000000,1
1531165701956,1531165701950,12576839,0.01215600,15.75000000,1
1531165719138,1531165719132,12576840,0.01215600,1.17000000,0
1531165720137,1531165720132,12576841,0.01216100,6.63000000,0
1531165722415,1531165722408,12576842,0.01216000,0.07000000,0
1531165723427,1531165723421,12576843,0.01216000,1.44000000,0
1531165726094,1531165726088,12576844,0.01215800,3.27000000,1
1531165727580,1531165727577,12576845,0.01215800,0.35000000,1
1531165728575,1531165728573,12576846,0.01215900,19.73000000,0
1531165728589,1531165728584,12576847,0.01215800,5.28000000,1
1531165728637,1531165728603,12576848,0.01215600,15.75000000,1
1531165734465,1531165734459,12576849,0.01215500,16.85000000,0
1531165734473,1531165734468,12576850,0.01215600,1.17000000,0
1531165736837,1531165736832,12576851,0.01215600,1.00000000,1
1531165737503,1531165737497,12576852,0.01216000,16.80000000,0
1531165748320,1531165748315,12576853,0.01215600,1.05000000,1
1531165752982,1531165752976,12576854,0.01215900,13.50000000,1
1531165752999,1531165752994,12576855,0.01215800,2.75000000,1
1531165753017,1531165753012,12576856,0.01215600,14.70000000,1
1531165760199,1531165760196,12576857,0.01215600,0.40000000,0
1531165768173,1531165768169,12576858,0.01215500,18.10000000,1
1531165768191,1531165768186,12576859,0.01215600,1.82000000,0
1531165775371,1531165775370,12576860,0.01216000,0.53000000,0
1531165775371,1531165775370,12576861,0.01216100,3.47000000,0
1531165780264,1531165780258,12576862,0.01215700,21.09000000,0
1531165780283,1531165780277,12576863,0.01215800,15.10000000,0
1531165780300,1531165780294,12576864,0.01215600,15.10000000,1
1531165788244,1531165788239,12576865,0.01215600,16.92000000,0
1531165805239,1531165805234,12576866,0.01215600,7.70000000,0
1531165816554,1531165816547,12576867,0.01215400,0.14000000,1
1531165817353,1531165817348,12576868,0.01215400,0.65000000,1
1531165817584,1531165817580,12576869,0.01215400,0.16000000,1
1531165817912,1531165817906,12576870,0.01215400,6.18000000,1
1531165831195,1531165831190,12576871,0.01215300,5.87000000,0
1531165831204,1531165831200,12576872,0.01215400,0.94000000,0
1531165844278,1531165844273,12576873,0.01215500,18.52000000,0
1531165844297,1531165844292,12576874,0.01215400,6.18000000,1
1531165847474,1531165847467,12576875,0.01215400,0.74000000,0
1531165847914,1531165847907,12576876,0.01215200,0.16000000,1
1531165858093,1531165858087,12576877,0.01215400,0.20000000,0
1531165863779,1531165863775,12576878,0.01215300,1.40000000,0
1531165866037,1531165866031,12576879,0.01215300,1.20000000,0
1531165866050,1531165866046,12576880,0.01215400,10.50000000,0
1531165883485,1531165883483,12576881,0.01215500,0.67000000,0
1531165884393,1531165884389,12576882,0.01215400,0.11000000,1
1531165884449,1531165884443,12576883,0.01215300,1.40000000,1
1531165885927,1531165885921,12576884,0.01215200,10.96000000,1
1531165891175,1531165891170,12576885,0.01215300,6.94000000,0
1531165895684,1531165895677,12576886,0.01215300,17.67000000,1
1531165898283,1531165898277,12576887,0.01215400,0.18000000,0
1531165902236,1531165902233,12576888,0.01215200,0.54000000,1
1531165942652,1531165942647,12576889,0.01215300,5.54000000,1
1531165943638,1531165943631,12576890,0.01215400,0.02000000,0
1531165946514,1531165946510,12576891,0.01215300,15.85000000,1
1531165946522,1531165946517,12576892,0.01215300,1.27000000,0
1531165946536,1531165946530,12576893,0.01215300,15.84000000,1
1531165963112,1531165963105,12576894,0.01215400,0.63000000,0
1531165963112,1531165963105,12576895,0.01215500,0.07000000,0
1531165963112,1531165963105,12576896,0.01215600,1.76000000,0
1531165963112,1531165963105,12576897,0.01216100,0.39000000,0
1531165963112,1531165963105,12576898,0.01216400,1.15000000,0
1531165966159,1531165966152,12576899,0.01215300,16.08000000,1
1531165966159,1531165966152,12576900,0.01215200,17.43000000,1
1531165985055,1531165985049,12576901,0.01215200,0.32000000,1
1531166007152,1531166007146,12576902,0.01216200,3.89000000,0
1531166007152,1531166007146,12576903,0.01216400,4.26000000,0
1531166007152,1531166007146,12576904,0.01216500,1.50000000,0
1531166007152,1531166007146,12576905,0.01217000,6.26000000,0
1531166027030,1531166027024,12576906,0.01215700,16.71000000,0
1531166027047,1531166027042,12576907,0.01215800,2.04000000,0
1531166043661,1531166043655,12576908,0.01215200,0.60000000,1
1531166044454,1531166044448,12576909,0.01215500,15.29000000,0
1531166044473,1531166044467,12576910,0.01215900,19.98000000,0
1531166044554,1531166044547,12576911,0.01216000,14.79000000,0
1531166065714,1531166065708,12576912,0.01217000,130.93000000,0
1531166065714,1531166065708,12576913,0.01217200,0.07000000,0
1531166071964,1531166071959,12576914,0.01216100,7.10000000,0
1531166071983,1531166071977,12576915,0.01216900,7.75000000,0
1531166075035,1531166075028,12576916,0.01216000,10.00000000,0
1531166081425,1531166081422,12576917,0.01216300,15.83000000,0
1531166081439,1531166081433,12576918,0.01215600,15.50000000,1
1531166081454,1531166081449,12576919,0.01215500,11.24000000,1
1531166086986,1531166086978,12576920,0.01215300,0.60000000,1
1531166097494,1531166097489,12576921,0.01216000,35.27000000,0
1531166097502,1531166097497,12576922,0.01216700,13.25000000,0
1531166097524,1531166097522,12576923,0.01216800,16.55000000,0
1531166100615,1531166100609,12576924,0.01216700,0.11000000,0
1531166100616,1531166100609,12576925,0.01216900,12.58000000,0
1531166100616,1531166100609,12576926,0.01217000,53.27000000,0
1531166103279,1531166103273,12576927,0.01217000,21.97000000,0
1531166114826,1531166114821,12576928,0.01217000,0.82000000,0
1531166121446,1531166121441,12576929,0.01216000,24.22000000,0
1531166121465,1531166121460,12576930,0.01216700,16.14000000,0
1531166121476,1531166121471,12576931,0.01216800,15.33000000,0
1531166134977,1531166134973,12576932,0.01215400,2.66000000,1
1531166149637,1531166149631,12576933,0.01215700,14.09000000,1
1531166151857,1531166151852,12576934,0.01215700,0.57000000,1
1531166156100,1531166156096,12576935,0.01216300,24.51000000,0
1531166156117,1531166156111,12576936,0.01215700,10.69000000,1
1531166160759,1531166160754,12576937,0.01215400,2.57000000,1
1531166169164,1531166169158,12576938,0.01215500,2.36000000,1
1531166169219,1531166169214,12576939,0.01215500,0.01000000,1
1531166172283,1531166172277,12576940,0.01215600,0.09000000,0
1531166172289,1531166172285,12576941,0.01215600,39.57000000,0
1531166172305,1531166172301,12576942,0.01215600,0.09000000,1
1531166172305,1531166172301,12576943,0.01215500,0.48000000,1
1531166172741,1531166172740,12576944,0.01215500,2.20000000,0
1531166175225,1531166175224,12576945,0.01215500,0.08000000,0
1531166179680,1531166179676,12576946,0.01216200,5.27000000,0
1531166179719,1531166179688,12576947,0.01216800,2.43000000,0
1531166179719,1531166179711,12576948,0.01216900,1.92000000,0
1531166180330,1531166180324,12576949,0.01217000,2.00000000,0
1531166185749,1531166185744,12576950,0.01217000,7.80000000,0
1531166190243,1531166190238,12576951,0.01216300,13.41000000,1
1531166190258,1531166190253,12576952,0.01216200,0.14000000,1
1531166195739,1531166195733,12576953,0.01217000,25.35000000,0
1531166202075,1531166202070,12576954,0.01216400,7.41000000,0
1531166202092,1531166202090,12576955,0.01216800,7.25000000,0
1531166202123,1531166202116,12576956,0.01216800,0.01000000,0
1531166202123,1531166202116,12576957,0.01217000,22.74000000,0
1531166226179,1531166226174,12576958,0.01216800,3.02000000,0
1531166226198,1531166226192,12576959,0.01216900,2.70000000,0
1531166236503,1531166236499,12576960,0.01215400,0.10000000,1
1531166239880,1531166239876,12576961,0.01216700,0.05000000,0
1531166241562,1531166241557,12576962,0.01216000,32.75000000,0
1531166241576,1531166241571,12576963,0.01216700,18.14000000,0
1531166252082,1531166252076,12576964,0.01216700,0.05000000,1
1531166269524,1531166269518,12576965,0.01215900,36.45000000,0
1531166269535,1531166269529,12576966,0.01216500,17.87000000,0
1531166272607,1531166272603,12576967,0.01215400,1.63000000,1
1531166285171,1531166285166,12576968,0.01216500,15.23000000,0
1531166297921,1531166297915,12576969,0.01215400,1.62000000,1
1531166297921,1531166297915,12576970,0.01215200,3.71000000,1
1531166297921,1531166297915,12576971,0.01215000,36.50000000,1
1531166297946,1531166297939,12576972,0.01214900,16.21000000,1
1531166297946,1531166297939,12576973,0.01214800,55.16000000,1
1531166308098,1531166308092,12576974,0.01214200,0.20000000,1
1531166308098,1531166308092,12576975,0.01214000,0.10000000,1
1531166314531,1531166314525,12576976,0.01213000,12.50000000,1
1531166332756,1531166332753,12576977,0.01214800,5.62000000,0
1531166332774,1531166332768,12576978,0.01214800,3.06000000,0
1531166359586,1531166359579,12576979,0.01214000,0.10000000,0
1531166370595,1531166370591,12576980,0.01214200,14.15000000,0
1531166370611,1531166370606,12576981,0.01214800,14.08000000,0
1531166370633,1531166370626,12576982,0.01215000,3.83000000,0
1531166385314,1531166385308,12576983,0.01214100,6.70000000,0
1531166385326,1531166385322,12576984,0.01214600,3.50000000,0
1531166388169,1531166388163,12576985,0.01214800,0.08000000,0
1531166393275,1531166393273,12576986,0.01214800,0.82000000,0
1531166403927,1531166403922,12576987,0.01214400,21.05000000,0
1531166403939,1531166403933,12576988,0.01214800,0.15000000,0
1531166403941,1531166403936,12576989,0.01214100,13.00000000,1
1531166410676,1531166410675,12576990,0.01214800,0.14000000,0
1531166411149,1531166411146,12576991,0.01214800,0.14000000,0
1531166412378,1531166412372,12576992,0.01214800,0.01000000,0
1531166421425,1531166421419,12576993,0.01214300,7.84000000,0
1531166421441,1531166421436,12576994,0.01214600,0.20000000,0
1531166421458,1531166421453,12576995,0.01214600,4.70000000,0
1531166430409,1531166430403,12576996,0.01214100,8.26000000,0
1531166430423,1531166430416,12576997,0.01214500,1.42000000,0
1531166438653,1531166438647,12576998,0.01214200,9.05000000,1
1531166441933,1531166441925,12576999,0.01214200,2.68000000,1
1531166445753,1531166445746,12577000,0.01214400,19.12000000,0
1531166445767,1531166445762,12577001,0.01214600,14.00000000,0
1531166464314,1531166464309,12577002,0.01214400,10.41000000,0
1531166474561,1531166474556,12577003,0.01214300,11.46000000,0
1531166474569,1531166474563,12577004,0.01214400,11.09000000,0
1531166474592,1531166474586,12577005,0.01214400,6.54000000,0
1531166477278,1531166477271,12577006,0.01214200,1.36000000,1
1531166490766,1531166490761,12577007,0.01214200,1.24000000,1
1531166492715,1531166492709,12577008,0.01214300,0.45000000,1
1531166492715,1531166492709,12577009,0.01214200,1.25000000,1
1531166508673,1531166508667,12577010,0.01214200,0.13000000,1
1531166513441,1531166513435,12577011,0.01214400,0.14000000,0
1531166514433,1531166514427,12577012,0.01214200,3.61000000,1
1531166523193,1531166523190,12577013,0.01214400,0.08000000,0
1531166523193,1531166523190,12577014,0.01214500,0.74000000,0
1531166529688,1531166529681,12577015,0.01214500,0.27000000,0
1531166529688,1531166529681,12577016,0.01214800,0.31000000,0
1531166532975,1531166532970,12577017,0.01214500,3.59000000,0
1531166532985,1531166532981,12577018,0.01214300,2.04000000,1
1531166542706,1531166542700,12577019,0.01214200,0.29000000,1
1531166542818,1531166542814,12577020,0.01214700,11.18000000,0
1531166555155,1531166555150,12577021,0.01214300,5.33000000,1
1531166568343,1531166568336,12577022,0.01214400,0.62000000,1
1531166568575,1531166568570,12577023,0.01214600,6.11000000,0
1531166568589,1531166568584,12577024,0.01214400,2.27000000,1
1531166568670,1531166568664,12577025,0.01214200,0.62000000,1
1531166568964,1531166568960,12577026,0.01214200,0.62000000,1
1531166569160,1531166569153,12577027,0.01214200,0.60000000,1
1531166569265,1531166569259,12577028,0.01214200,0.62000000,1
1531166571673,1531166571672,12577029,0.01214200,0.62000000,1
1531166576359,1531166576353,12577030,0.01214200,0.31000000,1
1531166577595,1531166577587,12577031,0.01214400,0.62000000,0
1531166577595,1531166577587,12577032,0.01214800,0.20000000,0
1531166586446,1531166586441,12577033,0.01214600,33.45000000,0
1531166586463,1531166586458,12577034,0.01214400,0.68000000,1
1531166586483,1531166586477,12577035,0.01214300,18.42000000,1
1531166599853,1531166599846,12577036,0.01214800,0.06000000,0
1531166610330,1531166610327,12577037,0.01214400,24.78000000,0
1531166610335,1531166610330,12577038,0.01214600,19.67000000,0
1531166610352,1531166610345,12577039,0.01214700,13.58000000,0
1531166615294,1531166615287,12577040,0.01214800,2.00000000,0
1531166626443,1531166626439,12577041,0.01214500,20.29000000,0
1531166626457,1531166626451,12577042,0.01214300,18.03000000,1
1531166629797,1531166629791,12577043,0.01214700,3.00000000,1
1531166631585,1531166631579,12577044,0.01214700,0.08000000,1
1531166631585,1531166631579,12577045,0.01214200,1.50000000,1
1531166634662,1531166634635,12577046,0.01214200,1.50000000,1
1531166644245,1531166644239,12577047,0.01214400,13.45000000,0
1531166644265,1531166644260,12577048,0.01214700,6.04000000,0
1531166658835,1531166658829,12577049,0.01214600,5.41000000,0
1531166671711,1531166671706,12577050,0.01214400,0.38000000,0
1531166671780,1531166671778,12577051,0.01214600,0.46000000,0
1531166678845,1531166678838,12577052,0.01214200,2.38000000,1
1531166678872,1531166678871,12577053,0.01214200,0.59000000,1
1531166689482,1531166689476,12577054,0.01214400,10.60000000,0
1531166694196,1531166694195,12577055,0.01214700,0.96000000,0
1531166694211,1531166694209,12577056,0.01214700,0.59000000,0
1531166695535,1531166695529,12577057,0.01214700,0.09000000,0
1531166700807,1531166700804,12577058,0.01214400,0.78000000,1
1531166713189,1531166713184,12577059,0.01214500,9.75000000,1
1531166713204,1531166713198,12577060,0.01214500,13.09000000,1
1531166721770,1531166721763,12577061,0.01214700,0.36000000,0
1531166721770,1531166721763,12577062,0.01214800,41.06000000,0
1531166724501,1531166724497,12577063,0.01214800,26.60000000,0
1531166724501,1531166724497,12577064,0.01215000,35.53000000,0
1531166730032,1531166730028,12577065,0.01214700,46.56000000,0
1531166733134,1531166733129,12577066,0.01214700,15.53000000,0
1531166750356,1531166750349,12577067,0.01214700,0.09000000,0
1531166758645,1531166758638,12577068,0.01214500,14.91000000,0
1531166758657,1531166758653,12577069,0.01214600,13.60000000,0
1531166760756,1531166760751,12577070,0.01214400,3.68000000,1
1531166761110,1531166761104,12577071,0.01214600,0.10000000,1
1531166762588,1531166762585,12577072,0.01214600,0.09000000,1
1531166764811,1531166764805,12577073,0.01214600,15.65000000,1
1531166773154,1531166773151,12577074,0.01214600,0.18000000,0
1531166773154,1531166773151,12577075,0.01214700,0.22000000,0
1531166782511,1531166782505,12577076,0.01214600,2.72000000,1
1531166782527,1531166782524,12577077,0.01214600,10.53000000,0
1531166782538,1531166782534,12577078,0.01214600,2.72000000,1
1531166788866,1531166788859,12577079,0.01214400,16.06000000,1
1531166788887,1531166788882,12577080,0.01214400,20.38000000,0
1531166788898,1531166788897,12577081,0.01214500,7.41000000,0
1531166788920,1531166788914,12577082,0.01214500,18.98000000,0
1531166809716,1531166809711,12577083,0.01214600,12.37000000,0
1531166809730,1531166809725,12577084,0.01214500,14.48000000,1
1531166819991,1531166819985,12577085,0.01214600,16.41000000,0
1531166820008,1531166820002,12577086,0.01214500,18.87000000,1
1531166826510,1531166826508,12577087,0.01214200,2.02000000,1
1531166841725,1531166841721,12577088,0.01214600,11.12000000,0
1531166841737,1531166841730,12577089,0.01214500,5.62000000,1
1531166843912,1531166843906,12577090,0.01214700,6.83000000,0
1531166843912,1531166843906,12577091,0.01215000,7.75000000,0
1531166844895,1531166844892,12577092,0.01215000,0.03000000,0
1531166849485,1531166849478,12577093,0.01215000,0.60000000,0
1531166858133,1531166858128,12577094,0.01214500,14.83000000,1
1531166878197,1531166878192,12577095,0.01214500,6.33000000,1
1531166882602,1531166882596,12577096,0.01215000,1.18000000,0
1531166892674,1531166892668,12577097,0.01214600,14.39000000,0
1531166892681,1531166892675,12577098,0.01214300,6.70000000,1
1531166910463,1531166910459,12577099,0.01214500,26.17000000,0
1531166910474,1531166910470,12577100,0.01214800,13.83000000,0
1531166914290,1531166914285,12577101,0.01214400,1.72000000,1
1531166917208,1531166917201,12577102,0.01214400,1.63000000,1
1531166924929,1531166924927,12577103,0.01214400,0.60000000,0
1531166930111,1531166930106,12577104,0.01214200,1.92000000,1
1531166930204,1531166930199,12577105,0.01214200,0.23000000,1
1531166937712,1531166937707,12577106,0.01214300,14.64000000,1
1531166937726,1531166937722,12577107,0.01214300,9.79000000,0
1531166937736,1531166937731,12577108,0.01214300,14.64000000,1
1531166937757,1531166937754,12577109,0.01214400,1.12000000,0
1531166943913,1531166943907,12577110,0.01215000,0.20000000,0
1531166946619,1531166946614,12577111,0.01214900,7.63000000,0
1531166946619,1531166946614,12577112,0.01215000,0.24000000,0
1531166947183,1531166947176,12577113,0.01215000,5.50000000,0
1531166947347,1531166947340,12577114,0.01214800,7.38000000,0
1531166947359,1531166947354,12577115,0.01214600,7.25000000,1
1531166947367,1531166947362,12577116,0.01214500,2.58000000,1
1531166947380,1531166947374,12577117,0.01214400,2.23000000,1
1531166961263,1531166961258,12577118,0.01214300,13.10000000,0
1531166979189,1531166979183,12577119,0.01214400,0.82000000,0
1531166979710,1531166979704,12577120,0.01214300,8.00000000,1
1531166979737,1531166979730,12577121,0.01214300,11.16000000,1
1531166979756,1531166979751,12577122,0.01214300,7.12000000,1
1531166980119,1531166980113,12577123,0.01214400,0.82000000,0
1531166981588,1531166981587,12577124,0.01214400,0.98000000,0
1531166982806,1531166982799,12577125,0.01214400,0.82000000,0
1531166985865,1531166985858,12577126,0.01214300,2.94000000,0
1531166985885,1531166985879,12577127,0.01214300,2.47000000,0
1531166987069,1531166987066,12577128,0.01214300,0.59000000,0
1531166987069,1531166987066,12577129,0.01214400,0.23000000,0
1531166992091,1531166992084,12577130,0.01214400,1.04000000,0
1531166995095,1531166995089,12577131,0.01215100,0.82000000,0
1531166997659,1531166997659,12577132,0.01214700,11.39000000,0
1531166997673,1531166997668,12577133,0.01215100,6.93000000,0
1531167001679,1531167001674,12577134,0.01215200,0.98000000,0
1531167011232,1531167011226,12577135,0.01215100,0.82000000,1
1531167012361,1531167012354,12577136,0.01215100,4.90000000,0
1531167013470,1531167013464,12577137,0.01215100,2.03000000,0
1531167014446,1531167014442,12577138,0.01215200,0.01000000,0
1531167014446,1531167014442,12577139,0.01215400,3.35000000,0
1531167015992,1531167015988,12577140,0.01216000,0.60000000,0
1531167022229,1531167022224,12577141,0.01215600,10.24000000,0
1531167022243,1531167022237,12577142,0.01215200,10.02000000,1
1531167028382,1531167028376,12577143,0.01215400,10.16000000,1
1531167040939,1531167040933,12577144,0.01215200,16.73000000,1
1531167040961,1531167040956,12577145,0.01215200,3.68000000,1
1531167049998,1531167049992,12577146,0.01215600,4.56000000,0
1531167050012,1531167050011,12577147,0.01215300,10.33000000,1
1531167050079,1531167050073,12577148,0.01215300,2.56000000,1
1531167073641,1531167073636,12577149,0.01215400,8.85000000,1
1531167073663,1531167073656,12577150,0.01215400,4.70000000,1
1531167087875,1531167087873,12577151,0.01215500,0.53000000,1
1531167101900,1531167101894,12577152,0.01215500,3.48000000,0
1531167144686,1531167144684,12577153,0.01215100,0.98000000,1
1531167144686,1531167144684,12577154,0.01214900,0.45000000,1
1531167145156,1531167145150,12577155,0.01216000,0.01000000,0
1531167158369,1531167158364,12577156,0.01216000,29.50000000,0
1531167159755,1531167159749,12577157,0.01215000,4.11000000,1
1531167161092,1531167161088,12577158,0.01214800,1.20000000,1
1531167167618,1531167167617,12577159,0.01216000,0.01000000,0
1531167168205,1531167168200,12577160,0.01215400,16.70000000,0
1531167168212,1531167168209,12577161,0.01214900,8.50000000,1
1531167186584,1531167186579,12577162,0.01215100,17.71000000,1
1531167186605,1531167186598,12577163,0.01215000,5.08000000,1
1531167192798,1531167192792,12577164,0.01215100,0.19000000,0
1531167201207,1531167201204,12577165,0.01215000,7.08000000,1
1531167201229,1531167201223,12577166,0.01215000,8.53000000,0
1531167201243,1531167201240,12577167,0.01215000,7.08000000,1
1531167201267,1531167201260,12577168,0.01214900,2.37000000,1
1531167201666,1531167201660,12577169,0.01215100,7.41000000,0
1531167209880,1531167209874,12577170,0.01214800,1.16000000,0
1531167217324,1531167217317,12577171,0.01215100,1.47000000,0
1531167218301,1531167218297,12577172,0.01215100,2.05000000,0
1531167219211,1531167219205,12577173,0.01214900,8.00000000,1
1531167222028,1531167222022,12577174,0.01215000,5.00000000,1
1531167224265,1531167224258,12577175,0.01215100,0.28000000,0
1531167226686,1531167226680,12577176,0.01215100,0.27000000,0
1531167229273,1531167229266,12577177,0.01215100,0.50000000,0
1531167230865,1531167230859,12577178,0.01215000,28.74000000,0
1531167230880,1531167230874,12577179,0.01214900,14.31000000,1
1531167237002,1531167236996,12577180,0.01214900,0.09000000,1
1531167238376,1531167238369,12577181,0.01214900,7.11000000,1
1531167240486,1531167240481,12577182,0.01214900,0.09000000,0
1531167240486,1531167240481,12577183,0.01215100,0.11000000,0
1531167240914,1531167240913,12577184,0.01215100,0.98000000,0
1531167240937,1531167240936,12577185,0.01215100,0.98000000,0
1531167248155,1531167248150,12577186,0.01215100,0.14000000,0
1531167248205,1531167248199,12577187,0.01215100,0.98000000,0
1531167249176,1531167249169,12577188,0.01215100,1.40000000,0
1531167250409,1531167250404,12577189,0.01215000,3.61000000,1
1531167250439,1531167250434,12577190,0.01215000,11.73000000,1
1531167250449,1531167250444,12577191,0.01215000,1.77000000,1
1531167254018,1531167254013,12577192,0.01215100,0.07000000,0
1531167254018,1531167254013,12577193,0.01216000,3.93000000,0
1531167257143,1531167257138,12577194,0.01215100,0.33000000,0
1531167261325,1531167261318,12577195,0.01215500,3.62000000,0
1531167261333,1531167261328,12577196,0.01215100,2.50000000,1
1531167261354,1531167261351,12577197,0.01215000,6.54000000,1
1531167278003,1531167277998,12577198,0.01215300,9.31000000,1
1531167278021,1531167278014,12577199,0.01215200,16.35000000,1
1531167289724,1531167289717,12577200,0.01215500,37.97000000,0
1531167289743,1531167289738,12577201,0.01215200,19.17000000,1
1531167303974,1531167303970,12577202,0.01215900,1.50000000,0
1531167319567,1531167319565,12577203,0.01215900,0.09000000,0
1531167323988,1531167323985,12577204,0.01215600,4.29000000,0
1531167324010,1531167324006,12577205,0.01215200,15.48000000,1
1531167324035,1531167324029,12577206,0.01215100,2.27000000,1
1531167337326,1531167337320,12577207,0.01215300,0.76000000,1
1531167339447,1531167339441,12577208,0.01215300,3.52000000,1
1531167349954,1531167349947,12577209,0.01215900,0.60000000,0
1531167352404,1531167352398,12577210,0.01215600,39.98000000,0
1531167352416,1531167352411,12577211,0.01215200,18.76000000,1
1531167380948,1531167380944,12577212,0.01215200,1.49000000,0
1531167386207,1531167386203,12577213,0.01216000,0.09000000,0
1531167387134,1531167387128,12577214,0.01215100,0.31000000,1
1531167391699,1531167391694,12577215,0.01215300,1.37000000,1
1531167400748,1531167400741,12577216,0.01215500,1.39000000,1
1531167431800,1531167431795,12577217,0.01216000,12.90000000,0
1531167432223,1531167432218,12577218,0.01215700,28.72000000,0
1531167432233,1531167432230,12577219,0.01215400,17.57000000,1
1531167432257,1531167432252,12577220,0.01215300,14.59000000,1
1531167446829,1531167446824,12577221,0.01215400,0.60000000,1
1531167450139,1531167450133,12577222,0.01215400,6.31000000,1
1531167460790,1531167460786,12577223,0.01215200,4.58000000,1
1531167460816,1531167460810,12577224,0.01215400,0.60000000,0
1531167472669,1531167472664,12577225,0.01215700,13.27000000,1
1531167489892,1531167489885,12577226,0.01215700,7.00000000,1
1531167492503,1531167492496,12577227,0.01215700,3.77000000,1
1531167493829,1531167493825,12577228,0.01215700,3.66000000,1
1531167502038,1531167502032,12577229,0.01215700,0.90000000,0
1531167502045,1531167502039,12577230,0.01215500,18.42000000,1
1531167502070,1531167502064,12577231,0.01215500,17.46000000,1
1531167502094,1531167502089,12577232,0.01215700,9.86000000,0
1531167502296,1531167502290,12577233,0.01215500,0.82000000,0
1531167522779,1531167522773,12577234,0.01215500,2.95000000,0
1531167525867,1531167525861,12577235,0.01215500,2.95000000,0
1531167543363,1531167543357,12577236,0.01215400,1.68000000,1
1531167543363,1531167543357,12577237,0.01215100,0.40000000,1
1531167543363,1531167543357,12577238,0.01214800,0.28000000,1
1531167551306,1531167551302,12577239,0.01214800,2.61000000,1
1531167551306,1531167551302,12577240,0.01214700,0.65000000,1
1531167561242,1531167561235,12577241,0.01215200,10.01000000,0
1531167561249,1531167561244,12577242,0.01214900,9.16000000,1
1531167561271,1531167561266,12577243,0.01214800,4.49000000,1
1531167565715,1531167565709,12577244,0.01214700,7.42000000,1
1531167565715,1531167565709,12577245,0.01214600,6.30000000,1
1531167570700,1531167570694,12577246,0.01214500,7.33000000,1
1531167570716,1531167570709,12577247,0.01214500,5.37000000,1
1531167571477,1531167571470,12577248,0.01215000,0.85000000,0
1531167573607,1531167573602,12577249,0.01214200,0.10000000,1
1531167579087,1531167579080,12577250,0.01214800,4.38000000,0
1531167579104,1531167579099,12577251,0.01214300,8.00000000,1
1531167579127,1531167579122,12577252,0.01214300,4.87000000,1
1531167589256,1531167589255,12577253,0.01215300,3.43000000,0
1531167595481,1531167595476,12577254,0.01214500,17.19000000,1
1531167598882,1531167598881,12577255,0.01214300,0.98000000,0
1531167599693,1531167599686,12577256,0.01214300,0.88000000,0
1531167601931,1531167601929,12577257,0.01214300,0.21000000,0
1531167602630,1531167602627,12577258,0.01214300,0.50000000,0
1531167604280,1531167604276,12577259,0.01214300,0.50000000,0
1531167605066,1531167605063,12577260,0.01214300,0.98000000,0
