event_time,trade_time,trade_id,price,quantity,maker
1531160313156,1531160313152,1331467,0.00000675,6961.00000000,1
1531160373993,1531160373990,1331468,0.00000675,136.00000000,0
1531160374331,1531160374328,1331469,0.00000677,363.00000000,0
1531160470216,1531160470215,1331470,0.00000677,323.00000000,0
1531160495591,1531160495588,1331471,0.00000676,1904.00000000,1
1531160502988,1531160502984,1331472,0.00000677,8215.00000000,0
1531160513711,1531160513707,1331473,0.00000678,967.00000000,0
1531160574447,1531160574443,1331474,0.00000678,1095.00000000,0
1531160671135,1531160671135,1331475,0.00000678,1702.00000000,1
1531160753215,1531160753211,1331476,0.00000678,2022.00000000,1
1531160883435,1531160883432,1331477,0.00000679,882.00000000,0
1531160908271,1531160908267,1331478,0.00000680,6915.00000000,0
1531160912528,1531160912525,1331479,0.00000681,618.00000000,0
1531160912621,1531160912618,1331480,0.00000681,1153.00000000,1
1531160946824,1531160946822,1331481,0.00000682,148.00000000,0
1531160958366,1531160958362,1331482,0.00000681,1327.00000000,1
1531160963185,1531160963181,1331483,0.00000680,160.00000000,1
1531161013224,1531161013224,1331484,0.00000681,161.00000000,1
1531161040232,1531161040228,1331485,0.00000681,162.00000000,1
1531161121149,1531161121146,1331486,0.00000681,3267.00000000,1
1531161204477,1531161204473,1331487,0.00000680,1831.00000000,1
1531161207167,1531161207163,1331488,0.00000681,160.00000000,1
1531161220560,1531161220556,1331489,0.00000681,455.00000000,1
1531161299618,1531161299612,1331490,0.00000682,2493.00000000,0
1531161419349,1531161419344,1331491,0.00000682,814.00000000,0
1531161419349,1531161419344,1331492,0.00000683,449.00000000,0
1531161505907,1531161505903,1331493,0.00000680,112.00000000,1
1531161531385,1531161531382,1331494,0.00000680,160.00000000,1
1531161669364,1531161669360,1331495,0.00000680,1000.00000000,1
1531162405307,1531162405301,1331496,0.00000683,3448.00000000,0
1531162405307,1531162405301,1331497,0.00000684,3383.00000000,0
1531162449992,1531162449988,1331498,0.00000683,148.00000000,0
1531162455163,1531162455159,1331499,0.00000683,320.00000000,0
1531162499203,1531162499198,1331500,0.00000683,284.00000000,0
1531162499203,1531162499198,1331501,0.00000684,3149.00000000,0
1531162801397,1531162801392,1331502,0.00000681,2329.00000000,1
1531162803345,1531162803339,1331503,0.00000680,20168.00000000,1
1531162805150,1531162805144,1331504,0.00000684,992.00000000,0
1531162805396,1531162805386,1331505,0.00000684,992.00000000,0
1531162854061,1531162854055,1331506,0.00000681,161.00000000,1
1531163107937,1531163107932,1331507,0.00000681,250.00000000,1
1531163109573,1531163109567,1331508,0.00000684,160.00000000,0
1531163438197,1531163438191,1331509,0.00000684,4430.00000000,0
1531163438683,1531163438677,1331510,0.00000684,10.00000000,0
1531163438683,1531163438677,1331511,0.00000685,1449.00000000,0
1531163438699,1531163438694,1331512,0.00000685,2346.00000000,0
1531163489300,1531163489295,1331513,0.00000686,148.00000000,0
1531163544327,1531163544321,1331514,0.00000686,2102.00000000,0
1531163557295,1531163557288,1331515,0.00000686,2417.00000000,0
1531163557295,1531163557288,1331516,0.00000687,1127.00000000,0
1531163557295,1531163557288,1331517,0.00000688,3260.00000000,0
1531163557295,1531163557288,1331518,0.00000689,7693.00000000,0
1531163557295,1531163557288,1331519,0.00000690,194.00000000,0
1531163557295,1531163557288,1331520,0.00000692,2667.00000000,0
1531163557295,1531163557288,1331521,0.00000693,4999.00000000,0
1531163557317,1531163557311,1331522,0.00000693,14830.00000000,1
1531163557322,1531163557317,1331523,0.00000693,39629.00000000,1
1531163557581,1531163557577,1331524,0.00000693,9460.00000000,1
1531163558735,1531163558730,1331525,0.00000693,1858.00000000,1
1531163560338,1531163560333,1331526,0.00000693,8906.00000000,1
1531163562673,1531163562667,1331527,0.00000694,982.00000000,0
1531163562698,1531163562693,1331528,0.00000694,238.00000000,1
1531163564495,1531163564490,1331529,0.00000694,224.00000000,1
1531163567825,1531163567818,1331530,0.00000694,344.00000000,1
1531163571852,1531163571847,1331531,0.00000693,1355.00000000,1
1531163587120,1531163587113,1331532,0.00000693,500.00000000,1
1531163595049,1531163595044,1331533,0.00000693,1490.00000000,1
1531163610439,1531163610435,1331534,0.00000694,146.00000000,0
1531163610640,1531163610635,1331535,0.00000694,146.00000000,0
1531163611179,1531163611173,1331536,0.00000694,146.00000000,0
1531163619854,1531163619845,1331537,0.00000693,8215.00000000,1
1531163657132,1531163657129,1331538,0.00000693,5590.00000000,1
1531163705227,1531163705221,1331539,0.00000693,809.00000000,1
1531163767061,1531163767055,1331540,0.00000693,290.00000000,1
1531163779942,1531163779937,1331541,0.00000693,570.00000000,1
1531163833059,1531163833057,1331542,0.00000693,294.00000000,1
1531163852630,1531163852623,1331543,0.00000694,1443.00000000,0
1531163857129,1531163857125,1331544,0.00000693,3615.00000000,1
1531163872235,1531163872230,1331545,0.00000693,5108.00000000,1
1531163894099,1531163894093,1331546,0.00000693,4491.00000000,1
1531163952133,1531163952127,1331547,0.00000693,905.00000000,1
1531164129076,1531164129069,1331548,0.00000689,1481.00000000,1
1531164201403,1531164201398,1331549,0.00000689,11.00000000,1
1531164281621,1531164281615,1331550,0.00000694,303.00000000,0
1531164617759,1531164617755,1331551,0.00000693,1440.00000000,0
1531164675458,1531164675452,1331552,0.00000690,356.00000000,1
1531164682728,1531164682725,1331553,0.00000690,1076.00000000,0
1531164682775,1531164682771,1331554,0.00000690,4348.00000000,0
1531164686002,1531164685997,1331555,0.00000690,1450.00000000,0
1531164736447,1531164736441,1331556,0.00000689,4349.00000000,1
1531165251101,1531165251096,1331557,0.00000689,158.00000000,1
1531165383297,1531165383293,1331558,0.00000692,1451.00000000,0
1531165530428,1531165530422,1331559,0.00000692,1000.00000000,0
1531165735237,1531165735231,1331560,0.00000689,4149.00000000,1
1531166148168,1531166148162,1331561,0.00000692,150.00000000,0
1531166148168,1531166148162,1331562,0.00000693,1301.00000000,0
1531166669245,1531166669238,1331563,0.00000692,1445.00000000,0
1531166705763,1531166705757,1331564,0.00000692,14585.00000000,0
1531166735624,1531166735618,1331565,0.00000692,1413.00000000,0
1531167028531,1531167028525,1331566,0.00000692,684.00000000,0
1531167445200,1531167445194,1331567,0.00000691,2375.00000000,0
1531167516924,1531167516917,1331568,0.00000692,1269.00000000,0
1531167689634,1531167689630,1331569,0.00000691,1250.00000000,1
1531167713783,1531167713777,1331570,0.00000691,10.00000000,0
1531167713783,1531167713777,1331571,0.00000692,134.00000000,0
1531167720208,1531167720202,1331572,0.00000692,144.00000000,0
1531168112226,1531168112220,1331573,0.00000692,1024.00000000,0
1531168178487,1531168178481,1331574,0.00000689,152.00000000,1
1531168232791,1531168232786,1331575,0.00000692,1445.00000000,0
1531168317758,1531168317752,1331576,0.00000689,576.00000000,1
1531168390776,1531168390754,1331577,0.00000689,433.00000000,1
1531168411853,1531168411848,1331578,0.00000689,2340.00000000,1
1531168521705,1531168521699,1331579,0.00000689,7578.00000000,1
1531168521705,1531168521699,1331580,0.00000688,292.00000000,1
1531168521705,1531168521699,1331581,0.00000686,9477.00000000,1
1531168521720,1531168521714,1331582,0.00000686,5141.00000000,0
1531168521750,1531168521744,1331583,0.00000692,2903.00000000,0
1531168521750,1531168521744,1331584,0.00000693,2238.00000000,0
1531168522078,1531168522072,1331585,0.00000693,5141.00000000,0
1531168522202,1531168522200,1331586,0.00000688,2229.00000000,1
1531168522905,1531168522899,1331587,0.00000688,1832.00000000,1
1531168523211,1531168523209,1331588,0.00000688,1293.00000000,1
1531168591167,1531168591161,1331589,0.00000686,4152.00000000,1
1531168592078,1531168592070,1331590,0.00000686,2499.00000000,0
1531169090794,1531169090789,1331591,0.00000686,2001.00000000,1
1531169256164,1531169256158,1331592,0.00000687,5238.00000000,1
1531169256164,1531169256158,1331593,0.00000686,1413.00000000,1
1531169277328,1531169277322,1331594,0.00000686,1000.00000000,1
1531169677579,1531169677574,1331595,0.00000686,375.00000000,1
1531169825200,1531169825195,1331596,0.00000686,159.00000000,1
1531169908147,1531169908142,1331597,0.00000686,159.00000000,1
1531170032925,1531170032920,1331598,0.00000686,3625.00000000,1
1531170125847,1531170125841,1331599,0.00000690,223.00000000,0
1531170517777,1531170517771,1331600,0.00000688,150.00000000,0
1531170542818,1531170542813,1331601,0.00000686,1123.00000000,1
1531170542829,1531170542824,1331602,0.00000686,1.00000000,1
1531170542829,1531170542824,1331603,0.00000685,1075.00000000,1
1531170542831,1531170542826,1331604,0.00000685,1124.00000000,1
1531170542844,1531170542839,1331605,0.00000685,801.00000000,1
1531170543910,1531170543906,1331606,0.00000685,159.00000000,0
1531170571717,1531170571710,1331607,0.00000685,164.00000000,0
1531170601009,1531170601004,1331608,0.00000685,159.00000000,1
1531170606057,1531170606052,1331609,0.00000685,177.00000000,1
1531170736071,1531170736067,1331610,0.00000685,159.00000000,1
1531170842823,1531170842817,1331611,0.00000685,247.00000000,1
1531170842862,1531170842857,1331612,0.00000685,159.00000000,0
1531170851842,1531170851837,1331613,0.00000685,1076.00000000,0
1531170851895,1531170851887,1331614,0.00000685,4380.00000000,0
1531170937964,1531170937957,1331615,0.00000685,159.00000000,0
1531170938959,1531170938952,1331616,0.00000685,159.00000000,0
1531171155114,1531171155110,1331617,0.00000685,325.00000000,0
1531171155146,1531171155142,1331618,0.00000684,160.00000000,1
1531171469180,1531171469175,1331619,0.00000685,1507.00000000,0
1531171476055,1531171476052,1331620,0.00000685,159.00000000,0
1531171478446,1531171478442,1331621,0.00000685,5460.00000000,0
1531171478658,1531171478654,1331622,0.00000685,1242.00000000,0
1531171730175,1531171730171,1331623,0.00000686,489.00000000,1
1531172009915,1531172009911,1331624,0.00000687,5764.00000000,1
1531172059651,1531172059646,1331625,0.00000687,1741.00000000,0
1531172062593,1531172062589,1331626,0.00000687,1000.00000000,0
1531172504581,1531172504577,1331627,0.00000686,319.00000000,0
1531172514838,1531172514834,1331628,0.00000686,159.00000000,0
1531172515838,1531172515835,1331629,0.00000686,159.00000000,0
1531172623165,1531172623161,1331630,0.00000686,159.00000000,0
1531172736163,1531172736158,1331631,0.00000684,781.00000000,1
1531172741084,1531172741081,1331632,0.00000684,159.00000000,0
1531172840415,1531172840411,1331633,0.00000683,725.00000000,1
1531172840416,1531172840414,1331634,0.00000683,725.00000000,1
1531172844334,1531172844331,1331635,0.00000684,319.00000000,0
1531172911736,1531172911732,1331636,0.00000684,1249.00000000,0
1531172917317,1531172917315,1331637,0.00000686,406.00000000,0
1531172917317,1531172917315,1331638,0.00000687,1055.00000000,0
1531172919077,1531172919073,1331639,0.00000685,159.00000000,1
1531173197440,1531173197436,1331640,0.00000684,3963.00000000,1
1531173197440,1531173197436,1331641,0.00000682,17117.00000000,1
1531173197440,1531173197436,1331642,0.00000681,19377.00000000,1
1531173197441,1531173197436,1331643,0.00000681,2340.00000000,1
1531173197441,1531173197436,1331644,0.00000680,4316.00000000,1
1531173197454,1531173197449,1331645,0.00000680,5606.00000000,0
1531173197478,1531173197475,1331646,0.00000680,1470.00000000,0
1531173197490,1531173197488,1331647,0.00000680,5606.00000000,0
1531173197498,1531173197495,1331648,0.00000680,5606.00000000,0
1531173197505,1531173197503,1331649,0.00000680,12023.00000000,0
1531173197550,1531173197545,1331650,0.00000680,4412.00000000,0
1531173197673,1531173197670,1331651,0.00000680,5612.00000000,0
1531173201488,1531173201485,1331652,0.00000680,13940.00000000,0
1531173202960,1531173202956,1331653,0.00000680,147.00000000,0
1531173211199,1531173211193,1331654,0.00000680,10884.00000000,0
1531173226014,1531173226012,1331655,0.00000680,149.00000000,1
1531173246623,1531173246620,1331656,0.00000680,756.00000000,1
1531173246657,1531173246654,1331657,0.00000680,159.00000000,0
1531173301254,1531173301251,1331658,0.00000679,1190.00000000,1
1531173338020,1531173338017,1331659,0.00000681,320.00000000,0
1531173363736,1531173363733,1331660,0.00000680,824.00000000,1
1531173406060,1531173406056,1331661,0.00000679,639.00000000,1
1531173406060,1531173406056,1331662,0.00000678,101.00000000,1
1531173466705,1531173466700,1331663,0.00000678,5446.00000000,1
1531173468000,1531173467997,1331664,0.00000678,3910.00000000,1
1531173511454,1531173511452,1331665,0.00000678,322.00000000,0
1531173528490,1531173528487,1331666,0.00000677,150.00000000,1
1531173528783,1531173528779,1331667,0.00000677,394.00000000,1
1531173532196,1531173532194,1331668,0.00000677,162.00000000,1
1531173544266,1531173544264,1331669,0.00000677,163.00000000,1
1531173816939,1531173816935,1331670,0.00000678,1912.00000000,0
1531173856360,1531173856358,1331671,0.00000677,320.00000000,1
1531173956737,1531173956735,1331672,0.00000678,2316.00000000,0
1531173987038,1531173987035,1331673,0.00000677,5626.00000000,1
1531173989761,1531173989759,1331674,0.00000678,3668.00000000,0
1531174082483,1531174082482,1331675,0.00000678,606.00000000,1
1531174115186,1531174115184,1331676,0.00000678,162.00000000,1
1531174134056,1531174134053,1331677,0.00000678,162.00000000,1
1531174150499,1531174150497,1331678,0.00000678,593.00000000,1
1531174157891,1531174157887,1331679,0.00000678,162.00000000,1
1531174223535,1531174223531,1331680,0.00000678,1236.00000000,1
1531174230319,1531174230316,1331681,0.00000680,702.00000000,0
1531174231564,1531174231561,1331682,0.00000680,761.00000000,0
1531174231564,1531174231561,1331683,0.00000682,418.00000000,0
1531174253069,1531174253067,1331684,0.00000679,294.00000000,1
1531174299339,1531174299333,1331685,0.00000682,7067.00000000,0
1531174299339,1531174299333,1331686,0.00000683,1172.00000000,0
1531174299339,1531174299333,1331687,0.00000684,779.00000000,0
1531174299339,1531174299333,1331688,0.00000685,2043.00000000,0
1531174299339,1531174299333,1331689,0.00000687,2853.00000000,0
1531174299339,1531174299333,1331690,0.00000688,16000.00000000,0
1531174299339,1531174299333,1331691,0.00000689,16059.00000000,0
1531174299339,1531174299333,1331692,0.00000691,339.00000000,0
1531174299339,1531174299333,1331693,0.00000692,801.00000000,0
1531174299339,1531174299333,1331694,0.00000693,2830.00000000,0
1531174299339,1531174299333,1331695,0.00000694,1554.00000000,0
1531174299339,1531174299333,1331696,0.00000695,4245.00000000,0
1531174299339,1531174299333,1331697,0.00000696,2631.00000000,0
1531174299485,1531174299482,1331698,0.00000687,726.00000000,1
1531174299504,1531174299502,1331699,0.00000684,1076.00000000,1
1531174299532,1531174299530,1331700,0.00000684,593.00000000,1
1531174299577,1531174299575,1331701,0.00000684,903.00000000,1
1531174299655,1531174299653,1331702,0.00000684,593.00000000,1
1531174300365,1531174300363,1331703,0.00000682,861.00000000,1
1531174305196,1531174305193,1331704,0.00000681,185.00000000,1
1531174308456,1531174308454,1331705,0.00000682,862.00000000,0
1531174319259,1531174319257,1331706,0.00000684,216.00000000,0
1531174327018,1531174327016,1331707,0.00000685,617.00000000,0
1531174327956,1531174327953,1331708,0.00000685,157.00000000,1
1531174329076,1531174329073,1331709,0.00000686,185.00000000,0
1531174330104,1531174330103,1331710,0.00000687,1071.00000000,1
1531174337454,1531174337452,1331711,0.00000686,147.00000000,0
1531174337928,1531174337926,1331712,0.00000686,147.00000000,0
1531174367296,1531174367293,1331713,0.00000685,162.00000000,1
1531174379654,1531174379652,1331714,0.00000685,294.00000000,1
1531174398481,1531174398479,1331715,0.00000685,777.00000000,1
1531174486369,1531174486365,1331716,0.00000685,1076.00000000,0
1531174533110,1531174533108,1331717,0.00000684,160.00000000,1
1531174546580,1531174546576,1331718,0.00000685,1909.00000000,0
1531174546604,1531174546602,1331719,0.00000685,3034.00000000,0
1531174657216,1531174657214,1331720,0.00000685,160.00000000,1
1531174666777,1531174666773,1331721,0.00000685,1.00000000,1
1531174675063,1531174675060,1331722,0.00000685,161.00000000,1
1531174759899,1531174759896,1331723,0.00000685,702.00000000,1
1531175208823,1531175208821,1331724,0.00000685,322.00000000,1
1531175208823,1531175208821,1331725,0.00000684,553.00000000,1
1531175212179,1531175212178,1331726,0.00000684,18.00000000,1
1531175212391,1531175212390,1331727,0.00000684,160.00000000,0
1531175217781,1531175217780,1331728,0.00000683,683.00000000,1
1531175273154,1531175273134,1331729,0.00000683,800.00000000,1
1531175657955,1531175657953,1331730,0.00000683,411.00000000,1
1531176074149,1531176074147,1331731,0.00000683,160.00000000,1
1531176090189,1531176090186,1331732,0.00000683,161.00000000,1
1531176270743,1531176270741,1331733,0.00000683,548.00000000,1
1531176416127,1531176416125,1331734,0.00000683,1685.00000000,1
1531176478259,1531176478257,1331735,0.00000682,149.00000000,1
1531176668148,1531176668146,1331736,0.00000682,1683.00000000,1
1531176766737,1531176766734,1331737,0.00000682,249.00000000,1
1531176815916,1531176815914,1331738,0.00000683,1464.00000000,0
1531176860074,1531176860072,1331739,0.00000682,160.00000000,1
1531177254782,1531177254782,1331740,0.00000682,70.00000000,1
1531177254782,1531177254782,1331741,0.00000681,90.00000000,1
1531177255789,1531177255787,1331742,0.00000681,160.00000000,1
1531177324860,1531177324859,1331743,0.00000682,160.00000000,0
1531177920985,1531177920987,1331744,0.00000682,43.00000000,0
1531177962609,1531177962612,1331745,0.00000682,63.00000000,0
1531178186390,1531178186393,1331746,0.00000681,726.00000000,1
1531178347900,1531178347903,1331747,0.00000682,60.00000000,0
1531178376052,1531178376056,1331748,0.00000681,160.00000000,1
1531178844198,1531178844204,1331749,0.00000681,637.00000000,1
1531178848709,1531178848713,1331750,0.00000680,3560.00000000,1
1531178848709,1531178848713,1331751,0.00000679,535.00000000,1
1531178848709,1531178848713,1331752,0.00000678,2383.00000000,1
1531178905376,1531178905380,1331753,0.00000678,223.00000000,1
1531178906140,1531178906146,1331754,0.00000678,321.00000000,0
1531178906982,1531178906986,1331755,0.00000677,2189.00000000,1
1531178928156,1531178928161,1331756,0.00000677,2315.00000000,1
1531178937955,1531178937961,1331757,0.00000678,99.00000000,0
1531178945756,1531178945762,1331758,0.00000677,485.00000000,1
1531178965848,1531178965853,1331759,0.00000675,150.00000000,1
1531178985980,1531178985983,1331760,0.00000675,164.00000000,1
1531178987290,1531178987295,1331761,0.00000675,1198.00000000,1
1531178987392,1531178987398,1331762,0.00000675,105.00000000,1
1531178989140,1531178989145,1331763,0.00000675,150.00000000,1
1531179007061,1531179007068,1331764,0.00000676,161.00000000,0
1531179007583,1531179007589,1331765,0.00000676,148.00000000,0
1531179039057,1531179039058,1331766,0.00000675,4603.00000000,1
1531179039057,1531179039058,1331767,0.00000674,4147.00000000,1
1531179039057,1531179039058,1331768,0.00000673,3241.00000000,1
1531179039057,1531179039058,1331769,0.00000672,12396.00000000,1
1531179039057,1531179039058,1331770,0.00000671,15573.00000000,1
1531179039057,1531179039058,1331771,0.00000671,2088.00000000,1
1531179042638,1531179042644,1331772,0.00000673,10.00000000,1
1531179047881,1531179047888,1331773,0.00000673,1053.00000000,1
1531179049861,1531179049867,1331774,0.00000675,418.00000000,0
1531179050871,1531179050877,1331775,0.00000675,257.00000000,0
1531179053505,1531179053509,1331776,0.00000674,301.00000000,0
1531179087602,1531179087607,1331777,0.00000671,150.00000000,1
1531179087629,1531179087635,1331778,0.00000671,279.00000000,0
1531179087629,1531179087635,1331779,0.00000671,278.00000000,0
1531179087662,1531179087668,1331780,0.00000671,278.00000000,0
1531179091069,1531179091074,1331781,0.00000671,220.00000000,0
1531179091393,1531179091398,1331782,0.00000676,149.00000000,0
1531179105823,1531179105828,1331783,0.00000676,161.00000000,0
1531179126056,1531179126062,1331784,0.00000676,162.00000000,0
1531179147727,1531179147733,1331785,0.00000673,151.00000000,1
1531179149451,1531179149455,1331786,0.00000673,441.00000000,1
1531179153258,1531179153264,1331787,0.00000673,998.00000000,0
1531179153258,1531179153264,1331788,0.00000676,432.00000000,0
1531179244015,1531179243999,1331789,0.00000675,160.00000000,0
1531179247254,1531179247258,1331790,0.00000675,433.00000000,0
1531179247254,1531179247258,1331791,0.00000676,2948.00000000,0
1531179250197,1531179250202,1331792,0.00000676,826.00000000,0
1531179262584,1531179262588,1331793,0.00000676,161.00000000,0
1531179341794,1531179341798,1331794,0.00000676,1100.00000000,0
1531179382485,1531179382492,1331795,0.00000676,161.00000000,0
1531179474214,1531179474220,1331796,0.00000676,1461.00000000,0
1531179847746,1531179847753,1331797,0.00000675,73.00000000,1
1531179881204,1531179881211,1331798,0.00000675,162.00000000,1
1531180008992,1531180009000,1331799,0.00000678,78.00000000,0
1531180117853,1531180117859,1331800,0.00000675,1517.00000000,1
1531180145862,1531180145868,1331801,0.00000678,1209.00000000,0
1531180145862,1531180145868,1331802,0.00000680,265.00000000,0
1531180176855,1531180176863,1331803,0.00000680,9.00000000,0
1531180212879,1531180212885,1331804,0.00000680,30.00000000,0
1531180253806,1531180253813,1331805,0.00000680,45.00000000,0
1531180254665,1531180254672,1331806,0.00000680,91.00000000,0
1531180399431,1531180399437,1331807,0.00000675,1.00000000,1
1531180429152,1531180429159,1331808,0.00000680,15.00000000,0
1531181017794,1531181017800,1331809,0.00000675,13115.00000000,1
1531181092051,1531181092053,1331810,0.00000675,17977.00000000,1
1531181092051,1531181092053,1331811,0.00000673,2272.00000000,1
1531181092051,1531181092053,1331812,0.00000672,1096.00000000,1
1531181093092,1531181093096,1331813,0.00000675,161.00000000,0
1531181093440,1531181093445,1331814,0.00000675,342.00000000,0
1531181094087,1531181094091,1331815,0.00000676,162.00000000,0
1531181095450,1531181095456,1331816,0.00000676,158.00000000,0
1531181147982,1531181147988,1331817,0.00000671,151.00000000,1
1531181178144,1531181178148,1331818,0.00000671,703.00000000,1
1531181178961,1531181178964,1331819,0.00000671,19.00000000,1
1531181179900,1531181179904,1331820,0.00000671,101.00000000,0
1531181183089,1531181183093,1331821,0.00000670,296.00000000,1
1531181183090,1531181183093,1331822,0.00000670,4747.00000000,1
1531181231049,1531181231053,1331823,0.00000670,598.00000000,1
1531181272382,1531181272386,1331824,0.00000671,868.00000000,1
1531181272382,1531181272386,1331825,0.00000670,401.00000000,1
1531181281945,1531181281949,1331826,0.00000670,15720.00000000,1
1531181282288,1531181282292,1331827,0.00000670,52318.00000000,0
1531181288403,1531181288408,1331828,0.00000670,125.00000000,0
1531181298955,1531181298960,1331829,0.00000670,3557.00000000,0
1531181304592,1531181304595,1331830,0.00000670,500.00000000,0
1531181410401,1531181410405,1331831,0.00000670,5785.00000000,1
1531181443643,1531181443648,1331832,0.00000670,165.00000000,1
1531181457594,1531181457598,1331833,0.00000674,1.00000000,0
1531181460384,1531181460388,1331834,0.00000670,2039.00000000,1
1531181460384,1531181460388,1331835,0.00000667,899.00000000,1
1531181460384,1531181460388,1331836,0.00000666,3724.00000000,1
1531181463198,1531181463201,1331837,0.00000674,7.00000000,0
1531181464885,1531181464888,1331838,0.00000666,7.00000000,1
1531181474041,1531181474045,1331839,0.00000676,8.00000000,0
1531181478034,1531181478037,1331840,0.00000676,2.00000000,0
1531181479474,1531181479479,1331841,0.00000667,1422.00000000,1
1531181507269,1531181507274,1331842,0.00000666,1420.00000000,1
1531181508361,1531181508365,1331843,0.00000666,1453.00000000,1
1531181510847,1531181510851,1331844,0.00000666,152.00000000,1
1531181526216,1531181526217,1331845,0.00000672,596.00000000,0
1531181526216,1531181526217,1331846,0.00000673,1422.00000000,0
1531181526216,1531181526217,1331847,0.00000674,1692.00000000,0
1531181526216,1531181526217,1331848,0.00000677,900.00000000,0
1531181533874,1531181533878,1331849,0.00000669,1196.00000000,0
1531181533874,1531181533878,1331850,0.00000671,1300.00000000,0
1531181533874,1531181533878,1331851,0.00000677,8163.00000000,0
1531181533900,1531181533905,1331852,0.00000677,31815.00000000,1
1531181533910,1531181533914,1331853,0.00000677,1995.00000000,1
1531181533934,1531181533938,1331854,0.00000677,1076.00000000,1
1531181533938,1531181533943,1331855,0.00000677,31937.00000000,1
1531181533999,1531181534003,1331856,0.00000677,1413.00000000,1
1531181534724,1531181534726,1331857,0.00000677,2292.00000000,1
1531181534777,1531181534781,1331858,0.00000667,1325.00000000,1
1531181534879,1531181534882,1331859,0.00000667,1325.00000000,1
1531181535482,1531181535486,1331860,0.00000677,19.00000000,0
1531181536138,1531181536142,1331861,0.00000677,4650.00000000,1
1531181536150,1531181536153,1331862,0.00000677,1239.00000000,1
1531181537203,1531181537206,1331863,0.00000677,1832.00000000,0
1531181538761,1531181538766,1331864,0.00000677,1579.00000000,0
1531181545133,1531181545137,1331865,0.00000677,4650.00000000,1
1531181547981,1531181547985,1331866,0.00000678,818.00000000,1
1531181547981,1531181547985,1331867,0.00000677,4434.00000000,1
1531181548201,1531181548205,1331868,0.00000677,817.00000000,1
1531181557224,1531181557227,1331869,0.00000677,500.00000000,1
1531181571189,1531181571191,1331870,0.00000677,1538.00000000,1
1531181572154,1531181572158,1331871,0.00000677,1673.00000000,1
1531181573136,1531181573140,1331872,0.00000677,5252.00000000,1
1531181573292,1531181573295,1331873,0.00000677,1821.00000000,1
1531181577918,1531181577921,1331874,0.00000677,982.00000000,1
1531181586988,1531181586993,1331875,0.00000678,817.00000000,1
1531181593330,1531181593333,1331876,0.00000679,149.00000000,0
1531181612257,1531181612259,1331877,0.00000678,9.00000000,1
1531181612257,1531181612259,1331878,0.00000677,1976.00000000,1
1531181780691,1531181780694,1331879,0.00000679,5471.00000000,0
1531181791268,1531181791272,1331880,0.00000679,245.00000000,1
1531181903474,1531181903477,1331881,0.00000681,1855.00000000,0
1531181937078,1531181937082,1331882,0.00000681,101.00000000,0
1531181937078,1531181937082,1331883,0.00000682,48.00000000,0
1531181954950,1531181954950,1331884,0.00000682,360.00000000,0
1531181954950,1531181954950,1331885,0.00000683,4226.00000000,0
1531181954950,1531181954950,1331886,0.00000684,197.00000000,0
1531181954950,1531181954950,1331887,0.00000685,785.00000000,0
1531181954950,1531181954950,1331888,0.00000686,1383.00000000,0
1531181954950,1531181954950,1331889,0.00000687,11157.00000000,0
1531181954950,1531181954950,1331890,0.00000688,4000.00000000,0
1531181954950,1531181954950,1331891,0.00000689,146.00000000,0
1531181954950,1531181954950,1331892,0.00000690,297.00000000,0
1531181954951,1531181954950,1331893,0.00000691,1596.00000000,0
1531181954951,1531181954950,1331894,0.00000692,2650.00000000,0
1531181954951,1531181954950,1331895,0.00000693,672.00000000,0
1531181954951,1531181954950,1331896,0.00000694,4694.00000000,0
1531181954951,1531181954950,1331897,0.00000696,18743.00000000,0
1531181954951,1531181954950,1331898,0.00000696,14409.00000000,1
1531181954973,1531181954977,1331899,0.00000696,876.00000000,1
1531181954978,1531181954982,1331900,0.00000696,18907.00000000,1
1531181955464,1531181955467,1331901,0.00000696,883.00000000,1
1531181956305,1531181956309,1331902,0.00000696,11107.00000000,1
1531181956327,1531181956330,1331903,0.00000696,12.00000000,1
1531181958391,1531181958394,1331904,0.00000696,6429.00000000,1
1531181959091,1531181959095,1331905,0.00000696,4650.00000000,1
1531181959602,1531181959605,1331906,0.00000696,216.00000000,1
1531181960659,1531181960662,1331907,0.00000696,8165.00000000,1
1531181962478,1531181962482,1331908,0.00000696,2161.00000000,1
1531181963651,1531181963654,1331909,0.00000696,2489.00000000,1
1531181964885,1531181964888,1331910,0.00000696,2161.00000000,1
1531181965229,1531181965233,1331911,0.00000696,11454.00000000,1
1531181965238,1531181965240,1331912,0.00000696,4650.00000000,1
1531181965239,1531181965241,1331913,0.00000697,7730.00000000,0
1531181967616,1531181967617,1331914,0.00000697,1940.00000000,1
1531181968818,1531181968821,1331915,0.00000696,1461.00000000,1
1531181971027,1531181971029,1331916,0.00000696,11303.00000000,1
1531181974108,1531181974111,1331917,0.00000696,862.00000000,1
1531181975169,1531181975172,1331918,0.00000696,1844.00000000,1
1531181977699,1531181977702,1331919,0.00000696,500.00000000,1
1531181978488,1531181978489,1331920,0.00000696,683.00000000,1
1531181986417,1531181986420,1331921,0.00000696,2796.00000000,1
1531181987185,1531181987187,1331922,0.00000696,571.00000000,1
1531181988902,1531181988904,1331923,0.00000696,141.00000000,1
1531181990626,1531181990629,1331924,0.00000696,368.00000000,1
1531181997105,1531181997107,1331925,0.00000697,145.00000000,0
1531181997328,1531181997331,1331926,0.00000697,145.00000000,0
1531181997613,1531181997616,1331927,0.00000697,145.00000000,0
1531181999978,1531181999979,1331928,0.00000696,1507.00000000,1
1531182011133,1531182011137,1331929,0.00000696,2973.00000000,1
1531182015981,1531182015984,1331930,0.00000696,768.00000000,1
1531182018835,1531182018837,1331931,0.00000696,1454.00000000,1
1531182042788,1531182042791,1331932,0.00000696,764.00000000,1
1531182043712,1531182043713,1331933,0.00000696,795.00000000,1
1531182049686,1531182049689,1331934,0.00000696,4610.00000000,1
1531182052725,1531182052727,1331935,0.00000697,11735.00000000,0
1531182052757,1531182052759,1331936,0.00000697,5546.00000000,1
1531182056084,1531182056087,1331937,0.00000697,293.00000000,1
1531182078634,1531182078636,1331938,0.00000697,116.00000000,1
1531182093038,1531182093041,1331939,0.00000698,6350.00000000,0
1531182093038,1531182093041,1331940,0.00000698,2812.00000000,1
1531182104725,1531182104729,1331941,0.00000698,6872.00000000,0
1531182107721,1531182107723,1331942,0.00000698,793.00000000,0
1531182112340,1531182112341,1331943,0.00000698,4496.00000000,0
1531182125168,1531182125172,1331944,0.00000698,200.00000000,1
1531182125285,1531182125287,1331945,0.00000698,458.00000000,1
1531182130452,1531182130452,1331946,0.00000697,292.00000000,1
1531182244023,1531182244026,1331947,0.00000698,1432.00000000,0
1531182252686,1531182252689,1331948,0.00000698,3913.00000000,0
1531182268156,1531182268158,1331949,0.00000699,8265.00000000,0
1531182307878,1531182307879,1331950,0.00000700,2065.00000000,0
1531182362055,1531182362057,1331951,0.00000699,1263.00000000,0
1531182364263,1531182364267,1331952,0.00000699,162.00000000,0
1531182447325,1531182447328,1331953,0.00000699,575.00000000,0
1531182448229,1531182448232,1331954,0.00000699,1425.00000000,1
1531182473039,1531182473041,1331955,0.00000696,5.00000000,1
1531182519872,1531182519859,1331956,0.00000697,3612.00000000,1
1531182524048,1531182524050,1331957,0.00000697,158.00000000,1
1531182533571,1531182533572,1331958,0.00000697,3364.00000000,1
1531182536146,1531182536149,1331959,0.00000697,159.00000000,1
1531182537642,1531182537646,1331960,0.00000697,5046.00000000,1
1531182553318,1531182553322,1331961,0.00000697,5046.00000000,1
1531182558121,1531182558122,1331962,0.00000697,1860.00000000,1
1531182562154,1531182562156,1331963,0.00000697,985.00000000,1
1531182599471,1531182599474,1331964,0.00000696,4365.00000000,1
1531182625195,1531182625196,1331965,0.00000696,10584.00000000,1
1531182644548,1531182644551,1331966,0.00000699,433.00000000,0
1531182654537,1531182654539,1331967,0.00000699,3287.00000000,0
1531182656126,1531182656128,1331968,0.00000699,205.00000000,1
1531182658521,1531182658523,1331969,0.00000700,145.00000000,0
1531182682203,1531182682204,1331970,0.00000700,164.00000000,0
1531182699334,1531182699336,1331971,0.00000700,18175.00000000,0
1531182699374,1531182699377,1331972,0.00000700,65051.00000000,1
1531182699681,1531182699683,1331973,0.00000700,11335.00000000,1
1531182702424,1531182702427,1331974,0.00000700,91.00000000,1
1531182728809,1531182728811,1331975,0.00000700,1091.00000000,1
1531182739525,1531182739526,1331976,0.00000700,860.00000000,1
1531182818040,1531182818042,1331977,0.00000701,357.00000000,0
1531182830939,1531182830941,1331978,0.00000700,2051.00000000,1
1531182854159,1531182854161,1331979,0.00000701,1236.00000000,0
1531182854159,1531182854161,1331980,0.00000702,9970.00000000,0
1531182854159,1531182854161,1331981,0.00000703,12553.00000000,0
1531182854159,1531182854161,1331982,0.00000704,19991.00000000,0
1531182856528,1531182856529,1331983,0.00000703,14303.00000000,0
1531182856695,1531182856695,1331984,0.00000701,906.00000000,1
1531182861224,1531182861226,1331985,0.00000703,15.00000000,0
1531182862329,1531182862331,1331986,0.00000701,432.00000000,1
1531182864911,1531182864913,1331987,0.00000703,4.00000000,0
1531182880442,1531182880444,1331988,0.00000703,2194.00000000,0
1531182880457,1531182880457,1331989,0.00000703,4954.00000000,1
1531182880474,1531182880473,1331990,0.00000701,4954.00000000,1
1531182885667,1531182885670,1331991,0.00000703,144.00000000,0
1531182892055,1531182892056,1331992,0.00000701,9175.00000000,1
1531182904713,1531182904713,1331993,0.00000701,694.00000000,1
1531182940797,1531182940797,1331994,0.00000704,4325.00000000,0
1531183035109,1531183035111,1331995,0.00000701,137.00000000,1
1531183061078,1531183061076,1331996,0.00000703,1637.00000000,0
1531183061078,1531183061076,1331997,0.00000704,40440.00000000,0
1531183061078,1531183061076,1331998,0.00000705,22342.00000000,0
1531183061078,1531183061076,1331999,0.00000706,22386.00000000,0
1531183061078,1531183061076,1332000,0.00000707,163645.00000000,0
1531183069007,1531183069008,1332001,0.00000707,3562.00000000,1
1531183069047,1531183069048,1332002,0.00000707,1076.00000000,1
1531183069452,1531183069454,1332003,0.00000707,237.00000000,1
1531183069713,1531183069715,1332004,0.00000707,1160.00000000,1
1531183084952,1531183084950,1332005,0.00000708,2776.00000000,0
1531183084952,1531183084950,1332006,0.00000709,15309.00000000,0
1531183087991,1531183087991,1332007,0.00000709,143.00000000,1
1531183088977,1531183088978,1332008,0.00000708,286.00000000,0
1531183089065,1531183089064,1332009,0.00000709,142.00000000,1
1531183096805,1531183096804,1332010,0.00000709,6520.00000000,0
1531183100738,1531183100739,1332011,0.00000709,4450.00000000,0
1531183100769,1531183100771,1332012,0.00000709,245.00000000,1
1531183100786,1531183100786,1332013,0.00000709,163.00000000,1
1531183100793,1531183100794,1332014,0.00000709,13729.00000000,1
1531183100935,1531183100936,1332015,0.00000709,10795.00000000,1
1531183103401,1531183103401,1332016,0.00000709,1637.00000000,1
1531183104091,1531183104092,1332017,0.00000709,1030.00000000,1
1531183109604,1531183109604,1332018,0.00000710,285.00000000,0
1531183114684,1531183114685,1332019,0.00000709,447.00000000,1
1531183116116,1531183116116,1332020,0.00000710,208.00000000,0
1531183116655,1531183116654,1332021,0.00000710,2828.00000000,1
1531183126948,1531183126949,1332022,0.00000710,71.00000000,1
1531183128153,1531183128154,1332023,0.00000711,142.00000000,0
1531183129210,1531183129210,1332024,0.00000710,1462.00000000,1
1531183149246,1531183149245,1332025,0.00000710,778.00000000,1
1531183150024,1531183150021,1332026,0.00000710,1366.00000000,0
1531183150024,1531183150021,1332027,0.00000711,3833.00000000,0
1531183150024,1531183150021,1332028,0.00000712,13604.00000000,0
1531183163266,1531183163267,1332029,0.00000712,445.00000000,1
1531183167914,1531183167913,1332030,0.00000709,1388.00000000,1
1531183167914,1531183167913,1332031,0.00000709,4273.00000000,1
1531183169952,1531183169933,1332032,0.00000712,844.00000000,0
1531183206850,1531183206848,1332033,0.00000709,69256.00000000,1
1531183208920,1531183208920,1332034,0.00000706,921.00000000,1
1531183208920,1531183208920,1332035,0.00000704,540.00000000,1
1531183209490,1531183209491,1332036,0.00000704,1451.00000000,1
1531183209646,1531183209646,1332037,0.00000704,704.00000000,1
1531183209646,1531183209646,1332038,0.00000703,760.00000000,1
1531183209916,1531183209915,1332039,0.00000703,1445.00000000,1
1531183209983,1531183209983,1332040,0.00000703,1445.00000000,1
1531183210380,1531183210381,1332041,0.00000705,1447.00000000,1
1531183210606,1531183210607,1332042,0.00000706,261.00000000,1
1531183210656,1531183210658,1332043,0.00000706,193.00000000,0
1531183210753,1531183210753,1332044,0.00000703,506.00000000,1
1531183210766,1531183210764,1332045,0.00000703,939.00000000,0
1531183210884,1531183210882,1332046,0.00000702,620.00000000,1
1531183211019,1531183211019,1332047,0.00000708,624.00000000,0
1531183211019,1531183211019,1332048,0.00000710,299.00000000,0
1531183213506,1531183213506,1332049,0.00000703,1179.00000000,1
1531183214455,1531183214455,1332050,0.00000706,318.00000000,1
1531183215447,1531183215446,1332051,0.00000706,261.00000000,1
1531183215588,1531183215587,1332052,0.00000706,3.00000000,1
1531183218628,1531183218627,1332053,0.00000706,1464.00000000,1
1531183219048,1531183219048,1332054,0.00000706,1468.00000000,1
1531183219450,1531183219449,1332055,0.00000706,1453.00000000,1
1531183220151,1531183220151,1332056,0.00000706,1124.00000000,1
1531183220151,1531183220151,1332057,0.00000703,319.00000000,1
1531183223551,1531183223549,1332058,0.00000703,312.00000000,1
1531183223567,1531183223565,1332059,0.00000702,756.00000000,1
1531183223567,1531183223565,1332060,0.00000701,705.00000000,1
1531183223760,1531183223758,1332061,0.00000701,1474.00000000,1
1531183223969,1531183223968,1332062,0.00000701,1468.00000000,1
1531183224018,1531183224019,1332063,0.00000703,88.00000000,0
1531183224145,1531183224143,1332064,0.00000703,940.00000000,1
1531183224145,1531183224143,1332065,0.00000701,509.00000000,1
1531183224405,1531183224404,1332066,0.00000701,1449.00000000,1
1531183225109,1531183225106,1332067,0.00000701,1453.00000000,1
1531183230540,1531183230540,1332068,0.00000702,33.00000000,1
1531183230947,1531183230945,1332069,0.00000702,4132.00000000,1
1531183230947,1531183230945,1332070,0.00000701,22181.00000000,1
1531183230947,1531183230945,1332071,0.00000700,136529.00000000,1
1531183233821,1531183233818,1332072,0.00000703,455.00000000,0
1531183233821,1531183233818,1332073,0.00000706,390.00000000,0
1531183245004,1531183245004,1332074,0.00000701,3301.00000000,1
1531183245004,1531183245004,1332075,0.00000700,7052.00000000,1
1531183245260,1531183245259,1332076,0.00000699,1572.00000000,1
1531183248014,1531183248015,1332077,0.00000699,1211.00000000,0
1531183248247,1531183248247,1332078,0.00000699,518.00000000,0
1531183248247,1531183248247,1332079,0.00000700,230.00000000,0
1531183248247,1531183248247,1332080,0.00000707,364.00000000,0
1531183250345,1531183250341,1332081,0.00000701,1888.00000000,1
1531183250345,1531183250341,1332082,0.00000700,1888.00000000,1
1531183250345,1531183250341,1332083,0.00000699,5136.00000000,1
1531183250345,1531183250341,1332084,0.00000698,4105.00000000,1
1531183250345,1531183250341,1332085,0.00000697,851.00000000,1
1531183250345,1531183250341,1332086,0.00000696,1167.00000000,1
1531183250345,1531183250341,1332087,0.00000695,3066.00000000,1
1531183250401,1531183250402,1332088,0.00000695,1515.00000000,1
1531183251314,1531183251315,1332089,0.00000698,147.00000000,0
1531183251546,1531183251545,1332090,0.00000697,1885.00000000,0
1531183252294,1531183252293,1332091,0.00000697,1890.00000000,0
1531183252909,1531183252909,1332092,0.00000696,596.00000000,0
1531183254950,1531183254949,1332093,0.00000696,845.00000000,1
1531183267167,1531183267166,1332094,0.00000697,1.00000000,0
1531183267167,1531183267166,1332095,0.00000702,848.00000000,0
1531183270813,1531183270812,1332096,0.00000702,405.00000000,0
1531183276877,1531183276878,1332097,0.00000698,994.00000000,1
1531183278175,1531183278173,1332098,0.00000697,994.00000000,0
1531183293019,1531183293018,1332099,0.00000697,165.00000000,1
1531183295699,1531183295699,1332100,0.00000698,34.00000000,0
1531183337442,1531183337441,1332101,0.00000701,1426.00000000,0
1531183354065,1531183354064,1332102,0.00000698,147.00000000,1
1531183356833,1531183356834,1332103,0.00000701,119.00000000,0
1531183367740,1531183367738,1332104,0.00000698,880.00000000,1
1531183395184,1531183395183,1332105,0.00000699,156.00000000,0
1531183403316,1531183403316,1332106,0.00000698,662.00000000,1
1531183415095,1531183415094,1332107,0.00000698,156.00000000,1
1531183431514,1531183431514,1332108,0.00000698,354.00000000,1
1531183460683,1531183460683,1332109,0.00000698,5181.00000000,1
1531183460683,1531183460683,1332110,0.00000697,6042.00000000,1
1531183480008,1531183480007,1332111,0.00000697,7.00000000,1
1531183556841,1531183556838,1332112,0.00000701,149.00000000,0
1531183557610,1531183557606,1332113,0.00000701,213.00000000,0
1531183566120,1531183566119,1332114,0.00000697,3991.00000000,1
1531183567108,1531183567107,1332115,0.00000697,313.00000000,0
1531183586554,1531183586554,1332116,0.00000695,215.00000000,1
1531183586554,1531183586554,1332117,0.00000694,1785.00000000,1
1531183591225,1531183591225,1332118,0.00000698,145.00000000,0
1531183594073,1531183594071,1332119,0.00000695,205.00000000,1
1531183597078,1531183597077,1332120,0.00000694,99.00000000,1
1531183620840,1531183620815,1332121,0.00000694,174.00000000,1
1531183620840,1531183620815,1332122,0.00000693,172.00000000,1
1531183620840,1531183620815,1332123,0.00000692,895.00000000,1
1531183620840,1531183620815,1332124,0.00000691,959.00000000,1
1531183620840,1531183620815,1332125,0.00000690,9941.00000000,1
1531183620840,1531183620815,1332126,0.00000689,23002.00000000,1
1531183620840,1531183620815,1332127,0.00000688,11967.00000000,1
1531183620840,1531183620815,1332128,0.00000687,35144.00000000,1
1531183620840,1531183620815,1332129,0.00000686,6050.00000000,1
1531183620840,1531183620815,1332130,0.00000685,26581.00000000,1
1531183620840,1531183620815,1332131,0.00000684,11464.00000000,1
1531183620857,1531183620855,1332132,0.00000684,10477.00000000,0
1531183620861,1531183620860,1332133,0.00000684,204.00000000,0
1531183620864,1531183620862,1332134,0.00000684,9917.00000000,0
1531183620868,1531183620867,1332135,0.00000684,27439.00000000,0
1531183620869,1531183620867,1332136,0.00000684,5144.00000000,0
1531183620870,1531183620870,1332137,0.00000684,5759.00000000,0
1531183620875,1531183620874,1332138,0.00000684,10482.00000000,0
1531183620887,1531183620887,1332139,0.00000684,204.00000000,0
1531183620889,1531183620887,1332140,0.00000684,63.00000000,0
1531183620900,1531183620899,1332141,0.00000683,204.00000000,1
1531183621122,1531183621120,1332142,0.00000684,902.00000000,1
1531183621869,1531183621867,1332143,0.00000687,860.00000000,1
1531183623218,1531183623215,1332144,0.00000687,856.00000000,1
1531183626884,1531183626883,1332145,0.00000685,1007.00000000,1
1531183631476,1531183631475,1332146,0.00000685,994.00000000,1
1531183638110,1531183638107,1332147,0.00000686,6074.00000000,0
1531183638110,1531183638107,1332148,0.00000687,1248.00000000,0
1531183652061,1531183652060,1332149,0.00000685,2166.00000000,1
1531183652220,1531183652219,1332150,0.00000686,849.00000000,0
1531183652220,1531183652219,1332151,0.00000687,4647.00000000,0
1531183663102,1531183663101,1332152,0.00000686,379.00000000,0
1531183671940,1531183671939,1332153,0.00000684,148.00000000,1
1531183672701,1531183672699,1332154,0.00000684,116.00000000,1
1531183677240,1531183677237,1332155,0.00000684,201.00000000,1
1531183683711,1531183683710,1332156,0.00000684,161.00000000,1
1531183683890,1531183683890,1332157,0.00000684,585.00000000,1
1531183686861,1531183686831,1332158,0.00000684,5086.00000000,1
1531183689854,1531183689853,1332159,0.00000684,1463.00000000,0
1531183689871,1531183689871,1332160,0.00000684,1357.00000000,0
1531183692001,1531183691999,1332161,0.00000686,436.00000000,0
1531183692066,1531183692064,1332162,0.00000684,106.00000000,1
1531183692739,1531183692739,1332163,0.00000684,275.00000000,0
1531183703217,1531183703215,1332164,0.00000683,668.00000000,1
1531183704325,1531183704325,1332165,0.00000683,178.00000000,0
1531183713483,1531183713481,1332166,0.00000683,5997.00000000,1
1531183713483,1531183713481,1332167,0.00000682,511.00000000,1
1531183713483,1531183713481,1332168,0.00000681,147.00000000,1
1531183713483,1531183713481,1332169,0.00000680,2302.00000000,1
1531183716059,1531183716059,1332170,0.00000681,1451.00000000,1
1531183716521,1531183716521,1332171,0.00000681,784.00000000,1
1531183716871,1531183716870,1332172,0.00000681,218.00000000,1
1531183717071,1531183717071,1332173,0.00000681,215.00000000,1
1531183718150,1531183718149,1332174,0.00000681,3143.00000000,1
1531183718530,1531183718529,1332175,0.00000681,316.00000000,1
1531183719187,1531183719186,1332176,0.00000681,1451.00000000,1
1531183728460,1531183728457,1332177,0.00000682,1187.00000000,1
1531183742800,1531183742799,1332178,0.00000682,2340.00000000,1
1531183747541,1531183747540,1332179,0.00000682,11.00000000,1
1531183747541,1531183747540,1332180,0.00000681,861.00000000,1
1531183772357,1531183772353,1332181,0.00000681,297.00000000,1
1531183799166,1531183799164,1332182,0.00000683,2033.00000000,0
1531183823381,1531183823380,1332183,0.00000683,516.00000000,0
1531183826251,1531183826248,1332184,0.00000683,204.00000000,1
1531183834195,1531183834191,1332185,0.00000683,12.00000000,1
1531183834195,1531183834191,1332186,0.00000682,596.00000000,1
1531183834195,1531183834191,1332187,0.00000681,18914.00000000,1
1531183835447,1531183835446,1332188,0.00000680,871.00000000,1
1531183836510,1531183836509,1332189,0.00000680,590.00000000,1
1531183837365,1531183837363,1332190,0.00000680,1454.00000000,1
1531183837855,1531183837854,1332191,0.00000680,610.00000000,1
1531183849941,1531183849940,1332192,0.00000680,221.00000000,1
1531183878700,1531183878697,1332193,0.00000680,119.00000000,1
1531183908457,1531183908454,1332194,0.00000680,871.00000000,1
1531183909057,1531183909056,1332195,0.00000680,5275.00000000,1
1531183923847,1531183923842,1332196,0.00000680,589.00000000,1
1531184011127,1531184011127,1332197,0.00000680,2033.00000000,1
1531184037796,1531184037795,1332198,0.00000680,6084.00000000,1
1531184175541,1531184175539,1332199,0.00000680,792.00000000,1
1531184284679,1531184284678,1332200,0.00000680,7555.00000000,1
1531184288199,1531184288197,1332201,0.00000680,947.00000000,1
1531184351102,1531184351100,1332202,0.00000681,2.00000000,0
1531184363153,1531184363150,1332203,0.00000680,878.00000000,1
1531184363153,1531184363150,1332204,0.00000679,161.00000000,1
1531184363153,1531184363150,1332205,0.00000678,1713.00000000,1
1531184366207,1531184366205,1332206,0.00000678,161.00000000,1
1531184369648,1531184369644,1332207,0.00000678,137.00000000,1
1531184370645,1531184370642,1332208,0.00000678,1154.00000000,0
1531184371364,1531184371361,1332209,0.00000677,647.00000000,1
1531184371776,1531184371773,1332210,0.00000677,742.00000000,1
1531184371837,1531184371833,1332211,0.00000677,3326.00000000,1
1531184371837,1531184371833,1332212,0.00000676,2727.00000000,1
1531184374789,1531184374785,1332213,0.00000676,875.00000000,1
1531184374905,1531184374901,1332214,0.00000676,218.00000000,1
1531184376309,1531184376307,1332215,0.00000676,188.00000000,1
1531184377628,1531184377625,1332216,0.00000676,722.00000000,1
1531184378684,1531184378682,1332217,0.00000676,217.00000000,1
1531184378938,1531184378936,1332218,0.00000676,203.00000000,1
1531184379132,1531184379130,1332219,0.00000676,874.00000000,1
1531184379516,1531184379514,1332220,0.00000676,1452.00000000,1
1531184404335,1531184404331,1332221,0.00000677,609.00000000,0
1531184412492,1531184412488,1332222,0.00000677,145.00000000,0
1531184416113,1531184416111,1332223,0.00000677,154.00000000,1
1531184420160,1531184420158,1332224,0.00000676,839.00000000,1
1531184421376,1531184421372,1332225,0.00000675,851.00000000,1
1531184422468,1531184422464,1332226,0.00000675,451.00000000,1
1531184423071,1531184423067,1332227,0.00000675,436.00000000,1
1531184446764,1531184446761,1332228,0.00000676,357.00000000,0
1531184474173,1531184474168,1332229,0.00000678,147.00000000,0
1531184540235,1531184540232,1332230,0.00000675,1295.00000000,1
1531184558181,1531184558177,1332231,0.00000679,160.00000000,0
1531184623164,1531184623161,1332232,0.00000675,1486.00000000,1
1531184651540,1531184651536,1332233,0.00000675,1.00000000,1
1531184697169,1531184697165,1332234,0.00000675,162.00000000,1
1531184790769,1531184790765,1332235,0.00000675,28.00000000,1
1531184991250,1531184991247,1332236,0.00000675,3764.00000000,1
1531185061112,1531185061106,1332237,0.00000675,161.00000000,1
1531185107514,1531185107508,1332238,0.00000679,5162.00000000,0
1531185107544,1531185107538,1332239,0.00000679,161.00000000,1
1531185216168,1531185216163,1332240,0.00000680,157.00000000,0
1531185222322,1531185222317,1332241,0.00000680,5073.00000000,0
1531185248200,1531185248194,1332242,0.00000680,1657.00000000,1
1531185287695,1531185287691,1332243,0.00000680,357.00000000,1
1531185296058,1531185296054,1332244,0.00000681,58.00000000,0
1531185311598,1531185311595,1332245,0.00000680,3488.00000000,1
1531185330064,1531185330059,1332246,0.00000680,1173.00000000,1
1531185333151,1531185333147,1332247,0.00000678,161.00000000,0
1531185334837,1531185334833,1332248,0.00000676,451.00000000,0
1531185338770,1531185338765,1332249,0.00000674,437.00000000,1
1531185338965,1531185338959,1332250,0.00000674,437.00000000,1
1531185339127,1531185339123,1332251,0.00000674,437.00000000,1
1531185339144,1531185339140,1332252,0.00000674,261.00000000,1
1531185339155,1531185339150,1332253,0.00000674,437.00000000,1
1531185339206,1531185339202,1332254,0.00000674,466.00000000,1
1531185339210,1531185339206,1332255,0.00000674,437.00000000,1
1531185339247,1531185339242,1332256,0.00000674,437.00000000,1
1531185339268,1531185339264,1332257,0.00000674,437.00000000,1
1531185339484,1531185339479,1332258,0.00000674,466.00000000,1
1531185339520,1531185339515,1332259,0.00000674,815.00000000,1
1531185339521,1531185339517,1332260,0.00000674,466.00000000,1
1531185339542,1531185339536,1332261,0.00000674,626.00000000,1
1531185339571,1531185339566,1332262,0.00000674,437.00000000,1
1531185339716,1531185339710,1332263,0.00000674,451.00000000,1
1531185339781,1531185339777,1332264,0.00000674,684.00000000,1
1531185339790,1531185339784,1332265,0.00000674,670.00000000,1
1531185340073,1531185340068,1332266,0.00000675,353.00000000,1
1531185340073,1531185340068,1332267,0.00000674,273.00000000,1
1531185345918,1531185345911,1332268,0.00000674,176.00000000,1
1531185345941,1531185345937,1332269,0.00000674,177.00000000,1
1531185349239,1531185349234,1332270,0.00000674,466.00000000,1
1531185349802,1531185349797,1332271,0.00000674,437.00000000,1
1531185349943,1531185349938,1332272,0.00000675,404.00000000,1
1531185349943,1531185349938,1332273,0.00000674,178.00000000,1
1531185350293,1531185350287,1332274,0.00000674,437.00000000,1
1531185372071,1531185372067,1332275,0.00000674,4.00000000,1
1531185378187,1531185378182,1332276,0.00000679,158.00000000,0
1531185424171,1531185424167,1332277,0.00000678,160.00000000,0
1531185444166,1531185444162,1332278,0.00000677,161.00000000,0
1531185535246,1531185535241,1332279,0.00000678,161.00000000,0
1531185583176,1531185583170,1332280,0.00000678,161.00000000,0
1531185675534,1531185675529,1332281,0.00000673,288.00000000,1
1531185725691,1531185725685,1332282,0.00000678,5.00000000,0
1531185792716,1531185792711,1332283,0.00000678,2083.00000000,0
1531185914972,1531185914967,1332284,0.00000678,13.00000000,0
1531185921813,1531185921808,1332285,0.00000675,570.00000000,1
1531186177119,1531186177112,1332286,0.00000678,8741.00000000,0
1531186569561,1531186569554,1332287,0.00000678,101.00000000,0
1531186581815,1531186581809,1332288,0.00000678,140.00000000,0
1531186584829,1531186584823,1332289,0.00000678,1.00000000,0
1531186746333,1531186746328,1332290,0.00000678,273.00000000,0
1531186873118,1531186873114,1332291,0.00000678,5.00000000,0
1531186938272,1531186938267,1332292,0.00000678,204.00000000,0
1531187128123,1531187128116,1332293,0.00000675,2628.00000000,1
1531187148197,1531187148190,1332294,0.00000673,4544.00000000,1
1531187183493,1531187183486,1332295,0.00000673,5074.00000000,1
1531187232084,1531187232077,1332296,0.00000673,596.00000000,1
1531187334540,1531187334536,1332297,0.00000674,162.00000000,1
1531187340607,1531187340601,1332298,0.00000674,164.00000000,1
1531187363678,1531187363671,1332299,0.00000673,1118.00000000,1
1531187370729,1531187370723,1332300,0.00000672,312.00000000,1
1531187373089,1531187373084,1332301,0.00000671,189.00000000,1
1531187374528,1531187374522,1332302,0.00000671,1455.00000000,1
1531187374571,1531187374564,1332303,0.00000671,189.00000000,0
1531187377492,1531187377486,1332304,0.00000670,2027.00000000,1
1531187378078,1531187378072,1332305,0.00000670,461.00000000,1
1531187378957,1531187378952,1332306,0.00000670,3055.00000000,1
1531187379719,1531187379713,1332307,0.00000670,624.00000000,1
1531187380082,1531187380076,1332308,0.00000670,3185.00000000,1
1531187381326,1531187381320,1332309,0.00000670,4778.00000000,1
1531187402228,1531187402222,1332310,0.00000673,1.00000000,1
1531187408736,1531187408730,1332311,0.00000673,151.00000000,1
1531187429704,1531187429700,1332312,0.00000672,212.00000000,1
1531187430365,1531187430360,1332313,0.00000671,254.00000000,0
1531187430748,1531187430744,1332314,0.00000671,195.00000000,1
1531187458012,1531187458007,1332315,0.00000672,500.00000000,0
1531187471647,1531187471643,1332316,0.00000670,166.00000000,1
1531187505820,1531187505816,1332317,0.00000670,294.00000000,1
1531187506886,1531187506881,1332318,0.00000669,297.00000000,1
1531187506905,1531187506900,1332319,0.00000669,278.00000000,0
1531187506928,1531187506922,1332320,0.00000669,278.00000000,0
1531187507291,1531187507286,1332321,0.00000669,10.00000000,0
1531187507291,1531187507286,1332322,0.00000670,495.00000000,0
1531187507938,1531187507933,1332323,0.00000670,568.00000000,0
1531187508063,1531187508059,1332324,0.00000673,323.00000000,1
1531187508063,1531187508059,1332325,0.00000668,548.00000000,1
1531187509153,1531187509147,1332326,0.00000668,449.00000000,1
1531187509162,1531187509158,1332327,0.00000668,865.00000000,1
1531187509436,1531187509417,1332328,0.00000668,869.00000000,1
1531187512469,1531187512463,1332329,0.00000668,215.00000000,1
1531187570674,1531187570669,1332330,0.00000671,302.00000000,1
1531187599388,1531187599384,1332331,0.00000672,596.00000000,0
1531187645252,1531187645247,1332332,0.00000673,302.00000000,0
1531188376178,1531188376173,1332333,0.00000670,1.00000000,1
1531188392106,1531188392102,1332334,0.00000670,149.00000000,1
1531188392106,1531188392102,1332335,0.00000669,747.00000000,1
1531188392106,1531188392102,1332336,0.00000668,26.00000000,1
1531188429982,1531188429979,1332337,0.00000674,594.00000000,0
1531188440204,1531188440200,1332338,0.00000674,150.00000000,1
1531188460976,1531188460971,1332339,0.00000674,500.00000000,1
1531188632458,1531188632454,1332340,0.00000673,379.00000000,0
1531188632458,1531188632454,1332341,0.00000674,326.00000000,0
1531188632458,1531188632454,1332342,0.00000675,163.00000000,0
1531188891911,1531188891907,1332343,0.00000674,10.00000000,0
1531189018569,1531189018567,1332344,0.00000672,500.00000000,0
1531189047847,1531189047845,1332345,0.00000671,594.00000000,1
1531189144902,1531189144899,1332346,0.00000670,150.00000000,1
1531189188992,1531189188988,1332347,0.00000670,448.00000000,0
1531189219836,1531189219833,1332348,0.00000670,52.00000000,1
1531189263152,1531189263149,1332349,0.00000668,152.00000000,1
1531189316007,1531189316004,1332350,0.00000668,5733.00000000,1
1531189384346,1531189384343,1332351,0.00000671,2.00000000,0
1531189451597,1531189451594,1332352,0.00000671,831.00000000,0
1531189533573,1531189533571,1332353,0.00000671,447.00000000,0
1531189543076,1531189543073,1332354,0.00000668,200.00000000,1
1531189728283,1531189728280,1332355,0.00000670,15.00000000,0
1531189860944,1531189860940,1332356,0.00000669,35000.00000000,1
1531190066619,1531190066616,1332357,0.00000669,813.00000000,1
1531190095387,1531190095384,1332358,0.00000668,109000.00000000,1
1531190123678,1531190123675,1332359,0.00000668,242.00000000,1
1531190123733,1531190123729,1332360,0.00000669,149.00000000,0
1531190128208,1531190128205,1332361,0.00000668,142.00000000,1
1531190129984,1531190129981,1332362,0.00000667,871.00000000,1
1531190131768,1531190131764,1332363,0.00000667,861.00000000,1
1531190132220,1531190132216,1332364,0.00000667,2079.00000000,1
1531190133206,1531190133203,1332365,0.00000666,865.00000000,1
1531190133268,1531190133266,1332366,0.00000666,865.00000000,1
1531190133296,1531190133292,1332367,0.00000666,865.00000000,1
1531190133466,1531190133463,1332368,0.00000666,864.00000000,1
1531190133591,1531190133587,1332369,0.00000667,7321.00000000,0
1531190133932,1531190133928,1332370,0.00000666,865.00000000,1
1531190134149,1531190134146,1332371,0.00000666,860.00000000,1
1531190134161,1531190134158,1332372,0.00000666,865.00000000,1
1531190134227,1531190134223,1332373,0.00000666,872.00000000,1
1531190134423,1531190134420,1332374,0.00000666,157.00000000,1
1531190134442,1531190134439,1332375,0.00000666,707.00000000,0
1531190134531,1531190134528,1332376,0.00000666,864.00000000,0
1531190135134,1531190135131,1332377,0.00000666,3008.00000000,0
1531190135241,1531190135237,1332378,0.00000666,2038.00000000,0
1531190135680,1531190135677,1332379,0.00000665,864.00000000,1
1531190135682,1531190135677,1332380,0.00000665,22985.00000000,1
1531190135709,1531190135707,1332381,0.00000665,1462.00000000,0
1531190136316,1531190136314,1332382,0.00000664,452.00000000,1
1531190136670,1531190136670,1332383,0.00000663,151.00000000,1
1531190136912,1531190136911,1332384,0.00000663,2769.00000000,0
1531190137249,1531190137246,1332385,0.00000663,2689.00000000,0
1531190137250,1531190137246,1332386,0.00000663,232.00000000,0
1531190137496,1531190137491,1332387,0.00000662,333.00000000,1
1531190137496,1531190137491,1332388,0.00000661,543.00000000,1
1531190138791,1531190138789,1332389,0.00000661,1244.00000000,1
1531190139136,1531190139133,1332390,0.00000662,1156.00000000,0
1531190139136,1531190139133,1332391,0.00000663,1141.00000000,0
1531190139583,1531190139580,1332392,0.00000662,865.00000000,0
1531190139583,1531190139580,1332393,0.00000663,1317.00000000,0
1531190139860,1531190139856,1332394,0.00000661,302.00000000,1
1531190140271,1531190140268,1332395,0.00000662,856.00000000,0
1531190140355,1531190140356,1332396,0.00000661,369.00000000,1
1531190140755,1531190140749,1332397,0.00000661,596.00000000,1
1531190142247,1531190142244,1332398,0.00000662,1141.00000000,0
1531190143259,1531190143256,1332399,0.00000662,3173.00000000,0
1531190143767,1531190143765,1332400,0.00000663,1461.00000000,0
1531190149612,1531190149609,1332401,0.00000663,108.00000000,0
1531190149667,1531190149663,1332402,0.00000663,128.00000000,0
1531190153633,1531190153630,1332403,0.00000661,1432.00000000,1
1531190154172,1531190154166,1332404,0.00000661,1428.00000000,1
1531190154849,1531190154844,1332405,0.00000661,318.00000000,1
1531190154849,1531190154844,1332406,0.00000660,1118.00000000,1
1531190154849,1531190154844,1332407,0.00000660,2343.00000000,1
1531190155234,1531190155231,1332408,0.00000659,3488.00000000,1
1531190155234,1531190155231,1332409,0.00000658,152.00000000,1
1531190155235,1531190155231,1332410,0.00000658,395.00000000,1
1531190155235,1531190155231,1332411,0.00000657,1755.00000000,1
1531190155672,1531190155669,1332412,0.00000660,1949.00000000,0
1531190156860,1531190156857,1332413,0.00000660,887.00000000,0
1531190157165,1531190157162,1332414,0.00000660,6256.00000000,0
1531190157165,1531190157162,1332415,0.00000663,887.00000000,0
1531190158553,1531190158551,1332416,0.00000663,18.00000000,0
1531190160484,1531190160481,1332417,0.00000660,2089.00000000,1
1531190160484,1531190160481,1332418,0.00000659,641.00000000,1
1531190168220,1531190168215,1332419,0.00000659,1436.00000000,1
1531190168927,1531190168923,1332420,0.00000659,1157.00000000,1
1531190168927,1531190168923,1332421,0.00000657,281.00000000,1
1531190169324,1531190169319,1332422,0.00000657,751.00000000,1
1531190169324,1531190169319,1332423,0.00000656,153.00000000,1
1531190169324,1531190169319,1332424,0.00000654,532.00000000,1
1531190169343,1531190169340,1332425,0.00000655,1515.00000000,0
1531190169346,1531190169342,1332426,0.00000655,428.00000000,0
1531190169375,1531190169373,1332427,0.00000656,428.00000000,1
1531190169741,1531190169741,1332428,0.00000657,1426.00000000,1
1531190172899,1531190172898,1332429,0.00000660,4.00000000,0
1531190178723,1531190178720,1332430,0.00000657,1230.00000000,0
1531190179707,1531190179704,1332431,0.00000661,2395.00000000,0
1531190180589,1531190180586,1332432,0.00000660,1260.00000000,0
1531190181447,1531190181446,1332433,0.00000656,1942.00000000,1
1531190184710,1531190184708,1332434,0.00000656,10.00000000,1
1531190193840,1531190193838,1332435,0.00000656,1263.00000000,1
1531190194445,1531190194443,1332436,0.00000656,1.00000000,1
1531190197095,1531190197093,1332437,0.00000656,154.00000000,1
1531190200409,1531190200405,1332438,0.00000654,867.00000000,1
1531190200409,1531190200405,1332439,0.00000653,573.00000000,1
1531190200798,1531190200796,1332440,0.00000653,1440.00000000,1
1531190209161,1531190209158,1332441,0.00000659,167.00000000,0
1531190217978,1531190217974,1332442,0.00000658,154.00000000,1
1531190218019,1531190218015,1332443,0.00000658,246.00000000,1
1531190218054,1531190218052,1332444,0.00000658,307.00000000,1
1531190224129,1531190224127,1332445,0.00000658,145.00000000,1
1531190225904,1531190225901,1332446,0.00000656,798.00000000,1
1531190227061,1531190227058,1332447,0.00000657,168.00000000,0
1531190227061,1531190227058,1332448,0.00000658,372.00000000,0
1531190230092,1531190230089,1332449,0.00000658,83.00000000,0
1531190230134,1531190230132,1332450,0.00000658,8.00000000,0
1531190230134,1531190230132,1332451,0.00000659,140.00000000,0
1531190237825,1531190237823,1332452,0.00000655,155.00000000,1
1531190251532,1531190251529,1332453,0.00000655,995.00000000,1
1531190251532,1531190251529,1332454,0.00000653,45859.00000000,1
1531190261166,1531190261162,1332455,0.00000659,166.00000000,0
1531190274192,1531190274188,1332456,0.00000653,1714.00000000,1
1531190300944,1531190300941,1332457,0.00000657,166.00000000,1
1531190300944,1531190300941,1332458,0.00000654,39.00000000,1
1531190305717,1531190305715,1332459,0.00000654,690.00000000,1
1531190321079,1531190321077,1332460,0.00000659,752.00000000,0
1531190322078,1531190322075,1332461,0.00000659,752.00000000,0
1531190335648,1531190335645,1332462,0.00000655,120.00000000,1
1531190359141,1531190359138,1332463,0.00000658,154.00000000,1
1531190365111,1531190365107,1332464,0.00000659,183.00000000,0
1531190404505,1531190404502,1332465,0.00000659,151.00000000,0
1531190412055,1531190412051,1332466,0.00000659,185.00000000,0
1531190417517,1531190417512,1332467,0.00000659,41.00000000,0
1531190420512,1531190420509,1332468,0.00000659,1.00000000,0
1531190482934,1531190482933,1332469,0.00000659,1.00000000,0
1531190542157,1531190542152,1332470,0.00000658,1283.00000000,1
1531190563449,1531190563445,1332471,0.00000658,798.00000000,1
1531190650166,1531190650164,1332472,0.00000659,121.00000000,0
1531190654175,1531190654172,1332473,0.00000659,1.00000000,0
1531190671935,1531190671934,1332474,0.00000659,435.00000000,0
1531190671935,1531190671934,1332475,0.00000660,1082.00000000,0
1531190706547,1531190706543,1332476,0.00000660,127.00000000,0
1531190728407,1531190728404,1332477,0.00000659,288.00000000,0
1531190728412,1531190728410,1332478,0.00000659,541.00000000,0
1531190728439,1531190728435,1332479,0.00000659,288.00000000,0
1531190728804,1531190728801,1332480,0.00000659,289.00000000,0
1531190738972,1531190738969,1332481,0.00000658,41.00000000,1
1531190738972,1531190738969,1332482,0.00000655,234.00000000,1
1531190739090,1531190739087,1332483,0.00000659,311.00000000,0
1531190780081,1531190780078,1332484,0.00000659,166.00000000,0
1531190781463,1531190781459,1332485,0.00000655,254.00000000,1
1531190781463,1531190781459,1332486,0.00000654,6792.00000000,1
1531190815075,1531190815072,1332487,0.00000659,4.00000000,0
1531190822203,1531190822199,1332488,0.00000657,280.00000000,1
1531190844039,1531190844036,1332489,0.00000657,154.00000000,1
1531190859309,1531190859308,1332490,0.00000658,608.00000000,0
1531190859309,1531190859308,1332491,0.00000659,3197.00000000,0
1531190931865,1531190931861,1332492,0.00000659,857.00000000,0
1531191065124,1531191065122,1332493,0.00000659,643.00000000,0
1531191108019,1531191108017,1332494,0.00000657,3861.00000000,1
1531191126687,1531191126683,1332495,0.00000655,179.00000000,1
1531191145059,1531191145056,1332496,0.00000655,429.00000000,1
1531191145059,1531191145056,1332497,0.00000654,1775.00000000,1
1531191189795,1531191189794,1332498,0.00000656,115.00000000,0
1531191207365,1531191207362,1332499,0.00000654,800.00000000,1
1531191270264,1531191270260,1332500,0.00000654,157.00000000,1
1531191302121,1531191302118,1332501,0.00000656,287.00000000,0
1531191302162,1531191302159,1332502,0.00000656,208.00000000,0
1531191528685,1531191528681,1332503,0.00000657,152.00000000,0
1531191561175,1531191561173,1332504,0.00000657,1543.00000000,0
1531191561192,1531191561189,1332505,0.00000657,1543.00000000,0
1531191561199,1531191561195,1332506,0.00000657,215.00000000,0
1531191563753,1531191563749,1332507,0.00000657,633.00000000,1
1531191564202,1531191564199,1332508,0.00000657,633.00000000,1
1531191650887,1531191650886,1332509,0.00000657,185.00000000,1
1531191775124,1531191775119,1332510,0.00000657,64.00000000,1
1531191775124,1531191775119,1332511,0.00000656,505.00000000,1
1531191775124,1531191775119,1332512,0.00000655,244.00000000,1
1531191775124,1531191775119,1332513,0.00000654,1384.00000000,1
1531191882219,1531191882217,1332514,0.00000659,1.00000000,0
1531192080541,1531192080537,1332515,0.00000659,10.00000000,0
1531192334187,1531192334182,1332516,0.00000659,50.00000000,0
1531192359080,1531192359077,1332517,0.00000659,54.00000000,0
1531192511939,1531192511935,1332518,0.00000659,1428.00000000,0
1531192511939,1531192511935,1332519,0.00000660,89.00000000,0
1531192531733,1531192531729,1332520,0.00000660,202.00000000,0
1531192553110,1531192553105,1332521,0.00000660,1427.00000000,0
1531192668351,1531192668346,1332522,0.00000660,1075.00000000,1
1531192668359,1531192668354,1332523,0.00000660,431.00000000,1
1531192668370,1531192668368,1332524,0.00000658,814.00000000,1
1531192908114,1531192908111,1332525,0.00000658,166.00000000,1
1531192988311,1531192988307,1332526,0.00000662,2.00000000,0
1531193125610,1531193125606,1332527,0.00000661,6.00000000,0
1531193147861,1531193147857,1332528,0.00000661,250.00000000,0
1531193343081,1531193343077,1332529,0.00000659,167.00000000,1
1531193373191,1531193373182,1332530,0.00000659,2150.00000000,1
1531193373191,1531193373182,1332531,0.00000658,1188.00000000,1
1531193373191,1531193373182,1332532,0.00000656,9053.00000000,1
1531193373191,1531193373182,1332533,0.00000655,1221.00000000,1
1531193373191,1531193373182,1332534,0.00000654,35611.00000000,1
1531193373191,1531193373182,1332535,0.00000653,10696.00000000,1
1531193373208,1531193373203,1332536,0.00000653,12331.00000000,0
1531193373213,1531193373209,1332537,0.00000653,1245.00000000,0
1531193373220,1531193373216,1332538,0.00000653,166.00000000,0
1531193373231,1531193373228,1332539,0.00000653,1531.00000000,0
1531193373242,1531193373237,1332540,0.00000653,1075.00000000,0
1531193373248,1531193373244,1332541,0.00000653,2150.00000000,0
1531193373268,1531193373263,1332542,0.00000652,5820.00000000,1
1531193373268,1531193373263,1332543,0.00000651,4361.00000000,1
1531193373292,1531193373288,1332544,0.00000652,4361.00000000,0
1531193373336,1531193373331,1332545,0.00000652,4361.00000000,0
1531193373424,1531193373421,1332546,0.00000651,2147.00000000,1
1531193373903,1531193373898,1332547,0.00000652,15230.00000000,0
1531193392107,1531193392102,1332548,0.00000653,166.00000000,0
1531193392433,1531193392428,1332549,0.00000653,2.00000000,0
1531193404202,1531193404196,1332550,0.00000652,107.00000000,1
1531193421056,1531193421053,1332551,0.00000652,299.00000000,0
1531193421450,1531193421444,1332552,0.00000652,8816.00000000,0
1531193429198,1531193429192,1332553,0.00000652,3453.00000000,1
1531193429198,1531193429192,1332554,0.00000651,6214.00000000,1
1531193429691,1531193429686,1332555,0.00000653,146.00000000,0
1531193429941,1531193429936,1332556,0.00000651,100.00000000,1
1531193432355,1531193432350,1332557,0.00000650,6811.00000000,1
1531193432355,1531193432350,1332558,0.00000650,1532.00000000,1
1531193432355,1531193432350,1332559,0.00000650,4147.00000000,1
1531193432355,1531193432350,1332560,0.00000650,2088.00000000,1
1531193435553,1531193435550,1332561,0.00000650,8320.00000000,1
1531193436078,1531193436075,1332562,0.00000651,212.00000000,0
1531193450357,1531193450353,1332563,0.00000650,1244.00000000,1
1531193452770,1531193452764,1332564,0.00000653,128.00000000,0
1531193459403,1531193459398,1332565,0.00000650,885.00000000,1
1531193459641,1531193459636,1332566,0.00000650,595.00000000,1
1531193459906,1531193459900,1332567,0.00000650,902.00000000,1
1531193460974,1531193460971,1332568,0.00000650,902.00000000,1
1531193465135,1531193465131,1332569,0.00000652,247.00000000,0
1531193490322,1531193490318,1332570,0.00000652,367.00000000,0
1531193511391,1531193511386,1332571,0.00000652,481.00000000,1
1531193513010,1531193513004,1332572,0.00000653,16164.00000000,0
1531193513085,1531193513080,1332573,0.00000653,816.00000000,1
1531193513110,1531193513105,1332574,0.00000653,2012.00000000,1
1531193642565,1531193642561,1332575,0.00000654,1529.00000000,0
1531193665183,1531193665179,1332576,0.00000654,447.00000000,0
1531193666176,1531193666169,1332577,0.00000654,167.00000000,0
1531193708926,1531193708922,1332578,0.00000656,51.00000000,0
1531193992093,1531193992087,1332579,0.00000656,6.00000000,0
1531194161882,1531194161878,1332580,0.00000656,67.00000000,0
1531194164634,1531194164628,1332581,0.00000656,1.00000000,0
1531194202209,1531194202204,1332582,0.00000656,2.00000000,0
1531194257109,1531194257107,1332583,0.00000656,20.00000000,0
1531194724190,1531194724184,1332584,0.00000652,861.00000000,1
1531194822986,1531194822980,1332585,0.00000652,3098.00000000,1
1531194824274,1531194824269,1332586,0.00000652,2487.00000000,0
1531194884248,1531194884244,1332587,0.00000651,156.00000000,1
1531194901182,1531194901165,1332588,0.00000652,167.00000000,0
1531195050910,1531195050906,1332589,0.00000651,660.00000000,1
1531195050950,1531195050946,1332590,0.00000652,8296.00000000,0
1531195137102,1531195137097,1332591,0.00000654,1376.00000000,0
1531195184027,1531195184022,1332592,0.00000654,507.00000000,0
1531195380408,1531195380405,1332593,0.00000655,124.00000000,0
1531195560595,1531195560590,1332594,0.00000655,1.00000000,0
1531195595636,1531195595633,1332595,0.00000655,7.00000000,0
1531195989792,1531195989786,1332596,0.00000652,753.00000000,1
1531196064341,1531196064335,1332597,0.00000652,627.00000000,1
1531196064341,1531196064335,1332598,0.00000651,412.00000000,1
1531196079110,1531196079104,1332599,0.00000654,5347.00000000,0
1531196079141,1531196079137,1332600,0.00000655,29.00000000,0
1531196082142,1531196082137,1332601,0.00000655,1.00000000,0
1531196096112,1531196096088,1332602,0.00000655,154.00000000,0
1531196133237,1531196133232,1332603,0.00000654,155.00000000,1
1531196171586,1531196171580,1332604,0.00000654,1862.00000000,1
1531196584402,1531196584396,1332605,0.00000654,2.00000000,0
1531196796758,1531196796753,1332606,0.00000652,721.00000000,0
1531196798116,1531196798112,1332607,0.00000653,167.00000000,0
1531197069862,1531197069859,1332608,0.00000653,16.00000000,0
1531197121212,1531197121208,1332609,0.00000653,980.00000000,0
1531197177274,1531197177270,1332610,0.00000653,2.00000000,0
1531197327579,1531197327574,1332611,0.00000655,6.00000000,0
1531197485836,1531197485831,1332612,0.00000655,18.00000000,0
1531197498213,1531197498208,1332613,0.00000655,2941.00000000,0
1531197504897,1531197504892,1332614,0.00000656,4680.00000000,1
1531197679147,1531197679143,1332615,0.00000657,5.00000000,0
1531197716500,1531197716496,1332616,0.00000653,634.00000000,1
1531197716511,1531197716509,1332617,0.00000653,1096.00000000,0
1531197716517,1531197716513,1332618,0.00000653,1096.00000000,0
1531197716557,1531197716555,1332619,0.00000653,1096.00000000,0
1531197717173,1531197717170,1332620,0.00000653,166.00000000,0
1531197721594,1531197721590,1332621,0.00000653,14.00000000,0
1531197781040,1531197781035,1332622,0.00000652,7227.00000000,1
1531197784139,1531197784135,1332623,0.00000652,167.00000000,0
1531197796365,1531197796361,1332624,0.00000652,20.00000000,0
1531197817755,1531197817751,1332625,0.00000652,153.00000000,0
1531197820111,1531197820106,1332626,0.00000651,7725.00000000,1
1531197858857,1531197858854,1332627,0.00000651,444.00000000,0
1531197879834,1531197879828,1332628,0.00000654,166.00000000,0
1531197880841,1531197880836,1332629,0.00000654,166.00000000,0
1531197892534,1531197892534,1332630,0.00000654,1.00000000,0
1531198984670,1531198984665,1332631,0.00000654,7185.00000000,0
1531198986090,1531198986085,1332632,0.00000657,265.00000000,0
1531199144696,1531199144691,1332633,0.00000657,1.00000000,0
1531199152236,1531199152234,1332634,0.00000654,167.00000000,1
1531199267589,1531199267585,1332635,0.00000654,3.00000000,1
1531199286698,1531199286693,1332636,0.00000654,2176.00000000,1
1531199455538,1531199455535,1332637,0.00000656,4225.00000000,0
1531199541488,1531199541483,1332638,0.00000656,383.00000000,0
1531199543259,1531199543255,1332639,0.00000656,921.00000000,1
1531199544901,1531199544888,1332640,0.00000656,1210.00000000,1
1531199577090,1531199577084,1332641,0.00000654,5730.00000000,1
1531199577114,1531199577111,1332642,0.00000654,167.00000000,0
1531199605151,1531199605149,1332643,0.00000654,167.00000000,0
1531199652233,1531199652227,1332644,0.00000653,425.00000000,1
1531199652233,1531199652227,1332645,0.00000652,9.00000000,1
1531199670961,1531199670956,1332646,0.00000654,1.00000000,0
1531199701325,1531199701321,1332647,0.00000653,12.00000000,0
1531199710020,1531199710015,1332648,0.00000652,155.00000000,1
1531199727357,1531199727352,1332649,0.00000652,14.00000000,1
1531199727400,1531199727397,1332650,0.00000652,1487.00000000,0
1531199727822,1531199727819,1332651,0.00000652,1352.00000000,0
1531199747084,1531199747080,1332652,0.00000651,1889.00000000,0
1531199747172,1531199747169,1332653,0.00000651,168.00000000,0
1531199747887,1531199747883,1332654,0.00000650,2846.00000000,1
1531199761370,1531199761364,1332655,0.00000650,96374.00000000,1
1531199766877,1531199766876,1332656,0.00000650,1611.00000000,0
1531199772007,1531199772003,1332657,0.00000649,1492.00000000,1
1531199773540,1531199773535,1332658,0.00000650,32.00000000,0
1531199790243,1531199790239,1332659,0.00000651,563.00000000,0
1531199790458,1531199790453,1332660,0.00000651,112.00000000,1
1531199790458,1531199790453,1332661,0.00000649,141.00000000,1
1531199790458,1531199790453,1332662,0.00000648,479.00000000,1
1531199790458,1531199790453,1332663,0.00000647,347.00000000,1
1531199790462,1531199790461,1332664,0.00000647,51.00000000,1
1531199795381,1531199795375,1332665,0.00000649,723.00000000,0
1531199811121,1531199811118,1332666,0.00000651,167.00000000,0
1531199812172,1531199812172,1332667,0.00000648,162.00000000,1
1531199812711,1531199812707,1332668,0.00000647,226.00000000,1
1531199823578,1531199823575,1332669,0.00000647,171.00000000,1
1531199824605,1531199824600,1332670,0.00000647,619.00000000,1
1531199825493,1531199825488,1332671,0.00000648,88.00000000,0
1531199825493,1531199825488,1332672,0.00000651,34.00000000,0
1531199825620,1531199825615,1332673,0.00000651,48.00000000,0
1531199841001,1531199840994,1332674,0.00000647,552.00000000,1
1531199854184,1531199854181,1332675,0.00000647,157.00000000,1
1531199857414,1531199857409,1332676,0.00000647,1601.00000000,1
1531199857444,1531199857438,1332677,0.00000647,788.00000000,0
1531199859257,1531199859252,1332678,0.00000647,191.00000000,0
1531199860699,1531199860693,1332679,0.00000647,750.00000000,0
1531199862702,1531199862697,1332680,0.00000647,832.00000000,0
1531199878064,1531199878059,1332681,0.00000647,509.00000000,0
1531199880063,1531199880059,1332682,0.00000647,679.00000000,0
1531199886947,1531199886939,1332683,0.00000646,1331.00000000,1
1531199886947,1531199886939,1332684,0.00000645,2853.00000000,1
1531199886947,1531199886939,1332685,0.00000644,156.00000000,1
1531199886947,1531199886939,1332686,0.00000643,1395.00000000,1
1531199886947,1531199886939,1332687,0.00000642,1987.00000000,1
1531199886947,1531199886939,1332688,0.00000641,1574.00000000,1
1531199886968,1531199886965,1332689,0.00000644,2985.00000000,0
1531199886976,1531199886972,1332690,0.00000644,15508.00000000,0
1531199886993,1531199886987,1332691,0.00000644,191.00000000,0
1531199887008,1531199887004,1332692,0.00000644,1762.00000000,0
1531199887520,1531199887516,1332693,0.00000644,10147.00000000,0
1531199891582,1531199891577,1332694,0.00000644,619.00000000,0
1531199893840,1531199893838,1332695,0.00000644,1.00000000,0
1531199898240,1531199898234,1332696,0.00000644,51.00000000,0
1531199898434,1531199898398,1332697,0.00000644,139.00000000,0
1531199912674,1531199912669,1332698,0.00000643,9350.00000000,1
1531199912674,1531199912669,1332699,0.00000642,1304.00000000,1
1531199912848,1531199912842,1332700,0.00000642,5120.00000000,0
1531199913710,1531199913706,1332701,0.00000642,157.00000000,0
1531199913776,1531199913770,1332702,0.00000641,7.00000000,1
1531199915688,1531199915683,1332703,0.00000642,2102.00000000,0
1531199918165,1531199918160,1332704,0.00000641,1372.00000000,1
1531199918977,1531199918975,1332705,0.00000642,136.00000000,0
1531199919021,1531199919015,1332706,0.00000642,137.00000000,0
1531199919044,1531199919040,1332707,0.00000642,146.00000000,0
1531199919167,1531199919163,1332708,0.00000642,102.00000000,0
1531199927127,1531199927125,1332709,0.00000641,1.00000000,1
1531199927777,1531199927773,1332710,0.00000641,582.00000000,1
1531199929417,1531199929413,1332711,0.00000641,582.00000000,1
1531199934148,1531199934146,1332712,0.00000641,158.00000000,1
1531199934322,1531199934317,1332713,0.00000641,999.00000000,1
1531199934473,1531199934470,1332714,0.00000641,1261.00000000,1
1531199938747,1531199938741,1332715,0.00000641,699.00000000,1
1531199938869,1531199938864,1332716,0.00000641,333.00000000,1
1531199939042,1531199939036,1332717,0.00000641,342.00000000,1
1531199939558,1531199939555,1332718,0.00000641,287.00000000,1
1531199939558,1531199939555,1332719,0.00000640,295.00000000,1
1531199939561,1531199939555,1332720,0.00000640,3816.00000000,1
1531199939561,1531199939555,1332721,0.00000638,26184.00000000,1
1531199939563,1531199939555,1332722,0.00000638,2663.00000000,1
1531199939563,1531199939555,1332723,0.00000637,12365.00000000,1
1531199939563,1531199939555,1332724,0.00000641,500.00000000,1
1531199939564,1531199939555,1332725,0.00000637,754.00000000,1
1531199939579,1531199939573,1332726,0.00000640,175.00000000,0
1531199939933,1531199939928,1332727,0.00000637,333.00000000,1
1531199940489,1531199940485,1332728,0.00000639,333.00000000,1
1531199941390,1531199941385,1332729,0.00000639,333.00000000,1
1531199944209,1531199944204,1332730,0.00000641,130.00000000,0
1531199946061,1531199946056,1332731,0.00000641,169.00000000,0
1531199947048,1531199947048,1332732,0.00000641,306.00000000,0
1531199948549,1531199948544,1332733,0.00000639,4836.00000000,1
1531199948566,1531199948563,1332734,0.00000639,4639.00000000,0
1531199948575,1531199948570,1332735,0.00000639,14000.00000000,0
1531199948584,1531199948580,1332736,0.00000639,14002.00000000,0
1531199948594,1531199948592,1332737,0.00000639,4639.00000000,0
1531199948602,1531199948602,1332738,0.00000638,203.00000000,1
1531199948602,1531199948602,1332739,0.00000637,1264.00000000,1
1531199948610,1531199948604,1332740,0.00000637,19697.00000000,1
1531199948610,1531199948604,1332741,0.00000636,5585.00000000,1
1531199948610,1531199948604,1332742,0.00000636,1635.00000000,1
1531199948620,1531199948615,1332743,0.00000636,712.00000000,1
1531199948629,1531199948624,1332744,0.00000636,2551.00000000,1
1531199949189,1531199949187,1332745,0.00000639,1588.00000000,0
1531199950310,1531199950304,1332746,0.00000639,55.00000000,0
1531199953450,1531199953446,1332747,0.00000637,1436.00000000,1
1531199953604,1531199953598,1332748,0.00000637,318.00000000,1
1531199953624,1531199953619,1332749,0.00000637,159.00000000,1
1531199955258,1531199955256,1332750,0.00000639,11633.00000000,0
1531199955766,1531199955761,1332751,0.00000637,191.00000000,1
1531199957022,1531199957019,1332752,0.00000638,5836.00000000,0
1531199963837,1531199963837,1332753,0.00000638,1765.00000000,0
1531199969578,1531199969572,1332754,0.00000638,2394.00000000,0
1531199974720,1531199974715,1332755,0.00000637,159.00000000,1
1531199993570,1531199993564,1332756,0.00000637,254.00000000,1
1531199993684,1531199993679,1332757,0.00000637,173.00000000,1
1531199993937,1531199993935,1332758,0.00000637,1230.00000000,0
1531200004159,1531200004155,1332759,0.00000637,628.00000000,0
1531200005161,1531200005156,1332760,0.00000637,173.00000000,0
1531200010082,1531200010078,1332761,0.00000637,1246.00000000,0
1531200014085,1531200014079,1332762,0.00000636,159.00000000,1
1531200038063,1531200038059,1332763,0.00000638,170.00000000,0
1531200072434,1531200072429,1332764,0.00000638,391.00000000,0
1531200073133,1531200073131,1332765,0.00000638,391.00000000,0
1531200119249,1531200119246,1332766,0.00000637,4.00000000,0
1531200120151,1531200120146,1332767,0.00000637,767.00000000,0
1531200131740,1531200131734,1332768,0.00000637,1917.00000000,0
1531200165571,1531200165567,1332769,0.00000636,14069.00000000,1
1531200172339,1531200172337,1332770,0.00000637,1.00000000,0
1531200192327,1531200192323,1332771,0.00000637,1.00000000,0
1531200216020,1531200216017,1332772,0.00000637,1269.00000000,1
1531200260542,1531200260537,1332773,0.00000637,4585.00000000,1
1531200274284,1531200274281,1332774,0.00000638,5481.00000000,0
1531200281360,1531200281355,1332775,0.00000638,22.00000000,0
1531200285133,1531200285128,1332776,0.00000637,6763.00000000,1
1531200285162,1531200285158,1332777,0.00000637,3782.00000000,0
1531200301212,1531200301208,1332778,0.00000636,663.00000000,1
1531200320360,1531200320355,1332779,0.00000636,7872.00000000,1
1531200327451,1531200327446,1332780,0.00000636,39033.00000000,1
1531200341158,1531200341154,1332781,0.00000637,466.00000000,0
1531200362063,1531200362059,1332782,0.00000638,252.00000000,0
1531200385146,1531200385147,1332783,0.00000636,227.00000000,1
1531200407113,1531200407108,1332784,0.00000637,629.00000000,0
1531200430150,1531200430145,1332785,0.00000636,492.00000000,1
1531200544484,1531200544477,1332786,0.00000638,28312.00000000,0
1531200544484,1531200544477,1332787,0.00000639,2398.00000000,0
1531200577474,1531200577470,1332788,0.00000639,181.00000000,1
1531200594638,1531200594633,1332789,0.00000639,170.00000000,1
1531200642174,1531200642175,1332790,0.00000639,170.00000000,1
1531200718135,1531200718131,1332791,0.00000640,170.00000000,0
1531200737039,1531200737032,1332792,0.00000640,10242.00000000,0
1531200747343,1531200747338,1332793,0.00000639,247.00000000,1
1531200845211,1531200845214,1332794,0.00000639,171.00000000,0
1531200875607,1531200875603,1332795,0.00000639,970.00000000,0
1531200888485,1531200888480,1332796,0.00000639,4383.00000000,0
1531200910675,1531200910670,1332797,0.00000639,69.00000000,0
1531200916148,1531200916151,1332798,0.00000639,759.00000000,0
1531200916204,1531200916202,1332799,0.00000639,729.00000000,0
1531200916272,1531200916268,1332800,0.00000639,979.00000000,0
1531200916281,1531200916276,1332801,0.00000639,1564.00000000,0
1531200916304,1531200916299,1332802,0.00000639,312.00000000,0
1531200916323,1531200916319,1332803,0.00000639,469.00000000,0
1531200916541,1531200916536,1332804,0.00000640,2122.00000000,0
1531200916541,1531200916536,1332805,0.00000641,5702.00000000,0
1531200916804,1531200916802,1332806,0.00000641,306.00000000,0
1531200943095,1531200943094,1332807,0.00000641,158.00000000,0
1531200943708,1531200943705,1332808,0.00000639,2145.00000000,1
1531200944124,1531200944122,1332809,0.00000639,402.00000000,1
1531201023192,1531201023186,1332810,0.00000639,151.00000000,1
1531201056461,1531201056457,1332811,0.00000639,632.00000000,1
1531201063201,1531201063196,1332812,0.00000638,1221.00000000,1
1531201117303,1531201117299,1332813,0.00000638,1076.00000000,1
1531201140238,1531201140235,1332814,0.00000638,280.00000000,1
1531201159027,1531201159026,1332815,0.00000638,502.00000000,1
1531201159119,1531201159116,1332816,0.00000638,447.00000000,0
1531201163260,1531201163254,1332817,0.00000639,116.00000000,0
1531201166282,1531201166279,1332818,0.00000639,1.00000000,0
1531201204056,1531201204052,1332819,0.00000637,248.00000000,1
1531201224877,1531201224874,1332820,0.00000637,159.00000000,1
1531201230542,1531201230538,1332821,0.00000637,239.00000000,1
1531201262778,1531201262775,1332822,0.00000639,216.00000000,0
1531201265782,1531201265777,1332823,0.00000639,1.00000000,0
1531201294185,1531201294181,1332824,0.00000639,167.00000000,0
1531201310216,1531201310213,1332825,0.00000639,5.00000000,0
1531201339752,1531201339750,1332826,0.00000639,1.00000000,0
1531201518947,1531201518941,1332827,0.00000640,1406.00000000,0
1531201524284,1531201524281,1332828,0.00000640,127.00000000,0
1531201530188,1531201530186,1332829,0.00000640,1000.00000000,0
1531201618926,1531201618921,1332830,0.00000639,551.00000000,0
1531201717108,1531201717110,1332831,0.00000640,405.00000000,0
1531201726815,1531201726810,1332832,0.00000639,1586.00000000,1
1531201740063,1531201740059,1332833,0.00000637,171.00000000,1
1531201761700,1531201761694,1332834,0.00000639,16758.00000000,0
1531201761700,1531201761694,1332835,0.00000640,42690.00000000,0
1531201761700,1531201761694,1332836,0.00000642,14913.00000000,0
1531201860428,1531201860423,1332837,0.00000640,1251.00000000,1
1531201933244,1531201933241,1332838,0.00000640,170.00000000,1
1531201941425,1531201941419,1332839,0.00000640,2395.00000000,1
1531201941438,1531201941436,1332840,0.00000640,1652.00000000,1
1531201944708,1531201944702,1332841,0.00000639,1536.00000000,1
1531202001964,1531202001960,1332842,0.00000642,1401.00000000,0
1531202136829,1531202136825,1332843,0.00000640,36610.00000000,1
1531202152878,1531202152878,1332844,0.00000640,930.00000000,1
1531202152917,1531202152912,1332845,0.00000640,1116.00000000,0
1531202234566,1531202234562,1332846,0.00000640,168.00000000,0
1531202250469,1531202250463,1332847,0.00000640,119.00000000,0
1531202293318,1531202293315,1332848,0.00000640,157.00000000,0
1531202335229,1531202335225,1332849,0.00000638,172.00000000,1
1531202450183,1531202450187,1332850,0.00000638,205.00000000,1
1531202495783,1531202495781,1332851,0.00000638,171.00000000,1
1531202609846,1531202609841,1332852,0.00000638,4157.00000000,1
1531202615511,1531202615514,1332853,0.00000640,114.00000000,0
1531202621627,1531202621625,1332854,0.00000640,83.00000000,0
1531202659600,1531202659595,1332855,0.00000638,159.00000000,1
1531202674349,1531202674348,1332856,0.00000638,5479.00000000,1
1531202750416,1531202750405,1332857,0.00000640,4.00000000,0
1531202829968,1531202829966,1332858,0.00000640,45.00000000,0
1531202833893,1531202833889,1332859,0.00000640,305.00000000,0
1531202841430,1531202841427,1332860,0.00000638,638.00000000,1
1531202881842,1531202881840,1332861,0.00000640,131.00000000,0
1531202886965,1531202886961,1332862,0.00000640,137.00000000,0
1531202905264,1531202905260,1332863,0.00000640,1557.00000000,0
1531202979658,1531202979656,1332864,0.00000638,700.00000000,1
1531203009004,1531203009001,1332865,0.00000639,1564.00000000,0
1531203053515,1531203053511,1332866,0.00000638,200.00000000,1
1531203053612,1531203053611,1332867,0.00000638,1357.00000000,1
1531203104104,1531203104101,1332868,0.00000639,1564.00000000,0
1531203288693,1531203288692,1332869,0.00000640,22.00000000,0
1531203313090,1531203313086,1332870,0.00000639,360.00000000,1
1531203313862,1531203313859,1332871,0.00000639,1.00000000,1
1531203313862,1531203313859,1332872,0.00000638,1075.00000000,1
1531203314897,1531203314893,1332873,0.00000638,698.00000000,1
1531203314980,1531203314979,1332874,0.00000638,17.00000000,1
1531203641473,1531203641469,1332875,0.00000640,10003.00000000,0
1531203696075,1531203696070,1332876,0.00000640,3767.00000000,1
1531203696163,1531203696159,1332877,0.00000639,2000.00000000,1
1531203696163,1531203696159,1332878,0.00000638,6413.00000000,1
1531203732237,1531203732232,1332879,0.00000640,312.00000000,1
1531203732237,1531203732232,1332880,0.00000638,2660.00000000,1
1531203732274,1531203732274,1332881,0.00000637,1021.00000000,1
1531203732274,1531203732274,1332882,0.00000636,4459.00000000,1
1531203732274,1531203732274,1332883,0.00000635,1679.00000000,1
1531203732274,1531203732274,1332884,0.00000634,2351.00000000,1
1531203732274,1531203732274,1332885,0.00000633,3036.00000000,1
1531203732370,1531203732366,1332886,0.00000632,2646.00000000,1
1531203732820,1531203732816,1332887,0.00000635,312.00000000,0
1531203732845,1531203732842,1332888,0.00000635,906.00000000,0
1531203735224,1531203735219,1332889,0.00000636,108.00000000,0
1531203735248,1531203735245,1332890,0.00000636,100.00000000,0
1531203750678,1531203750675,1332891,0.00000634,1.00000000,0
1531203751322,1531203751317,1332892,0.00000633,1418.00000000,1
1531203752896,1531203752893,1332893,0.00000634,7.00000000,0
1531203759537,1531203759533,1332894,0.00000633,1420.00000000,1
1531203770993,1531203770971,1332895,0.00000633,1555.00000000,1
1531203776762,1531203776757,1332896,0.00000633,1633.00000000,1
1531203777765,1531203777762,1332897,0.00000633,9771.00000000,1
1531203778395,1531203778391,1332898,0.00000634,157.00000000,0
1531203780557,1531203780553,1332899,0.00000631,1540.00000000,1
1531203782869,1531203782866,1332900,0.00000633,167.00000000,0
1531203782906,1531203782902,1332901,0.00000633,58.00000000,0
1531203782941,1531203782936,1332902,0.00000633,134.00000000,0
1531203783027,1531203783023,1332903,0.00000633,140.00000000,0
1531203783071,1531203783072,1332904,0.00000633,168.00000000,0
1531203783155,1531203783152,1332905,0.00000633,135.00000000,0
1531203789667,1531203789662,1332906,0.00000631,161.00000000,1
1531203789869,1531203789866,1332907,0.00000631,161.00000000,1
1531203790639,1531203790634,1332908,0.00000631,1281.00000000,1
1531203796410,1531203796405,1332909,0.00000632,146.00000000,0
1531203796435,1531203796433,1332910,0.00000632,139.00000000,0
1531203814385,1531203814385,1332911,0.00000631,914.00000000,1
1531203814848,1531203814843,1332912,0.00000631,18.00000000,1
1531203818692,1531203818688,1332913,0.00000630,388.00000000,1
1531203818694,1531203818688,1332914,0.00000630,3003.00000000,1
1531203818694,1531203818688,1332915,0.00000629,204.00000000,1
1531203818716,1531203818712,1332916,0.00000630,178.00000000,0
1531203837917,1531203837917,1332917,0.00000629,686.00000000,1
1531203837917,1531203837917,1332918,0.00000628,319.00000000,1
1531203837917,1531203837917,1332919,0.00000627,389.00000000,1
1531203854510,1531203854507,1332920,0.00000630,9.00000000,1
1531203891325,1531203891320,1332921,0.00000630,257.00000000,1
1531203898525,1531203898521,1332922,0.00000632,250.00000000,0
1531203924901,1531203924897,1332923,0.00000632,350.00000000,0
1531203965738,1531203965735,1332924,0.00000632,15.00000000,0
1531204109851,1531204109848,1332925,0.00000630,400.00000000,1
1531204248914,1531204248910,1332926,0.00000630,1082.00000000,1
1531204263048,1531204263044,1332927,0.00000630,646.00000000,1
1531204384193,1531204384189,1332928,0.00000630,2146.00000000,1
1531204385222,1531204385219,1332929,0.00000631,7606.00000000,1
1531204406128,1531204406124,1332930,0.00000629,633.00000000,1
1531204406128,1531204406124,1332931,0.00000628,175.00000000,1
1531204406128,1531204406124,1332932,0.00000627,126.00000000,1
1531204422726,1531204422722,1332933,0.00000631,126.00000000,0
1531204440565,1531204440561,1332934,0.00000627,1432.00000000,1
1531204449295,1531204449291,1332935,0.00000630,115.00000000,0
1531204466667,1531204466663,1332936,0.00000630,350.00000000,0
1531204496133,1531204496129,1332937,0.00000627,162.00000000,1
1531204512209,1531204512206,1332938,0.00000627,177.00000000,1
1531204549134,1531204549131,1332939,0.00000627,914.00000000,1
1531204596683,1531204596679,1332940,0.00000630,26.00000000,0
1531204619473,1531204619468,1332941,0.00000630,4762.00000000,0
1531204629017,1531204629012,1332942,0.00000630,12323.00000000,0
1531204629051,1531204629046,1332943,0.00000630,7456.00000000,1
1531204634061,1531204634058,1332944,0.00000630,2270.00000000,1
1531204635774,1531204635770,1332945,0.00000632,316.00000000,0
1531204789596,1531204789594,1332946,0.00000632,35.00000000,0
1531204807131,1531204807127,1332947,0.00000628,1432.00000000,1
1531204807186,1531204807183,1332948,0.00000628,170.00000000,0
1531204810400,1531204810397,1332949,0.00000628,62.00000000,0
1531204810450,1531204810446,1332950,0.00000628,107.00000000,0
1531204812167,1531204812162,1332951,0.00000628,955.00000000,0
1531204812376,1531204812371,1332952,0.00000628,4296.00000000,0
1531204812376,1531204812371,1332953,0.00000632,3665.00000000,0
1531204942095,1531204942091,1332954,0.00000632,13.00000000,0
1531204989497,1531204989495,1332955,0.00000630,67.00000000,1
1531205045713,1531205045711,1332956,0.00000632,290.00000000,0
1531205104196,1531205104192,1332957,0.00000632,296.00000000,0
1531205253898,1531205253893,1332958,0.00000630,1313.00000000,1
1531205253898,1531205253893,1332959,0.00000628,1275.00000000,1
1531205253898,1531205253893,1332960,0.00000627,2412.00000000,1
1531205304400,1531205304396,1332961,0.00000628,161.00000000,1
1531205324084,1531205324080,1332962,0.00000627,1346.00000000,1
1531205613170,1531205613166,1332963,0.00000627,591.00000000,1
1531205633723,1531205633719,1332964,0.00000631,1268.00000000,0
1531205633723,1531205633719,1332965,0.00000632,316.00000000,0
1531205643703,1531205643701,1332966,0.00000629,1429.00000000,1
1531205643711,1531205643708,1332967,0.00000628,1429.00000000,1
1531205670105,1531205670102,1332968,0.00000628,123.00000000,1
1531205709421,1531205709417,1332969,0.00000627,162.00000000,1
1531205739712,1531205739707,1332970,0.00000627,6336.00000000,1
1531205765854,1531205765852,1332971,0.00000627,4247.00000000,1
1531206052925,1531206052921,1332972,0.00000629,1647.00000000,0
1531206092131,1531206092127,1332973,0.00000629,66.00000000,0
1531206093422,1531206093419,1332974,0.00000629,2231.00000000,1
1531206100868,1531206100865,1332975,0.00000629,979.00000000,1
1531206109802,1531206109797,1332976,0.00000630,2184.00000000,0
1531206154534,1531206154531,1332977,0.00000630,161.00000000,1
1531206264309,1531206264307,1332978,0.00000630,405.00000000,1
1531206290125,1531206290122,1332979,0.00000630,680.00000000,1
1531206357089,1531206357086,1332980,0.00000632,2.00000000,0
1531206427934,1531206427931,1332981,0.00000632,8.00000000,0
1531206430935,1531206430932,1332982,0.00000632,1.00000000,0
1531206550403,1531206550400,1332983,0.00000632,8975.00000000,0
1531206550403,1531206550400,1332984,0.00000633,1025.00000000,0
1531206727613,1531206727609,1332985,0.00000633,699.00000000,0
1531206727613,1531206727609,1332986,0.00000634,412.00000000,0
1531206727613,1531206727609,1332987,0.00000635,1293.00000000,0
1531206864450,1531206864449,1332988,0.00000635,36.00000000,0
1531206867644,1531206867641,1332989,0.00000635,1.00000000,0
1531206926352,1531206926349,1332990,0.00000631,284.00000000,1
1531207120848,1531207120845,1332991,0.00000635,6043.00000000,0
1531207120872,1531207120871,1332992,0.00000635,4457.00000000,1
1531207120879,1531207120876,1332993,0.00000635,601.00000000,1
1531207120890,1531207120887,1332994,0.00000635,1076.00000000,1
1531207120936,1531207120934,1332995,0.00000635,550.00000000,1
1531207131136,1531207131132,1332996,0.00000635,443.00000000,1
1531207134166,1531207134163,1332997,0.00000636,1584.00000000,0
1531207158006,1531207158004,1332998,0.00000635,2648.00000000,1
1531207158006,1531207158004,1332999,0.00000632,7128.00000000,1
1531207158006,1531207158004,1333000,0.00000631,7311.00000000,1
1531207164838,1531207164835,1333001,0.00000635,159.00000000,0
1531207224668,1531207224666,1333002,0.00000633,160.00000000,1
1531207235837,1531207235834,1333003,0.00000634,1266.00000000,0
1531207270179,1531207270176,1333004,0.00000634,303.00000000,1
1531207361312,1531207361309,1333005,0.00000634,762.00000000,1
1531207465241,1531207465238,1333006,0.00000634,333.00000000,1
1531207475200,1531207475197,1333007,0.00000637,661.00000000,0
1531207475200,1531207475197,1333008,0.00000638,219.00000000,0
1531207475200,1531207475197,1333009,0.00000639,689.00000000,0
1531207492261,1531207492259,1333010,0.00000634,336.00000000,1
1531207513255,1531207513252,1333011,0.00000639,18.00000000,0
1531207529877,1531207529874,1333012,0.00000634,5498.00000000,1
1531207862111,1531207862107,1333013,0.00000633,630.00000000,1
1531207904089,1531207904080,1333014,0.00000633,5916.00000000,0
1531207904089,1531207904080,1333015,0.00000634,12225.00000000,0
1531207904089,1531207904080,1333016,0.00000636,2207.00000000,0
1531207904089,1531207904080,1333017,0.00000638,1367.00000000,0
1531207904089,1531207904080,1333018,0.00000639,16551.00000000,0
1531207904089,1531207904080,1333019,0.00000640,8120.00000000,0
1531207904089,1531207904080,1333020,0.00000642,12580.00000000,0
1531207904089,1531207904080,1333021,0.00000643,867.00000000,0
1531207904089,1531207904080,1333022,0.00000644,15007.00000000,0
1531207904089,1531207904080,1333023,0.00000646,403.00000000,0
1531207904089,1531207904080,1333024,0.00000647,8902.00000000,0
1531207905183,1531207905179,1333025,0.00000636,954.00000000,1
1531207905183,1531207905179,1333026,0.00000635,131.00000000,1
1531207906201,1531207906198,1333027,0.00000637,784.00000000,1
1531207907120,1531207907117,1333028,0.00000637,4650.00000000,1
1531207907880,1531207907876,1333029,0.00000645,784.00000000,0
1531207907895,1531207907892,1333030,0.00000645,350.00000000,1
1531207907947,1531207907945,1333031,0.00000645,498.00000000,1
1531207908142,1531207908141,1333032,0.00000637,3698.00000000,1
1531207925012,1531207925008,1333033,0.00000637,954.00000000,1
1531207931663,1531207931659,1333034,0.00000639,158.00000000,0
1531207932742,1531207932739,1333035,0.00000639,129.00000000,0
1531207933505,1531207933502,1333036,0.00000640,29.00000000,1
1531207968462,1531207968457,1333037,0.00000638,925.00000000,0
1531207968462,1531207968457,1333038,0.00000639,8348.00000000,0
1531207968462,1531207968457,1333039,0.00000641,1617.00000000,0
1531207968462,1531207968457,1333040,0.00000642,3677.00000000,0
1531207968462,1531207968457,1333041,0.00000645,350.00000000,0
1531207968462,1531207968457,1333042,0.00000646,1692.00000000,0
1531207968462,1531207968457,1333043,0.00000647,4347.00000000,0
1531207976052,1531207976050,1333044,0.00000645,295.00000000,0
1531207995358,1531207995354,1333045,0.00000644,156.00000000,0
1531208092035,1531208092031,1333046,0.00000639,2578.00000000,1
1531208092165,1531208092164,1333047,0.00000638,58.00000000,1
1531208093080,1531208093077,1333048,0.00000639,1826.00000000,0
1531208100053,1531208100050,1333049,0.00000638,316.00000000,1
1531208105459,1531208105456,1333050,0.00000638,11219.00000000,1
1531208105691,1531208105689,1333051,0.00000638,1995.00000000,0
1531208116838,1531208116836,1333052,0.00000637,398.00000000,1
1531208169186,1531208169183,1333053,0.00000637,30.00000000,1
1531208173970,1531208173967,1333054,0.00000637,159.00000000,1
1531208213792,1531208213788,1333055,0.00000637,198.00000000,1
1531208254124,1531208254120,1333056,0.00000635,1979.00000000,1
1531208261255,1531208261252,1333057,0.00000636,303.00000000,0
1531208269917,1531208269914,1333058,0.00000636,3518.00000000,0
1531208269917,1531208269914,1333059,0.00000638,7961.00000000,0
1531208398640,1531208398636,1333060,0.00000636,81.00000000,1
1531208559534,1531208559531,1333061,0.00000637,159.00000000,1
1531208589521,1531208589518,1333062,0.00000637,1.00000000,1
1531208639739,1531208639736,1333063,0.00000637,103.00000000,1
1531208881165,1531208881164,1333064,0.00000640,6332.00000000,0
1531208891704,1531208891700,1333065,0.00000640,307.00000000,1
1531208896791,1531208896788,1333066,0.00000640,500.00000000,1
1531208896847,1531208896843,1333067,0.00000640,307.00000000,1
1531208922051,1531208922048,1333068,0.00000641,158.00000000,0
1531208926148,1531208926146,1333069,0.00000640,1246.00000000,1
1531209039790,1531209039782,1333070,0.00000639,783.00000000,1
