event_time,trade_time,trade_id,price,quantity,maker
1531160272556,1531160272553,4999656,0.00000355,1564.00000000,0
1531160274173,1531160274168,4999657,0.00000355,282.00000000,0
1531160277241,1531160277238,4999658,0.00000354,30450.00000000,1
1531160277941,1531160277938,4999659,0.00000354,2854.00000000,1
1531160278081,1531160278080,4999660,0.00000354,856.00000000,1
1531160278096,1531160278093,4999661,0.00000354,1142.00000000,1
1531160278209,1531160278204,4999662,0.00000354,5707.00000000,1
1531160278537,1531160278535,4999663,0.00000354,856.00000000,1
1531160278584,1531160278581,4999664,0.00000354,2568.00000000,1
1531160278680,1531160278678,4999665,0.00000354,400.00000000,1
1531160278771,1531160278768,4999666,0.00000354,286.00000000,1
1531160283157,1531160283154,4999667,0.00000354,368.00000000,1
1531160284155,1531160284151,4999668,0.00000354,311.00000000,1
1531160284172,1531160284168,4999669,0.00000354,1074.00000000,1
1531160284540,1531160284537,4999670,0.00000354,10149.00000000,1
1531160287166,1531160287163,4999671,0.00000354,661.00000000,1
1531160288027,1531160288025,4999672,0.00000354,2345.00000000,1
1531160289701,1531160289699,4999673,0.00000354,3383.00000000,1
1531160294661,1531160294659,4999674,0.00000354,3383.00000000,1
1531160304996,1531160304993,4999675,0.00000355,100.00000000,0
1531160307459,1531160307455,4999676,0.00000354,3383.00000000,1
1531160307853,1531160307850,4999677,0.00000355,429.00000000,0
1531160310218,1531160310215,4999678,0.00000354,30453.00000000,1
1531160313166,1531160313162,4999679,0.00000354,10151.00000000,1
1531160316135,1531160316133,4999680,0.00000354,10151.00000000,1
1531160318575,1531160318572,4999681,0.00000354,7983.00000000,1
1531160320190,1531160320188,4999682,0.00000354,3384.00000000,1
1531160323072,1531160323069,4999683,0.00000354,3384.00000000,1
1531160325741,1531160325740,4999684,0.00000354,3384.00000000,1
1531160331833,1531160331831,4999685,0.00000354,1134.00000000,1
1531160334923,1531160334919,4999686,0.00000354,3557.00000000,1
1531160334923,1531160334919,4999687,0.00000353,855.00000000,1
1531160334926,1531160334919,4999688,0.00000353,82025.00000000,1
1531160334926,1531160334919,4999689,0.00000353,178138.00000000,1
1531160334926,1531160334919,4999690,0.00000353,22295.00000000,1
1531160337538,1531160337535,4999691,0.00000353,48.00000000,1
1531160340659,1531160340659,4999692,0.00000353,326.00000000,1
1531160341182,1531160341179,4999693,0.00000353,272.00000000,1
1531160341325,1531160341320,4999694,0.00000353,272.00000000,1
1531160341422,1531160341419,4999695,0.00000353,272.00000000,1
1531160341426,1531160341423,4999696,0.00000353,272.00000000,1
1531160344306,1531160344303,4999697,0.00000353,312.00000000,1
1531160344745,1531160344742,4999698,0.00000354,283.00000000,0
1531160344900,1531160344897,4999699,0.00000353,1956.00000000,1
1531160345761,1531160345758,4999700,0.00000353,1942.00000000,1
1531160348115,1531160348113,4999701,0.00000353,1315.00000000,1
1531160349961,1531160349958,4999702,0.00000353,48.00000000,1
1531160351493,1531160351490,4999703,0.00000353,1315.00000000,1
1531160352251,1531160352247,4999704,0.00000354,3293.00000000,0
1531160352425,1531160352422,4999705,0.00000354,3385.00000000,1
1531160356061,1531160356058,4999706,0.00000355,4396.00000000,0
1531160375641,1531160375640,4999707,0.00000354,3380.00000000,1
1531160379367,1531160379364,4999708,0.00000354,571.00000000,1
1531160380620,1531160380615,4999709,0.00000354,310.00000000,1
1531160403056,1531160403053,4999710,0.00000354,4966.00000000,1
1531160411953,1531160411950,4999711,0.00000354,1809.00000000,0
1531160414383,1531160414379,4999712,0.00000354,14084.00000000,0
1531160416132,1531160416128,4999713,0.00000354,338.00000000,0
1531160420189,1531160420186,4999714,0.00000354,2346.00000000,0
1531160426995,1531160426994,4999715,0.00000353,1315.00000000,1
1531160438393,1531160438390,4999716,0.00000353,300.00000000,1
1531160444246,1531160444241,4999717,0.00000354,338.00000000,0
1531160448023,1531160448019,4999718,0.00000354,2675.00000000,0
1531160506486,1531160506484,4999719,0.00000354,25246.00000000,0
1531160510388,1531160510383,4999720,0.00000353,2500.00000000,1
1531160534790,1531160534786,4999721,0.00000354,373.00000000,0
1531160548851,1531160548849,4999722,0.00000354,282.00000000,0
1531160576280,1531160576276,4999723,0.00000354,9700.00000000,0
1531160597726,1531160597723,4999724,0.00000354,13168.00000000,0
1531160609652,1531160609648,4999725,0.00000354,380.00000000,0
1531160617084,1531160617080,4999726,0.00000353,30527.00000000,1
1531160617179,1531160617178,4999727,0.00000353,10176.00000000,1
1531160620106,1531160620103,4999728,0.00000353,3392.00000000,1
1531160621684,1531160621680,4999729,0.00000353,3392.00000000,1
1531160623101,1531160623097,4999730,0.00000353,3392.00000000,1
1531160627417,1531160627414,4999731,0.00000353,3785.00000000,1
1531160628793,1531160628790,4999732,0.00000352,1346.00000000,1
1531160628795,1531160628790,4999733,0.00000352,98573.00000000,1
1531160628797,1531160628790,4999734,0.00000352,24215.00000000,1
1531160628797,1531160628790,4999735,0.00000352,840.00000000,1
1531160629637,1531160629635,4999736,0.00000352,8172.00000000,1
1531160630681,1531160630676,4999737,0.00000352,48.00000000,1
1531160632239,1531160632238,4999738,0.00000353,82.00000000,0
1531160633834,1531160633830,4999739,0.00000353,1024.00000000,0
1531160634509,1531160634505,4999740,0.00000353,377.00000000,0
1531160634853,1531160634850,4999741,0.00000352,48.00000000,1
1531160643608,1531160643602,4999742,0.00000352,30381.00000000,1
1531160643608,1531160643602,4999743,0.00000351,47937.00000000,1
1531160643609,1531160643602,4999744,0.00000351,432835.00000000,1
1531160643609,1531160643602,4999745,0.00000351,1000.00000000,1
1531160643609,1531160643602,4999746,0.00000351,8384.00000000,1
1531160645381,1531160645379,4999747,0.00000352,567.00000000,1
1531160646177,1531160646171,4999748,0.00000351,48430.00000000,1
1531160650034,1531160650034,4999749,0.00000351,48.00000000,1
1531160652383,1531160652378,4999750,0.00000351,1096.00000000,1
1531160652763,1531160652762,4999751,0.00000351,3.00000000,1
1531160657157,1531160657152,4999752,0.00000351,48.00000000,1
1531160663960,1531160663956,4999753,0.00000351,288.00000000,1
1531160667295,1531160667291,4999754,0.00000351,2409.00000000,1
1531160673194,1531160673192,4999755,0.00000351,2157.00000000,1
1531160674475,1531160674472,4999756,0.00000351,1322.00000000,1
1531160683642,1531160683640,4999757,0.00000351,288.00000000,1
1531160683866,1531160683863,4999758,0.00000351,576.00000000,1
1531160683904,1531160683901,4999759,0.00000351,835.00000000,1
1531160684048,1531160684045,4999760,0.00000351,461.00000000,1
1531160684464,1531160684456,4999761,0.00000351,288.00000000,1
1531160684509,1531160684506,4999762,0.00000351,302.00000000,1
1531160701102,1531160701098,4999763,0.00000352,14204.00000000,0
1531160703510,1531160703508,4999764,0.00000351,1083.00000000,1
1531160703982,1531160703980,4999765,0.00000351,371.00000000,1
1531160704589,1531160704585,4999766,0.00000351,288.00000000,1
1531160704664,1531160704660,4999767,0.00000351,403.00000000,1
1531160705062,1531160705058,4999768,0.00000351,864.00000000,1
1531160705143,1531160705140,4999769,0.00000351,314.00000000,1
1531160705257,1531160705253,4999770,0.00000351,864.00000000,1
1531160705269,1531160705265,4999771,0.00000351,288.00000000,1
1531160719173,1531160719170,4999772,0.00000352,340.00000000,0
1531160733476,1531160733473,4999773,0.00000352,284.00000000,0
1531160747985,1531160747981,4999774,0.00000352,340.00000000,0
1531160757545,1531160757542,4999775,0.00000351,925.00000000,1
1531160761748,1531160761745,4999776,0.00000351,407.00000000,1
1531160771798,1531160771772,4999777,0.00000352,1600.00000000,0
1531160796199,1531160796195,4999778,0.00000352,13850.00000000,0
1531160810236,1531160810232,4999779,0.00000351,2839.00000000,1
1531160822056,1531160822052,4999780,0.00000351,2997.00000000,1
1531160833620,1531160833617,4999781,0.00000352,499.00000000,0
1531160833764,1531160833759,4999782,0.00000352,554.00000000,0
1531160834264,1531160834260,4999783,0.00000352,554.00000000,0
1531160835041,1531160835037,4999784,0.00000352,554.00000000,0
1531160836621,1531160836617,4999785,0.00000352,803.00000000,0
1531160841591,1531160841586,4999786,0.00000352,388.00000000,0
1531160842938,1531160842937,4999787,0.00000352,373.00000000,0
1531160842989,1531160842986,4999788,0.00000352,1385.00000000,0
1531160843076,1531160843072,4999789,0.00000352,554.00000000,0
1531160844568,1531160844567,4999790,0.00000351,14190.00000000,1
1531160845596,1531160845594,4999791,0.00000352,1108.00000000,0
1531160846938,1531160846934,4999792,0.00000352,100.00000000,0
1531160847121,1531160847117,4999793,0.00000352,553.00000000,0
1531160847379,1531160847374,4999794,0.00000352,284.00000000,0
1531160849885,1531160849862,4999795,0.00000352,553.00000000,0
1531160860241,1531160860236,4999796,0.00000352,554.00000000,0
1531160867279,1531160867276,4999797,0.00000352,16000.00000000,0
1531160878549,1531160878545,4999798,0.00000352,1000.00000000,0
1531160912116,1531160912111,4999799,0.00000352,1032.00000000,0
1531160921841,1531160921837,4999800,0.00000352,668.00000000,0
1531160925588,1531160925586,4999801,0.00000352,5894.00000000,0
1531160925597,1531160925593,4999802,0.00000352,5894.00000000,0
1531160925600,1531160925595,4999803,0.00000352,5894.00000000,0
1531160925600,1531160925595,4999804,0.00000352,5894.00000000,0
1531160925684,1531160925682,4999805,0.00000352,248692.00000000,0
1531160941468,1531160941464,4999806,0.00000352,102799.00000000,0
1531160941498,1531160941494,4999807,0.00000352,17362.00000000,1
1531160967347,1531160967342,4999808,0.00000351,447.00000000,1
1531160988405,1531160988401,4999809,0.00000352,4.00000000,0
1531161018003,1531161018002,4999810,0.00000352,340.00000000,0
1531161021174,1531161021170,4999811,0.00000352,20733.00000000,0
1531161021343,1531161021342,4999812,0.00000352,2847.00000000,1
1531161021361,1531161021359,4999813,0.00000352,8523.00000000,1
1531161023468,1531161023464,4999814,0.00000353,293.00000000,0
1531161023876,1531161023873,4999815,0.00000352,3398.00000000,1
1531161024062,1531161024059,4999816,0.00000353,762.00000000,0
1531161024128,1531161024124,4999817,0.00000352,3398.00000000,1
1531161025212,1531161025211,4999818,0.00000352,3398.00000000,1
1531161026050,1531161026045,4999819,0.00000353,886.00000000,0
1531161027017,1531161027013,4999820,0.00000353,964.00000000,0
1531161027734,1531161027730,4999821,0.00000353,1108.00000000,0
1531161038007,1531161038004,4999822,0.00000352,2424.00000000,1
1531161038688,1531161038683,4999823,0.00000353,339.00000000,0
1531161044108,1531161044104,4999824,0.00000352,292.00000000,1
1531161048364,1531161048359,4999825,0.00000353,662.00000000,0
1531161065315,1531161065311,4999826,0.00000352,10190.00000000,1
1531161068175,1531161068170,4999827,0.00000352,3397.00000000,1
1531161071168,1531161071163,4999828,0.00000352,3398.00000000,1
1531161090340,1531161090338,4999829,0.00000352,2922.00000000,1
1531161091280,1531161091275,4999830,0.00000352,1778.00000000,1
1531161112669,1531161112665,4999831,0.00000353,1959.00000000,0
1531161127578,1531161127574,4999832,0.00000352,3396.00000000,1
1531161127604,1531161127599,4999833,0.00000352,14152.00000000,1
1531161127636,1531161127631,4999834,0.00000352,14152.00000000,1
1531161127659,1531161127657,4999835,0.00000352,44.00000000,1
1531161131426,1531161131422,4999836,0.00000352,14108.00000000,0
1531161133544,1531161133541,4999837,0.00000352,3396.00000000,1
1531161133610,1531161133606,4999838,0.00000352,13523.00000000,1
1531161144181,1531161144178,4999839,0.00000352,698.00000000,0
1531161153435,1531161153431,4999840,0.00000352,373.00000000,0
1531161203576,1531161203574,4999841,0.00000352,3614.00000000,0
1531161256808,1531161256804,4999842,0.00000352,4431.00000000,0
1531161268229,1531161268225,4999843,0.00000351,210.00000000,1
1531161293151,1531161293149,4999844,0.00000351,205.00000000,1
1531161294328,1531161294324,4999845,0.00000351,1998.00000000,1
1531161320511,1531161320507,4999846,0.00000352,340.00000000,0
1531161322171,1531161322168,4999847,0.00000351,4780.00000000,1
1531161330793,1531161330788,4999848,0.00000351,58386.00000000,1
1531161332590,1531161332588,4999849,0.00000352,568.00000000,0
1531161345097,1531161345095,4999850,0.00000352,340.00000000,0
1531161347124,1531161347120,4999851,0.00000351,900.00000000,1
1531161424979,1531161424974,4999852,0.00000351,3813.00000000,1
1531161439211,1531161439206,4999853,0.00000352,499.00000000,0
1531161492272,1531161492267,4999854,0.00000352,149089.00000000,0
1531161492301,1531161492296,4999855,0.00000352,4207.00000000,1
1531161538143,1531161538139,4999856,0.00000352,9109.00000000,1
1531161538148,1531161538143,4999857,0.00000352,50631.00000000,1
1531161538158,1531161538153,4999858,0.00000351,9109.00000000,1
1531161538204,1531161538200,4999859,0.00000351,6060.00000000,1
1531161539001,1531161538997,4999860,0.00000351,14865.00000000,1
1531161542861,1531161542858,4999861,0.00000352,388.00000000,0
1531161543191,1531161543185,4999862,0.00000352,1385.00000000,0
1531161547847,1531161547842,4999863,0.00000352,31019.00000000,0
1531161547847,1531161547842,4999864,0.00000353,123641.00000000,0
1531161559779,1531161559774,4999865,0.00000352,332.00000000,0
1531161582196,1531161582192,4999866,0.00000352,2106.00000000,0
1531161589189,1531161589184,4999867,0.00000352,2359.00000000,0
1531161623509,1531161623504,4999868,0.00000353,339.00000000,0
1531161639744,1531161639740,4999869,0.00000353,756.00000000,0
1531161658534,1531161658531,4999870,0.00000353,1883.00000000,0
1531161667559,1531161667555,4999871,0.00000353,339.00000000,0
1531161681825,1531161681821,4999872,0.00000353,97718.00000000,0
1531161774078,1531161774073,4999873,0.00000353,584.00000000,0
1531161837383,1531161837378,4999874,0.00000353,38.00000000,0
1531161844707,1531161844703,4999875,0.00000352,1.00000000,1
1531161869243,1531161869238,4999876,0.00000352,460.00000000,1
1531161892998,1531161892993,4999877,0.00000352,14865.00000000,1
1531161903044,1531161903038,4999878,0.00000353,339.00000000,0
1531161909999,1531161909995,4999879,0.00000352,14865.00000000,1
1531161918589,1531161918579,4999880,0.00000353,339.00000000,0
1531161942693,1531161942689,4999881,0.00000352,6016.00000000,1
1531161946534,1531161946529,4999882,0.00000353,339.00000000,0
1531161962108,1531161962103,4999883,0.00000353,264993.00000000,0
1531161976855,1531161976850,4999884,0.00000353,1936.00000000,0
1531161978784,1531161978780,4999885,0.00000352,705.00000000,1
1531162021743,1531162021739,4999886,0.00000352,3238.00000000,1
1531162026018,1531162026014,4999887,0.00000353,172.00000000,0
1531162033031,1531162033025,4999888,0.00000354,8854.00000000,0
1531162036503,1531162036499,4999889,0.00000354,6319.00000000,0
1531162059485,1531162059479,4999890,0.00000354,1958.00000000,0
1531162115166,1531162115137,4999891,0.00000354,604.00000000,0
1531162115194,1531162115191,4999892,0.00000354,985.00000000,1
1531162115199,1531162115194,4999893,0.00000354,359.00000000,1
1531162118956,1531162118950,4999894,0.00000354,400.00000000,1
1531162122052,1531162122049,4999895,0.00000354,400.00000000,1
1531162123484,1531162123483,4999896,0.00000355,1699.00000000,0
1531162130415,1531162130410,4999897,0.00000354,3208.00000000,1
1531162130419,1531162130414,4999898,0.00000354,739.00000000,1
1531162130511,1531162130505,4999899,0.00000354,637.00000000,1
1531162165926,1531162165924,4999900,0.00000355,10007.00000000,0
1531162171025,1531162171023,4999901,0.00000355,457.00000000,0
1531162174513,1531162174508,4999902,0.00000354,2829.00000000,1
1531162177188,1531162177183,4999903,0.00000354,2829.00000000,1
1531162177336,1531162177332,4999904,0.00000354,496.00000000,1
1531162177875,1531162177869,4999905,0.00000354,310.00000000,1
1531162184225,1531162184224,4999906,0.00000354,3376.00000000,1
1531162185459,1531162185453,4999907,0.00000354,22599.00000000,1
1531162186517,1531162186515,4999908,0.00000354,4284.00000000,0
1531162192053,1531162192048,4999909,0.00000354,327.00000000,0
1531162215056,1531162215053,4999910,0.00000354,338.00000000,0
1531162242403,1531162242398,4999911,0.00000354,338.00000000,0
1531162252772,1531162252767,4999912,0.00000353,310.00000000,1
1531162263535,1531162263530,4999913,0.00000354,18312.00000000,0
1531162274976,1531162274972,4999914,0.00000353,8499.00000000,1
1531162288778,1531162288773,4999915,0.00000353,1366.00000000,1
1531162312689,1531162312684,4999916,0.00000354,356.00000000,0
1531162339995,1531162339990,4999917,0.00000354,3192.00000000,0
1531162354958,1531162354954,4999918,0.00000354,557.00000000,0
1531162372166,1531162372165,4999919,0.00000354,1000.00000000,0
1531162392649,1531162392644,4999920,0.00000354,56497.00000000,0
1531162433764,1531162433759,4999921,0.00000353,352.00000000,1
1531162434523,1531162434517,4999922,0.00000353,310.00000000,1
1531162447504,1531162447500,4999923,0.00000353,2836.00000000,1
1531162448787,1531162448784,4999924,0.00000354,936.00000000,0
1531162454225,1531162454221,4999925,0.00000353,10156.00000000,1
1531162489156,1531162489151,4999926,0.00000354,424.00000000,0
1531162513261,1531162513256,4999927,0.00000354,338.00000000,0
1531162520690,1531162520685,4999928,0.00000354,17541.00000000,0
1531162536436,1531162536431,4999929,0.00000354,338.00000000,0
1531162543588,1531162543583,4999930,0.00000353,1936.00000000,1
1531162548662,1531162548656,4999931,0.00000353,153622.00000000,1
1531162559105,1531162559101,4999932,0.00000353,40526.00000000,0
1531162642310,1531162642306,4999933,0.00000353,37038.00000000,0
1531162643882,1531162643877,4999934,0.00000353,1732.00000000,0
1531162664141,1531162664136,4999935,0.00000353,4798.00000000,0
1531162692055,1531162692049,4999936,0.00000353,922.00000000,0
1531162695337,1531162695331,4999937,0.00000353,7611.00000000,0
1531162740167,1531162740162,4999938,0.00000353,4963.00000000,0
1531162814134,1531162814129,4999939,0.00000354,338.00000000,0
1531162835247,1531162835241,4999940,0.00000354,338.00000000,0
1531162838983,1531162838977,4999941,0.00000354,16976.00000000,0
1531162853083,1531162853077,4999942,0.00000354,8653.00000000,0
1531162885960,1531162885956,4999943,0.00000353,3865.00000000,1
1531162904158,1531162904154,4999944,0.00000354,25424.00000000,0
1531162904179,1531162904174,4999945,0.00000354,25424.00000000,0
1531162904208,1531162904204,4999946,0.00000354,1000.00000000,0
1531162904214,1531162904209,4999947,0.00000354,21694.00000000,0
1531162904218,1531162904215,4999948,0.00000354,25424.00000000,0
1531162904262,1531162904257,4999949,0.00000354,10000.00000000,0
1531162904346,1531162904341,4999950,0.00000354,27548.00000000,0
1531162904346,1531162904341,4999951,0.00000355,700.00000000,0
1531162904466,1531162904462,4999952,0.00000354,1918.00000000,1
1531162910013,1531162910006,4999953,0.00000355,136268.00000000,0
1531162923028,1531162923023,4999954,0.00000355,1952.00000000,0
1531162955446,1531162955440,4999955,0.00000354,12467.00000000,1
1531162983065,1531162983059,4999956,0.00000354,23116.00000000,1
1531163021863,1531163021858,4999957,0.00000355,6533.00000000,0
1531163047418,1531163047412,4999958,0.00000355,6533.00000000,0
1531163071297,1531163071294,4999959,0.00000354,10111.00000000,0
1531163071317,1531163071313,4999960,0.00000354,8475.00000000,0
1531163071991,1531163071989,4999961,0.00000354,21940.00000000,0
1531163098340,1531163098336,4999962,0.00000355,2410.00000000,0
1531163162234,1531163162228,4999963,0.00000355,63959.00000000,0
1531163164144,1531163164140,4999964,0.00000355,2817.00000000,0
1531163164163,1531163164158,4999965,0.00000355,2817.00000000,0
1531163171198,1531163171192,4999966,0.00000355,8451.00000000,0
1531163171947,1531163171943,4999967,0.00000355,2817.00000000,0
1531163175393,1531163175388,4999968,0.00000355,2817.00000000,0
1531163188984,1531163188978,4999969,0.00000355,9981.00000000,0
1531163198160,1531163198158,4999970,0.00000356,892.00000000,0
1531163233795,1531163233789,4999971,0.00000356,881.00000000,0
1531163264751,1531163264744,4999972,0.00000356,13495.00000000,0
1531163286152,1531163286146,4999973,0.00000356,25281.00000000,0
1531163286174,1531163286171,4999974,0.00000356,25281.00000000,0
1531163286177,1531163286172,4999975,0.00000356,25281.00000000,0
1531163286208,1531163286204,4999976,0.00000356,5000.00000000,0
1531163286238,1531163286232,4999977,0.00000356,5977.00000000,0
1531163286238,1531163286232,4999978,0.00000357,6330.00000000,0
1531163286292,1531163286287,4999979,0.00000357,28089.00000000,0
1531163318984,1531163318980,4999980,0.00000356,339.00000000,1
1531163337623,1531163337617,4999981,0.00000356,18142.00000000,1
1531163341708,1531163341703,4999982,0.00000356,2500.00000000,1
1531163355351,1531163355345,4999983,0.00000356,18312.00000000,1
1531163410709,1531163410706,4999984,0.00000356,25000.00000000,1
1531163447081,1531163447074,4999985,0.00000357,2801.00000000,0
1531163449542,1531163449536,4999986,0.00000356,1015.00000000,1
1531163473274,1531163473269,4999987,0.00000357,10.00000000,0
1531163542920,1531163542914,4999988,0.00000356,1280.00000000,1
1531163544121,1531163544116,4999989,0.00000356,2207.00000000,1
1531163544397,1531163544391,4999990,0.00000356,1000.00000000,1
1531163547170,1531163547165,4999991,0.00000356,312.00000000,1
1531163552210,1531163552204,4999992,0.00000357,10112.00000000,0
1531163603400,1531163603395,4999993,0.00000356,658.00000000,1
1531163618313,1531163618307,4999994,0.00000356,6300.00000000,1
1531163641086,1531163641082,4999995,0.00000357,2801.00000000,0
1531163642401,1531163642395,4999996,0.00000357,8248.00000000,0
1531163655428,1531163655425,4999997,0.00000357,2308.00000000,0
1531163710324,1531163710320,4999998,0.00000357,7302.00000000,0
1531163738568,1531163738562,4999999,0.00000356,5575.00000000,1
1531163788768,1531163788762,5000000,0.00000356,30325.00000000,1
1531163822341,1531163822336,5000001,0.00000356,29000.00000000,0
1531163832502,1531163832496,5000002,0.00000356,10501.00000000,0
1531163960795,1531163960789,5000003,0.00000356,500.00000000,0
1531164034755,1531164034750,5000004,0.00000356,896.00000000,0
1531164037476,1531164037470,5000005,0.00000356,89539.00000000,0
1531164043746,1531164043739,5000006,0.00000356,1117.00000000,0
1531164070850,1531164070843,5000007,0.00000355,1666.00000000,1
1531164077067,1531164077064,5000008,0.00000356,281.00000000,0
1531164197284,1531164197279,5000009,0.00000355,10.00000000,1
1531164235090,1531164235083,5000010,0.00000356,2875.00000000,0
1531164236389,1531164236383,5000011,0.00000355,10251.00000000,1
1531164244103,1531164244098,5000012,0.00000356,2809.00000000,0
1531164249267,1531164249263,5000013,0.00000356,2809.00000000,0
1531164260885,1531164260879,5000014,0.00000355,12846.00000000,1
1531164299192,1531164299190,5000015,0.00000356,30118.00000000,0
1531164306084,1531164306079,5000016,0.00000356,2809.00000000,0
1531164306112,1531164306107,5000017,0.00000356,8427.00000000,0
1531164314063,1531164314058,5000018,0.00000356,2809.00000000,0
1531164318158,1531164318155,5000019,0.00000356,30117.00000000,0
1531164320467,1531164320462,5000020,0.00000356,38653.00000000,0
1531164324823,1531164324816,5000021,0.00000355,299.00000000,1
1531164337093,1531164337088,5000022,0.00000356,5000.00000000,0
1531164337631,1531164337626,5000023,0.00000356,5000.00000000,0
1531164458260,1531164458255,5000024,0.00000356,5000.00000000,0
1531164458650,1531164458646,5000025,0.00000356,5000.00000000,0
1531164557349,1531164557343,5000026,0.00000356,3000.00000000,0
1531164629483,1531164629477,5000027,0.00000355,4563.00000000,1
1531164695171,1531164695167,5000028,0.00000355,160.00000000,1
1531164703860,1531164703854,5000029,0.00000356,10.00000000,0
1531164717117,1531164717114,5000030,0.00000355,802.00000000,1
1531164752916,1531164752911,5000031,0.00000356,32195.00000000,0
1531164915083,1531164915078,5000032,0.00000356,10.00000000,0
1531164946177,1531164946176,5000033,0.00000356,2388.00000000,0
1531165020745,1531165020739,5000034,0.00000356,9754.00000000,0
1531165022848,1531165022843,5000035,0.00000356,38596.00000000,0
1531165042159,1531165042153,5000036,0.00000355,21344.00000000,1
1531165044620,1531165044614,5000037,0.00000356,38597.00000000,0
1531165128876,1531165128871,5000038,0.00000356,2809.00000000,0
1531165225318,1531165225312,5000039,0.00000356,75195.00000000,0
1531165248652,1531165248646,5000040,0.00000357,1943.00000000,0
1531165288072,1531165288067,5000041,0.00000357,2933.00000000,0
1531165518774,1531165518738,5000042,0.00000357,212935.00000000,0
1531165520395,1531165520389,5000043,0.00000356,1004.00000000,1
1531165607773,1531165607767,5000044,0.00000356,13065.00000000,1
1531165651088,1531165651050,5000045,0.00000357,10729.00000000,0
1531165687262,1531165687256,5000046,0.00000357,35000.00000000,0
1531165706095,1531165706089,5000047,0.00000356,1814.00000000,1
1531165731565,1531165731559,5000048,0.00000357,9202.00000000,0
1531165737056,1531165737049,5000049,0.00000356,10059.00000000,1
1531165741752,1531165741750,5000050,0.00000356,10059.00000000,1
1531165746916,1531165746910,5000051,0.00000356,10059.00000000,1
1531165752012,1531165752010,5000052,0.00000356,3353.00000000,1
1531165757059,1531165757055,5000053,0.00000356,3353.00000000,1
1531165762017,1531165762011,5000054,0.00000356,3353.00000000,1
1531165767312,1531165767307,5000055,0.00000356,2524.00000000,1
1531165780672,1531165780666,5000056,0.00000356,30176.00000000,1
1531165781310,1531165781304,5000057,0.00000356,29397.00000000,1
1531165784070,1531165784065,5000058,0.00000356,2814.00000000,1
1531165788208,1531165788202,5000059,0.00000356,3353.00000000,1
1531165828864,1531165828858,5000060,0.00000356,1666.00000000,1
1531165833173,1531165833168,5000061,0.00000356,1756.00000000,1
1531166058411,1531166058406,5000062,0.00000355,7823.00000000,1
1531166114789,1531166114783,5000063,0.00000356,2808.00000000,0
1531166124877,1531166124870,5000064,0.00000355,7611.00000000,1
1531166184903,1531166184902,5000065,0.00000356,8451.00000000,0
1531166369386,1531166369379,5000066,0.00000355,30241.00000000,1
1531166374297,1531166374290,5000067,0.00000355,10083.00000000,1
1531166378728,1531166378721,5000068,0.00000355,10083.00000000,1
1531166382786,1531166382780,5000069,0.00000355,10084.00000000,1
1531166386850,1531166386843,5000070,0.00000355,3361.00000000,1
1531166390782,1531166390777,5000071,0.00000355,10084.00000000,1
1531166393763,1531166393760,5000072,0.00000355,400.00000000,1
1531166394847,1531166394843,5000073,0.00000355,10084.00000000,1
1531166394885,1531166394878,5000074,0.00000355,309.00000000,1
1531166398920,1531166398916,5000075,0.00000355,10084.00000000,1
1531166416379,1531166416373,5000076,0.00000355,63731.00000000,1
1531166417015,1531166417009,5000077,0.00000355,38120.00000000,1
1531166419123,1531166419116,5000078,0.00000356,490.00000000,0
1531166421188,1531166421182,5000079,0.00000354,48.00000000,1
1531166466486,1531166466480,5000080,0.00000356,600.00000000,0
1531166600446,1531166600440,5000081,0.00000355,2463.00000000,0
1531166635939,1531166635933,5000082,0.00000355,543.00000000,0
1531166636879,1531166636873,5000083,0.00000355,1669.00000000,1
1531166697310,1531166697304,5000084,0.00000355,5000.00000000,1
1531166697844,1531166697838,5000085,0.00000355,5000.00000000,1
1531166699013,1531166699006,5000086,0.00000355,617.00000000,1
1531166703430,1531166703422,5000087,0.00000355,51884.00000000,1
1531166703430,1531166703422,5000088,0.00000354,79751.00000000,1
1531166742060,1531166742054,5000089,0.00000355,300.00000000,1
1531166806877,1531166806871,5000090,0.00000356,832.00000000,0
1531166808571,1531166808564,5000091,0.00000356,5530.00000000,0
1531166810911,1531166810905,5000092,0.00000356,5.00000000,0
1531166813745,1531166813738,5000093,0.00000356,1.00000000,0
1531166923914,1531166923914,5000094,0.00000355,408.00000000,1
1531166925915,1531166925908,5000095,0.00000355,2339.00000000,1
1531166991912,1531166991905,5000096,0.00000355,308.00000000,0
1531166995337,1531166995331,5000097,0.00000354,1001.00000000,1
1531167066902,1531167066898,5000098,0.00000354,10410.00000000,1
1531167138833,1531167138831,5000099,0.00000354,751.00000000,1
1531167184290,1531167184250,5000100,0.00000355,308.00000000,0
1531167283606,1531167283602,5000101,0.00000355,2031.00000000,0
1531167345329,1531167345323,5000102,0.00000356,1238.00000000,0
1531167376881,1531167376875,5000103,0.00000355,5531.00000000,1
1531167392985,1531167392982,5000104,0.00000355,15759.00000000,1
1531167484419,1531167484413,5000105,0.00000355,38267.00000000,0
1531167499663,1531167499659,5000106,0.00000356,501.00000000,0
1531167514999,1531167514994,5000107,0.00000355,3651.00000000,1
1531167547208,1531167547201,5000108,0.00000355,1031.00000000,1
1531167610474,1531167610470,5000109,0.00000355,3367.00000000,1
1531167695355,1531167695349,5000110,0.00000355,4474.00000000,1
1531167707932,1531167707926,5000111,0.00000355,5801.00000000,0
1531167707932,1531167707926,5000112,0.00000356,17675.00000000,0
1531167709999,1531167709997,5000113,0.00000355,34087.00000000,0
1531167807346,1531167807342,5000114,0.00000356,2.00000000,0
1531167865753,1531167865747,5000115,0.00000356,1000.00000000,0
1531167893187,1531167893179,5000116,0.00000355,2817.00000000,1
1531167894420,1531167894415,5000117,0.00000355,30315.00000000,1
1531167897186,1531167897180,5000118,0.00000355,10105.00000000,1
1531167901369,1531167901367,5000119,0.00000355,10105.00000000,1
1531167901996,1531167901989,5000120,0.00000355,10105.00000000,1
1531167904153,1531167904147,5000121,0.00000355,3368.00000000,1
1531167951237,1531167951232,5000122,0.00000355,2339.00000000,1
1531167951237,1531167951232,5000123,0.00000354,24470.00000000,1
1531167952279,1531167952278,5000124,0.00000354,2300.00000000,1
1531167978232,1531167978226,5000125,0.00000355,17930.00000000,0
1531168000754,1531168000750,5000126,0.00000355,334.00000000,0
1531168001483,1531168001483,5000127,0.00000355,6.00000000,0
1531168067888,1531168067884,5000128,0.00000354,308.00000000,1
1531168161901,1531168161896,5000129,0.00000355,1229.00000000,0
1531168184418,1531168184412,5000130,0.00000355,2138.00000000,0
1531168308939,1531168308934,5000131,0.00000355,70815.00000000,0
1531168331707,1531168331701,5000132,0.00000355,24072.00000000,0
1531168331828,1531168331822,5000133,0.00000355,3371.00000000,1
1531168331854,1531168331854,5000134,0.00000355,2817.00000000,1
1531168334619,1531168334616,5000135,0.00000355,2817.00000000,1
1531168337462,1531168337456,5000136,0.00000355,773.00000000,1
1531168337643,1531168337638,5000137,0.00000355,2663.00000000,1
1531168344106,1531168344100,5000138,0.00000355,1142.00000000,1
1531168344106,1531168344100,5000139,0.00000354,22334.00000000,1
1531168447680,1531168447678,5000140,0.00000355,35408.00000000,0
1531168477502,1531168477497,5000141,0.00000355,5590.00000000,0
1531168489466,1531168489460,5000142,0.00000355,18548.00000000,0
1531168496524,1531168496518,5000143,0.00000355,9997.00000000,0
1531168496576,1531168496571,5000144,0.00000355,2656.00000000,1
1531168534999,1531168534995,5000145,0.00000355,6667.00000000,1
1531168571245,1531168571239,5000146,0.00000356,82080.00000000,0
1531168628698,1531168628693,5000147,0.00000355,308.00000000,1
1531168637184,1531168637178,5000148,0.00000355,10092.00000000,1
1531168646427,1531168646421,5000149,0.00000356,22498.00000000,0
1531168706798,1531168706792,5000150,0.00000356,5.00000000,0
1531168738960,1531168738955,5000151,0.00000356,1010.00000000,0
1531168765999,1531168765994,5000152,0.00000355,1210.00000000,1
1531168858355,1531168848600,5000153,0.00000355,10695.00000000,1
1531168958127,1531168958121,5000154,0.00000355,2836.00000000,1
1531169118333,1531169118328,5000155,0.00000355,18660.00000000,1
1531169159351,1531169159346,5000156,0.00000355,25000.00000000,1
1531169415164,1531169415161,5000157,0.00000356,8427.00000000,0
1531169543749,1531169543744,5000158,0.00000355,2668.00000000,1
1531169570186,1531169570182,5000159,0.00000356,30163.00000000,0
1531169576153,1531169576147,5000160,0.00000356,30156.00000000,0
1531169604760,1531169604755,5000161,0.00000355,600.00000000,1
1531169630827,1531169630822,5000162,0.00000356,148.00000000,0
1531169662991,1531169662985,5000163,0.00000356,500.00000000,0
1531169680122,1531169680116,5000164,0.00000356,30157.00000000,0
1531169684396,1531169684390,5000165,0.00000356,30152.00000000,0
1531169685107,1531169685102,5000166,0.00000356,8427.00000000,0
1531169687763,1531169687758,5000167,0.00000356,10049.00000000,0
1531169690548,1531169690542,5000168,0.00000356,3349.00000000,0
1531169690868,1531169690863,5000169,0.00000356,7763.00000000,0
1531169712774,1531169712768,5000170,0.00000357,36872.00000000,0
1531169739383,1531169739377,5000171,0.00000356,2241.00000000,1
1531169739383,1531169739377,5000172,0.00000355,50966.00000000,1
1531169791175,1531169791168,5000173,0.00000356,9962.00000000,0
1531169914192,1531169914186,5000174,0.00000356,29631.00000000,0
1531169933594,1531169933589,5000175,0.00000356,22610.00000000,1
1531169980192,1531169980186,5000176,0.00000356,38806.00000000,0
1531169986188,1531169986182,5000177,0.00000356,921.00000000,1
1531170003875,1531170003869,5000178,0.00000356,4413.00000000,1
1531170044387,1531170044382,5000179,0.00000357,273.00000000,0
1531170095815,1531170095812,5000180,0.00000356,1322.00000000,1
1531170157755,1531170157748,5000181,0.00000356,679.00000000,1
1531170188856,1531170188850,5000182,0.00000356,954.00000000,1
1531170235278,1531170235272,5000183,0.00000356,631.00000000,1
1531170288343,1531170288336,5000184,0.00000355,20000.00000000,1
1531170326328,1531170326322,5000185,0.00000355,500.00000000,1
1531170351309,1531170351304,5000186,0.00000355,2308.00000000,1
1531170353857,1531170353850,5000187,0.00000355,1472.00000000,1
1531170460642,1531170460637,5000188,0.00000355,485.00000000,1
1531170519243,1531170519237,5000189,0.00000355,477.00000000,1
1531170519254,1531170519249,5000190,0.00000355,1910.00000000,1
1531170519541,1531170519535,5000191,0.00000355,2149.00000000,1
1531170710690,1531170710686,5000192,0.00000355,160.00000000,1
1531170764117,1531170764112,5000193,0.00000355,30312.00000000,1
1531170985579,1531170985574,5000194,0.00000356,2808.00000000,0
1531171335455,1531171335450,5000195,0.00000355,16973.00000000,1
1531171342613,1531171342609,5000196,0.00000355,50000.00000000,1
1531171352256,1531171352254,5000197,0.00000356,2808.00000000,0
1531171878985,1531171878980,5000198,0.00000356,1600.00000000,0
1531171916528,1531171916523,5000199,0.00000355,500.00000000,1
1531171988761,1531171988757,5000200,0.00000356,7864.00000000,0
1531172068990,1531172068986,5000201,0.00000355,1000.00000000,1
1531172141236,1531172141231,5000202,0.00000356,298.00000000,0
1531172141368,1531172141365,5000203,0.00000356,1193.00000000,0
1531172169168,1531172169164,5000204,0.00000356,885.00000000,0
1531172169221,1531172169217,5000205,0.00000355,270.00000000,1
1531172169608,1531172169603,5000206,0.00000356,996.00000000,0
1531172272134,1531172272131,5000207,0.00000355,1020.00000000,1
1531172303425,1531172303421,5000208,0.00000355,1322.00000000,1
1531172368983,1531172368979,5000209,0.00000356,2808.00000000,0
1531172642261,1531172642258,5000210,0.00000355,30265.00000000,1
1531172701190,1531172701186,5000211,0.00000356,1119.00000000,0
1531172701211,1531172701209,5000212,0.00000356,4476.00000000,0
1531172701259,1531172701255,5000213,0.00000356,738.00000000,0
1531172801075,1531172801073,5000214,0.00000356,2304.00000000,0
1531172891529,1531172891526,5000215,0.00000355,5361.00000000,1
1531172920888,1531172920885,5000216,0.00000356,1564.00000000,0
1531172930119,1531172930116,5000217,0.00000356,2809.00000000,0
1531172930121,1531172930119,5000218,0.00000356,2809.00000000,0
1531173117080,1531173117076,5000219,0.00000355,814.00000000,1
1531173155034,1531173155030,5000220,0.00000356,1806.00000000,0
1531173155034,1531173155030,5000221,0.00000357,857.00000000,0
1531173267249,1531173267246,5000222,0.00000357,5000.00000000,0
1531173267264,1531173267261,5000223,0.00000357,5000.00000000,0
1531173267313,1531173267309,5000224,0.00000357,5000.00000000,0
1531173313949,1531173313946,5000225,0.00000357,2000.00000000,0
1531173426396,1531173426393,5000226,0.00000356,9290.00000000,1
1531173504640,1531173504637,5000227,0.00000357,4800.00000000,0
1531173505518,1531173505515,5000228,0.00000356,66986.00000000,1
1531173549645,1531173549643,5000229,0.00000357,620.00000000,0
1531173578245,1531173578241,5000230,0.00000356,30126.00000000,1
1531173582103,1531173582101,5000231,0.00000356,30126.00000000,1
1531173585150,1531173585147,5000232,0.00000356,10042.00000000,1
1531173590708,1531173590706,5000233,0.00000356,10042.00000000,1
1531173593170,1531173593168,5000234,0.00000356,3347.00000000,1
1531173594748,1531173594745,5000235,0.00000356,3347.00000000,1
1531173631485,1531173631481,5000236,0.00000356,3576.00000000,1
1531173631485,1531173631481,5000237,0.00000355,74.00000000,1
1531173658619,1531173658619,5000238,0.00000355,14865.00000000,1
1531173714485,1531173714482,5000239,0.00000355,5363.00000000,1
1531173751948,1531173751946,5000240,0.00000355,3.00000000,1
1531173883725,1531173883722,5000241,0.00000355,1.00000000,1
1531173939531,1531173939528,5000242,0.00000355,70000.00000000,1
1531174054347,1531174054344,5000243,0.00000355,2809.00000000,1
1531174191197,1531174191196,5000244,0.00000355,10046.00000000,1
1531174196741,1531174196738,5000245,0.00000355,8460.00000000,1
1531174224770,1531174224767,5000246,0.00000356,2241.00000000,0
1531174269522,1531174269520,5000247,0.00000355,2626.00000000,1
1531174306766,1531174306764,5000248,0.00000357,66655.00000000,0
1531174307610,1531174307608,5000249,0.00000357,9917.00000000,1
1531174308804,1531174308801,5000250,0.00000358,13381.00000000,0
1531174332680,1531174332678,5000251,0.00000358,2793.00000000,0
1531174360377,1531174360373,5000252,0.00000357,2235.00000000,1
1531174361690,1531174361688,5000253,0.00000357,1565.00000000,0
1531174362532,1531174362530,5000254,0.00000357,8403.00000000,0
1531174362596,1531174362594,5000255,0.00000357,14687.00000000,0
1531174363872,1531174363869,5000256,0.00000357,26890.00000000,1
1531174421921,1531174421919,5000257,0.00000358,2793.00000000,0
1531174428821,1531174428817,5000258,0.00000357,1772.00000000,1
1531174464948,1531174464946,5000259,0.00000357,17187.00000000,1
1531174464996,1531174464994,5000260,0.00000357,1000.00000000,0
1531174465021,1531174465019,5000261,0.00000357,8403.00000000,0
1531174465032,1531174465029,5000262,0.00000357,8013.00000000,0
1531174465144,1531174465142,5000263,0.00000357,34740.00000000,0
1531174465147,1531174465145,5000264,0.00000357,20968.00000000,0
1531174465147,1531174465145,5000265,0.00000358,7043.00000000,0
1531174484941,1531174484939,5000266,0.00000358,3306.00000000,0
1531174495045,1531174495041,5000267,0.00000356,111707.00000000,1
1531174575709,1531174575707,5000268,0.00000358,200.00000000,0
1531174596705,1531174596702,5000269,0.00000358,69231.00000000,0
1531174612089,1531174612087,5000270,0.00000357,9819.00000000,1
1531174631108,1531174631104,5000271,0.00000358,57004.00000000,0
1531174631202,1531174631195,5000272,0.00000358,25140.00000000,1
1531174631270,1531174631266,5000273,0.00000358,47141.00000000,1
1531174684569,1531174684566,5000274,0.00000357,841.00000000,1
1531174737629,1531174737625,5000275,0.00000357,1394.00000000,1
1531174848644,1531174848642,5000276,0.00000357,2235.00000000,0
1531174901648,1531174901646,5000277,0.00000357,29355.00000000,1
1531174978563,1531174978561,5000278,0.00000357,734.00000000,1
1531175107130,1531175107128,5000279,0.00000357,10058.00000000,1
1531175137597,1531175137595,5000280,0.00000358,3306.00000000,0
1531175138517,1531175138516,5000281,0.00000358,3306.00000000,0
1531175186103,1531175186101,5000282,0.00000357,43497.00000000,1
1531175186190,1531175186188,5000283,0.00000357,560223.00000000,1
1531175186213,1531175186213,5000284,0.00000357,15528.00000000,1
1531175209923,1531175209921,5000285,0.00000357,6.00000000,1
1531175242623,1531175242619,5000286,0.00000357,3132.00000000,1
1531175264285,1531175264283,5000287,0.00000358,2228.00000000,0
1531175264396,1531175264393,5000288,0.00000358,2793.00000000,1
1531175264410,1531175264409,5000289,0.00000358,2793.00000000,1
1531175264457,1531175264455,5000290,0.00000358,500.00000000,1
1531175268217,1531175268216,5000291,0.00000358,458.00000000,1
1531175268279,1531175268277,5000292,0.00000358,1834.00000000,1
1531175268366,1531175268365,5000293,0.00000358,1.00000000,1
1531175270254,1531175270251,5000294,0.00000357,289.00000000,1
1531175283485,1531175283482,5000295,0.00000358,8356.00000000,0
1531175311646,1531175311644,5000296,0.00000357,734.00000000,1
1531175314262,1531175314259,5000297,0.00000357,1569.00000000,1
1531175487644,1531175487643,5000298,0.00000357,2235.00000000,0
1531175510247,1531175510246,5000299,0.00000357,2801.00000000,1
1531175511273,1531175511271,5000300,0.00000357,2801.00000000,1
1531175519196,1531175519195,5000301,0.00000357,2801.00000000,1
1531175520971,1531175520970,5000302,0.00000357,2801.00000000,1
1531175584045,1531175584044,5000303,0.00000357,2235.00000000,1
1531175584794,1531175584793,5000304,0.00000357,33359.00000000,0
1531175647831,1531175647830,5000305,0.00000357,1957.00000000,1
1531175740893,1531175740892,5000306,0.00000357,10044.00000000,1
1531175751425,1531175751422,5000307,0.00000357,10044.00000000,1
1531175757343,1531175757342,5000308,0.00000357,3348.00000000,1
1531175758294,1531175758292,5000309,0.00000357,491.00000000,1
1531175758570,1531175758569,5000310,0.00000357,2801.00000000,1
1531175761811,1531175761810,5000311,0.00000357,3348.00000000,1
1531175764726,1531175764724,5000312,0.00000357,3348.00000000,1
1531175764843,1531175764840,5000313,0.00000357,2801.00000000,1
1531175850444,1531175850441,5000314,0.00000357,22389.00000000,1
1531175995124,1531175995122,5000315,0.00000356,588.00000000,1
1531176012247,1531176012246,5000316,0.00000357,3043.00000000,1
1531176153126,1531176153125,5000317,0.00000356,10085.00000000,1
1531176155577,1531176155575,5000318,0.00000356,30257.00000000,1
1531176156179,1531176156178,5000319,0.00000356,30258.00000000,1
1531176156180,1531176156179,5000320,0.00000356,3364.00000000,1
1531176157890,1531176157888,5000321,0.00000356,10086.00000000,1
1531176158873,1531176158870,5000322,0.00000356,7927.00000000,1
1531176159233,1531176159232,5000323,0.00000356,3362.00000000,1
1531176162169,1531176162167,5000324,0.00000356,10085.00000000,1
1531176162281,1531176162280,5000325,0.00000356,2809.00000000,1
1531176165188,1531176165187,5000326,0.00000356,30252.00000000,1
1531176168173,1531176168171,5000327,0.00000356,90756.00000000,1
1531176169002,1531176169001,5000328,0.00000356,2809.00000000,1
1531176171183,1531176171182,5000329,0.00000356,90756.00000000,1
1531176174198,1531176174197,5000330,0.00000356,30253.00000000,1
1531176175116,1531176175114,5000331,0.00000356,2809.00000000,1
1531176176450,1531176176448,5000332,0.00000356,10086.00000000,1
1531176177181,1531176177179,5000333,0.00000356,30253.00000000,1
1531176179549,1531176179546,5000334,0.00000356,2809.00000000,1
1531176180128,1531176180127,5000335,0.00000356,10086.00000000,1
1531176183198,1531176183196,5000336,0.00000356,10086.00000000,1
1531176186443,1531176186440,5000337,0.00000356,1500.00000000,1
1531176191017,1531176191013,5000338,0.00000356,10087.00000000,1
1531176192872,1531176192870,5000339,0.00000356,8427.00000000,1
1531176196268,1531176196267,5000340,0.00000356,2809.00000000,1
1531176197154,1531176197153,5000341,0.00000356,8427.00000000,1
1531176200794,1531176200792,5000342,0.00000356,8427.00000000,1
1531176201666,1531176201651,5000343,0.00000356,2809.00000000,1
1531176204091,1531176204088,5000344,0.00000356,2809.00000000,1
1531176204168,1531176204166,5000345,0.00000356,3364.00000000,1
1531176206183,1531176206182,5000346,0.00000356,25281.00000000,1
1531176206232,1531176206231,5000347,0.00000356,2809.00000000,1
1531176206325,1531176206324,5000348,0.00000356,2809.00000000,1
1531176208170,1531176208168,5000349,0.00000356,25281.00000000,1
1531176210104,1531176210102,5000350,0.00000356,25281.00000000,1
1531176211785,1531176211782,5000351,0.00000356,25281.00000000,1
1531176212206,1531176212205,5000352,0.00000356,8427.00000000,1
1531176214621,1531176214619,5000353,0.00000356,10084.00000000,1
1531176216497,1531176216494,5000354,0.00000356,10084.00000000,1
1531176216946,1531176216945,5000355,0.00000356,574.00000000,1
1531176217411,1531176217411,5000356,0.00000356,3361.00000000,1
1531176219191,1531176219189,5000357,0.00000356,3361.00000000,1
1531176220751,1531176220750,5000358,0.00000356,8412.00000000,1
1531176221745,1531176221742,5000359,0.00000356,308.00000000,1
1531176221745,1531176221742,5000360,0.00000355,16382.00000000,1
1531176224065,1531176224064,5000361,0.00000357,280.00000000,0
1531176233674,1531176233673,5000362,0.00000355,69231.00000000,1
1531176276642,1531176276639,5000363,0.00000355,854.00000000,1
1531176295670,1531176295669,5000364,0.00000355,2846.00000000,1
1531176304224,1531176304222,5000365,0.00000357,281.00000000,0
1531176370242,1531176370241,5000366,0.00000355,2817.00000000,1
1531176371108,1531176371105,5000367,0.00000355,76056.00000000,1
1531176372176,1531176372175,5000368,0.00000355,10127.00000000,1
1531176373737,1531176373736,5000369,0.00000355,25352.00000000,1
1531176373885,1531176373883,5000370,0.00000355,12632.00000000,1
1531176374180,1531176374179,5000371,0.00000355,14164.00000000,1
1531176375047,1531176375045,5000372,0.00000355,120139.00000000,1
1531176378761,1531176378760,5000373,0.00000354,10511.00000000,1
1531176397420,1531176397419,5000374,0.00000354,48.00000000,1
1531176406597,1531176406596,5000375,0.00000354,41.00000000,1
1531176572824,1531176572823,5000376,0.00000354,38085.00000000,1
1531176629295,1531176629293,5000377,0.00000354,2337.00000000,1
1531176694292,1531176694291,5000378,0.00000356,13.00000000,0
1531176709128,1531176709127,5000379,0.00000355,8470.00000000,1
1531176709232,1531176709231,5000380,0.00000355,16230.00000000,1
1531176709233,1531176709232,5000381,0.00000355,4057.00000000,1
1531176723077,1531176723075,5000382,0.00000355,1.00000000,1
1531176723077,1531176723075,5000383,0.00000354,20826.00000000,1
1531176821099,1531176821098,5000384,0.00000354,2825.00000000,1
1531176825583,1531176825581,5000385,0.00000354,25424.00000000,1
1531176841676,1531176841674,5000386,0.00000354,126280.00000000,1
1531176845153,1531176845152,5000387,0.00000354,8475.00000000,1
1531176848835,1531176848834,5000388,0.00000354,2825.00000000,1
1531176852138,1531176852136,5000389,0.00000354,2825.00000000,1
1531176865142,1531176865142,5000390,0.00000354,3382.00000000,1
1531176866204,1531176866202,5000391,0.00000354,10145.00000000,1
1531176867166,1531176867163,5000392,0.00000354,10145.00000000,1
1531176869129,1531176869128,5000393,0.00000354,30438.00000000,1
1531176870148,1531176870146,5000394,0.00000354,30436.00000000,1
1531176877816,1531176877813,5000395,0.00000354,101675.00000000,1
1531176879993,1531176879991,5000396,0.00000354,700.00000000,0
1531176883650,1531176883650,5000397,0.00000353,48.00000000,1
1531176888642,1531176888641,5000398,0.00000353,48.00000000,1
1531176901140,1531176901138,5000399,0.00000353,1943.00000000,1
1531176919613,1531176919612,5000400,0.00000353,287.00000000,1
1531176923128,1531176923126,5000401,0.00000353,21.00000000,1
1531176923673,1531176923670,5000402,0.00000354,338.00000000,0
1531176934188,1531176934185,5000403,0.00000353,7292.00000000,1
1531176983748,1531176983747,5000404,0.00000353,401.00000000,1
1531177009885,1531177009884,5000405,0.00000353,2442.00000000,1
1531177193782,1531177193779,5000406,0.00000353,32150.00000000,1
1531177195894,1531177195893,5000407,0.00000353,120.00000000,1
1531177222875,1531177222874,5000408,0.00000354,338.00000000,0
1531177246163,1531177246162,5000409,0.00000353,734.00000000,1
1531177246533,1531177246530,5000410,0.00000353,2852.00000000,0
1531177246713,1531177246713,5000411,0.00000353,4249.00000000,0
1531177247943,1531177247942,5000412,0.00000353,148.00000000,0
1531177278948,1531177278949,5000413,0.00000354,849.00000000,0
1531177280948,1531177280946,5000414,0.00000354,3455.00000000,0
1531177386049,1531177386048,5000415,0.00000355,10081.00000000,0
1531177386139,1531177386140,5000416,0.00000355,31123.00000000,0
1531177558656,1531177558658,5000417,0.00000356,276.00000000,0
1531177565434,1531177565436,5000418,0.00000355,355.00000000,1
1531177566093,1531177566094,5000419,0.00000355,2817.00000000,1
1531177593692,1531177593686,5000420,0.00000356,2314.00000000,0
1531177632098,1531177632098,5000421,0.00000355,2819.00000000,1
1531177644981,1531177644983,5000422,0.00000356,95.00000000,0
1531177722209,1531177722211,5000423,0.00000356,886.00000000,0
1531177737203,1531177737204,5000424,0.00000356,60.00000000,0
1531177881125,1531177881125,5000425,0.00000355,5584.00000000,1
1531177913455,1531177913457,5000426,0.00000355,441.00000000,1
1531177928027,1531177928030,5000427,0.00000355,205.00000000,1
1531177944385,1531177944388,5000428,0.00000354,500.00000000,1
1531177951094,1531177951097,5000429,0.00000355,2817.00000000,0
1531177951677,1531177951679,5000430,0.00000355,2817.00000000,0
1531177954080,1531177954082,5000431,0.00000355,8451.00000000,0
1531177954156,1531177954159,5000432,0.00000355,8451.00000000,0
1531177954252,1531177954254,5000433,0.00000355,4481.00000000,0
1531177977177,1531177977179,5000434,0.00000356,77.00000000,0
1531177981530,1531177981530,5000435,0.00000356,497.00000000,0
1531177989721,1531177989724,5000436,0.00000356,104.00000000,0
1531177993743,1531177993742,5000437,0.00000356,1.00000000,0
1531178028558,1531178028559,5000438,0.00000354,2.00000000,1
1531178117579,1531178117581,5000439,0.00000356,3.00000000,0
1531178127411,1531178127413,5000440,0.00000356,40000.00000000,0
1531178144357,1531178144360,5000441,0.00000355,30336.00000000,0
1531178147125,1531178147128,5000442,0.00000355,10112.00000000,0
1531178168539,1531178168541,5000443,0.00000355,106.00000000,0
1531178185053,1531178185055,5000444,0.00000355,2141.00000000,0
1531178219535,1531178219538,5000445,0.00000356,30238.00000000,0
1531178242266,1531178242269,5000446,0.00000356,13418.00000000,0
1531178260086,1531178260088,5000447,0.00000356,3360.00000000,0
1531178263325,1531178263328,5000448,0.00000356,30234.00000000,0
1531178266366,1531178266370,5000449,0.00000356,10078.00000000,0
1531178269078,1531178269081,5000450,0.00000356,30231.00000000,0
1531178272071,1531178272074,5000451,0.00000356,10077.00000000,0
1531178300900,1531178300902,5000452,0.00000356,2808.00000000,0
1531178369289,1531178369292,5000453,0.00000356,9.00000000,0
1531178398038,1531178398043,5000454,0.00000356,355.00000000,0
1531178420285,1531178420288,5000455,0.00000355,2022.00000000,1
1531178420522,1531178420526,5000456,0.00000355,225.00000000,1
1531178430287,1531178430291,5000457,0.00000354,30483.00000000,1
1531178435603,1531178435607,5000458,0.00000354,30488.00000000,1
1531178437128,1531178437131,5000459,0.00000355,2000.00000000,1
1531178437139,1531178437144,5000460,0.00000355,10000.00000000,1
1531178437162,1531178437165,5000461,0.00000355,13107.00000000,1
1531178437191,1531178437194,5000462,0.00000355,6286.00000000,1
1531178437194,1531178437197,5000463,0.00000354,11635.00000000,1
1531178438067,1531178438069,5000464,0.00000354,40975.00000000,1
1531178438090,1531178438095,5000465,0.00000355,700.00000000,0
1531178438196,1531178438200,5000466,0.00000354,8481.00000000,1
1531178439599,1531178439603,5000467,0.00000354,3388.00000000,1
1531178441096,1531178441101,5000468,0.00000354,9727.00000000,1
1531178450034,1531178450038,5000469,0.00000354,175.00000000,0
1531178451426,1531178451430,5000470,0.00000353,309.00000000,1
1531178453014,1531178453016,5000471,0.00000354,1.00000000,0
1531178467407,1531178467410,5000472,0.00000353,8499.00000000,1
1531178470388,1531178470392,5000473,0.00000353,8512.00000000,1
1531178473152,1531178473156,5000474,0.00000353,8516.00000000,1
1531178475139,1531178475143,5000475,0.00000353,8499.00000000,1
1531178475229,1531178475234,5000476,0.00000353,8499.00000000,1
1531178475309,1531178475312,5000477,0.00000353,8499.00000000,1
1531178477325,1531178477328,5000478,0.00000353,8517.00000000,1
1531178478202,1531178478206,5000479,0.00000353,8499.00000000,1
1531178479014,1531178479019,5000480,0.00000353,19327.00000000,1
1531178482144,1531178482149,5000481,0.00000352,36.00000000,1
1531178482146,1531178482149,5000482,0.00000352,15000.00000000,1
1531178482147,1531178482149,5000483,0.00000352,8219.00000000,1
1531178487836,1531178487839,5000484,0.00000352,48.00000000,1
1531178490809,1531178490813,5000485,0.00000352,48.00000000,1
1531178496252,1531178496257,5000486,0.00000352,368.00000000,1
1531178496900,1531178496905,5000487,0.00000353,102.00000000,0
1531178500657,1531178500661,5000488,0.00000352,287.00000000,1
1531178502290,1531178502294,5000489,0.00000352,574.00000000,1
1531178530999,1531178531002,5000490,0.00000353,100.00000000,0
1531178537010,1531178537013,5000491,0.00000353,24.00000000,0
1531178541589,1531178541594,5000492,0.00000352,574.00000000,1
1531178542782,1531178542784,5000493,0.00000352,861.00000000,1
1531178561656,1531178561660,5000494,0.00000352,402.00000000,1
1531178658183,1531178658187,5000495,0.00000352,2846.00000000,1
1531178661182,1531178661186,5000496,0.00000352,8543.00000000,1
1531178664146,1531178664150,5000497,0.00000352,8523.00000000,1
1531178666402,1531178666405,5000498,0.00000353,132.00000000,0
1531178666819,1531178666823,5000499,0.00000352,21535.00000000,1
1531178668446,1531178668451,5000500,0.00000351,48.00000000,1
1531178668447,1531178668451,5000501,0.00000351,5613.00000000,1
1531178668447,1531178668451,5000502,0.00000351,14952.00000000,1
1531178669423,1531178669427,5000503,0.00000353,1.00000000,0
1531178670195,1531178670200,5000504,0.00000351,25641.00000000,1
1531178672154,1531178672157,5000505,0.00000351,25641.00000000,1
1531178673123,1531178673127,5000506,0.00000351,25641.00000000,1
1531178673277,1531178673281,5000507,0.00000351,48.00000000,1
1531178673819,1531178673820,5000508,0.00000351,106564.00000000,1
1531178679657,1531178679663,5000509,0.00000350,48.00000000,1
1531178679658,1531178679663,5000510,0.00000350,1800.00000000,1
1531178679659,1531178679663,5000511,0.00000350,3278.00000000,1
1531178679659,1531178679663,5000512,0.00000350,1998.00000000,1
1531178679660,1531178679663,5000513,0.00000350,4192.00000000,1
1531178679661,1531178679663,5000514,0.00000350,6731.00000000,1
1531178679661,1531178679663,5000515,0.00000350,1981.00000000,1
1531178679661,1531178679663,5000516,0.00000350,13109.00000000,1
1531178679662,1531178679663,5000517,0.00000350,1269.00000000,1
1531178679662,1531178679663,5000518,0.00000350,54735.00000000,1
1531178679663,1531178679663,5000519,0.00000350,2466.00000000,1
1531178679663,1531178679663,5000520,0.00000350,5867.00000000,1
1531178679663,1531178679663,5000521,0.00000350,3651.00000000,1
1531178679664,1531178679663,5000522,0.00000350,16973.00000000,1
1531178679837,1531178679842,5000523,0.00000351,812.00000000,0
1531178680849,1531178680852,5000524,0.00000350,30941.00000000,1
1531178680955,1531178680960,5000525,0.00000350,3224.00000000,1
1531178682031,1531178682037,5000526,0.00000350,922.00000000,1
1531178683807,1531178683811,5000527,0.00000350,30941.00000000,1
1531178683983,1531178683987,5000528,0.00000350,48.00000000,1
1531178687864,1531178687868,5000529,0.00000350,36.00000000,1
1531178692512,1531178692514,5000530,0.00000350,48.00000000,1
1531178693502,1531178693506,5000531,0.00000350,1958.00000000,1
1531178697004,1531178697007,5000532,0.00000350,48.00000000,1
1531178703216,1531178703221,5000533,0.00000350,1086.00000000,1
1531178703830,1531178703834,5000534,0.00000350,557.00000000,1
1531178704195,1531178704199,5000535,0.00000350,289.00000000,1
1531178713771,1531178713773,5000536,0.00000352,300.00000000,0
1531178714935,1531178714938,5000537,0.00000352,542.00000000,0
1531178715495,1531178715500,5000538,0.00000350,1952.00000000,1
1531178716521,1531178716526,5000539,0.00000352,4396.00000000,0
1531178717637,1531178717642,5000540,0.00000352,1396.00000000,0
1531178717828,1531178717832,5000541,0.00000352,1250.00000000,0
1531178719733,1531178719737,5000542,0.00000351,1031.00000000,1
1531178719932,1531178719937,5000543,0.00000351,5000.00000000,1
1531178720298,1531178720302,5000544,0.00000351,5000.00000000,1
1531178720925,1531178720930,5000545,0.00000351,5000.00000000,1
1531178721103,1531178721109,5000546,0.00000351,15000.00000000,1
1531178721160,1531178721164,5000547,0.00000351,8547.00000000,1
1531178721166,1531178721171,5000548,0.00000351,10300.00000000,1
1531178721236,1531178721242,5000549,0.00000351,5000.00000000,1
1531178721237,1531178721242,5000550,0.00000351,2102.00000000,1
1531178723996,1531178724001,5000551,0.00000350,866.00000000,1
1531178724284,1531178724288,5000552,0.00000350,289.00000000,1
1531178724416,1531178724422,5000553,0.00000350,578.00000000,1
1531178725432,1531178725437,5000554,0.00000350,289.00000000,1
1531178727705,1531178727710,5000555,0.00000351,341.00000000,0
1531178749580,1531178749585,5000556,0.00000351,2557.00000000,0
1531178749651,1531178749653,5000557,0.00000351,2849.00000000,1
1531178749666,1531178749671,5000558,0.00000351,2849.00000000,1
1531178749667,1531178749671,5000559,0.00000351,1732.00000000,1
1531178749667,1531178749671,5000560,0.00000350,1117.00000000,1
1531178751898,1531178751904,5000561,0.00000351,22230.00000000,1
1531178755720,1531178755723,5000562,0.00000350,312.00000000,1
1531178778059,1531178778064,5000563,0.00000350,25772.00000000,1
1531178778117,1531178778121,5000564,0.00000350,14944.00000000,1
1531178778208,1531178778212,5000565,0.00000350,5000.00000000,1
1531178778433,1531178778437,5000566,0.00000350,28635.00000000,1
1531178778664,1531178778667,5000567,0.00000350,12514.00000000,1
1531178784925,1531178784930,5000568,0.00000349,48.00000000,1
1531178784929,1531178784930,5000569,0.00000349,78136.00000000,1
1531178784929,1531178784930,5000570,0.00000349,30017.00000000,1
1531178784929,1531178784930,5000571,0.00000349,6022.00000000,1
1531178784929,1531178784930,5000572,0.00000349,13053.00000000,1
1531178786457,1531178786462,5000573,0.00000350,900.00000000,0
1531178786781,1531178786785,5000574,0.00000349,22.00000000,1
1531178786904,1531178786910,5000575,0.00000350,1024.00000000,0
1531178788627,1531178788632,5000576,0.00000350,3434.00000000,0
1531178789785,1531178789789,5000577,0.00000349,36.00000000,1
1531178793652,1531178793657,5000578,0.00000349,48.00000000,1
1531178795644,1531178795648,5000579,0.00000349,376823.00000000,1
1531178799619,1531178799624,5000580,0.00000350,2.00000000,0
1531178801735,1531178801738,5000581,0.00000349,48.00000000,1
1531178811611,1531178811615,5000582,0.00000349,2577.00000000,1
1531178817461,1531178817466,5000583,0.00000349,1329.00000000,1
1531178818844,1531178818850,5000584,0.00000349,1.00000000,1
1531178824488,1531178824492,5000585,0.00000349,373.00000000,1
1531178824626,1531178824630,5000586,0.00000349,2717.00000000,1
1531178824796,1531178824800,5000587,0.00000349,406.00000000,1
1531178827073,1531178827078,5000588,0.00000349,558.00000000,1
1531178832053,1531178832059,5000589,0.00000349,52910.00000000,1
1531178838904,1531178838908,5000590,0.00000349,12343.00000000,1
1531178842042,1531178842046,5000591,0.00000349,60.00000000,1
1531178842140,1531178842144,5000592,0.00000350,1428.00000000,0
1531178845135,1531178845139,5000593,0.00000349,869.00000000,1
1531178845490,1531178845496,5000594,0.00000349,2894.00000000,1
1531178845987,1531178845990,5000595,0.00000349,2605.00000000,1
1531178846231,1531178846236,5000596,0.00000350,288.00000000,0
1531178846262,1531178846268,5000597,0.00000349,869.00000000,1
1531178847355,1531178847360,5000598,0.00000349,558.00000000,1
1531178859760,1531178859765,5000599,0.00000350,2857.00000000,0
1531178865040,1531178865047,5000600,0.00000349,319.00000000,1
1531178865741,1531178865744,5000601,0.00000349,290.00000000,1
1531178870434,1531178870439,5000602,0.00000350,12915.00000000,0
1531178877299,1531178877302,5000603,0.00000350,25746.00000000,0
1531178879845,1531178879850,5000604,0.00000351,583.00000000,0
1531178880091,1531178880096,5000605,0.00000351,2216.00000000,0
1531178881506,1531178881512,5000606,0.00000351,768.00000000,0
1531178882383,1531178882387,5000607,0.00000351,307.00000000,0
1531178882696,1531178882698,5000608,0.00000351,1432.00000000,0
1531178885094,1531178885098,5000609,0.00000350,315.00000000,0
1531178886300,1531178886303,5000610,0.00000351,861.00000000,0
1531178886854,1531178886857,5000611,0.00000351,287.00000000,0
1531178907356,1531178907362,5000612,0.00000351,94.00000000,0
1531178910082,1531178910086,5000613,0.00000349,294.00000000,1
1531178911038,1531178911043,5000614,0.00000350,1.00000000,0
1531178919677,1531178919683,5000615,0.00000349,3454.00000000,1
1531178925131,1531178925136,5000616,0.00000349,3455.00000000,1
1531178925605,1531178925611,5000617,0.00000349,8596.00000000,1
1531178928117,1531178928121,5000618,0.00000349,93280.00000000,1
1531178928173,1531178928177,5000619,0.00000349,2865.00000000,1
1531178930864,1531178930868,5000620,0.00000349,2865.00000000,1
1531178931115,1531178931120,5000621,0.00000349,31097.00000000,1
1531178933184,1531178933187,5000622,0.00000349,8596.00000000,1
1531178933229,1531178933235,5000623,0.00000349,8596.00000000,1
1531178933317,1531178933322,5000624,0.00000349,12795.00000000,1
1531178934115,1531178934120,5000625,0.00000349,1981.00000000,0
1531178934965,1531178934970,5000626,0.00000348,538.00000000,1
1531178934966,1531178934970,5000627,0.00000348,3823.00000000,1
1531178934966,1531178934970,5000628,0.00000348,3965.00000000,1
1531178934968,1531178934970,5000629,0.00000348,946991.00000000,1
1531178934968,1531178934970,5000630,0.00000348,3704.00000000,1
1531178935035,1531178935040,5000631,0.00000348,1885.00000000,1
1531178935466,1531178935472,5000632,0.00000348,3913.00000000,1
1531178936156,1531178936160,5000633,0.00000348,538.00000000,1
1531178936602,1531178936607,5000634,0.00000348,5571.00000000,1
1531178937372,1531178937377,5000635,0.00000349,1000.00000000,0
1531178937631,1531178937636,5000636,0.00000348,17940.00000000,1
1531178938155,1531178938161,5000637,0.00000349,1400.00000000,0
1531178938223,1531178938226,5000638,0.00000348,48.00000000,1
1531178941066,1531178941072,5000639,0.00000350,1899.00000000,0
1531178946501,1531178946506,5000640,0.00000348,48.00000000,1
1531178949313,1531178949317,5000641,0.00000349,2404.00000000,0
1531178949645,1531178949649,5000642,0.00000349,2909.00000000,0
1531178952036,1531178952040,5000643,0.00000348,36.00000000,1
1531178952154,1531178952160,5000644,0.00000348,25925.00000000,1
1531178952239,1531178952245,5000645,0.00000348,16000.00000000,1
1531178952271,1531178952274,5000646,0.00000348,5000.00000000,1
1531178952335,1531178952339,5000647,0.00000348,10000.00000000,1
1531178952360,1531178952365,5000648,0.00000348,28805.00000000,1
1531178952476,1531178952481,5000649,0.00000348,25000.00000000,1
1531178952520,1531178952526,5000650,0.00000348,80000.00000000,1
1531178952958,1531178952963,5000651,0.00000348,5000.00000000,1
1531178953113,1531178953118,5000652,0.00000349,286.00000000,0
1531178953949,1531178953954,5000653,0.00000348,5000.00000000,1
1531178954386,1531178954389,5000654,0.00000348,48.00000000,1
1531178955446,1531178955450,5000655,0.00000348,2874.00000000,1
1531178956191,1531178956196,5000656,0.00000348,3465.00000000,1
1531178957817,1531178957823,5000657,0.00000348,629306.00000000,1
1531178958713,1531178958718,5000658,0.00000348,8621.00000000,1
1531178959201,1531178959207,5000659,0.00000348,93575.00000000,1
1531178959753,1531178959758,5000660,0.00000348,10398.00000000,1
1531178962155,1531178962159,5000661,0.00000348,93575.00000000,1
1531178963026,1531178963030,5000662,0.00000348,560.00000000,1
1531178965183,1531178965190,5000663,0.00000348,31192.00000000,1
1531178967137,1531178967125,5000664,0.00000348,2881.00000000,1
1531178967144,1531178967150,5000665,0.00000348,93787.00000000,1
1531178967761,1531178967764,5000666,0.00000348,160758.00000000,1
1531178968040,1531178968045,5000667,0.00000348,206100.00000000,1
1531178968195,1531178968199,5000668,0.00000348,93787.00000000,1
1531178968440,1531178968446,5000669,0.00000348,87241.00000000,1
1531178968442,1531178968448,5000670,0.00000348,57849.00000000,1
1531178968444,1531178968450,5000671,0.00000348,23276.00000000,1
1531178968470,1531178968475,5000672,0.00000348,751.00000000,1
1531178968719,1531178968723,5000673,0.00000348,102187.00000000,1
1531178968902,1531178968906,5000674,0.00000348,12890.00000000,1
1531178969091,1531178969097,5000675,0.00000348,13266.00000000,1
1531178969152,1531178969159,5000676,0.00000348,14158.00000000,1
1531178969184,1531178969186,5000677,0.00000348,25862.00000000,1
1531178969293,1531178969295,5000678,0.00000348,28277.00000000,1
1531178969365,1531178969369,5000679,0.00000347,72041.00000000,1
1531178969367,1531178969369,5000680,0.00000346,9952.00000000,1
1531178969368,1531178969369,5000681,0.00000346,2200.00000000,1
1531178969372,1531178969369,5000682,0.00000346,39832.00000000,1
1531178969390,1531178969396,5000683,0.00000347,3783.00000000,0
1531178969603,1531178969608,5000684,0.00000347,3784.00000000,0
1531178969791,1531178969795,5000685,0.00000346,2724.00000000,1
1531178970573,1531178970579,5000686,0.00000347,826.00000000,0
1531178970750,1531178970756,5000687,0.00000347,554.00000000,0
1531178971024,1531178971029,5000688,0.00000346,1627.00000000,1
1531178971051,1531178971057,5000689,0.00000347,554.00000000,0
1531178971417,1531178971418,5000690,0.00000346,17686.00000000,1
1531178971417,1531178971418,5000691,0.00000345,8395.00000000,1
1531178971418,1531178971418,5000692,0.00000345,6002.00000000,1
1531178971419,1531178971418,5000693,0.00000345,24271.00000000,1
1531178971420,1531178971418,5000694,0.00000345,2000.00000000,1
1531178971425,1531178971418,5000695,0.00000345,132845.00000000,1
1531178971425,1531178971418,5000696,0.00000345,27100.00000000,1
1531178971425,1531178971418,5000697,0.00000345,61651.00000000,1
1531178971426,1531178971418,5000698,0.00000345,10490.00000000,1
1531178971426,1531178971418,5000699,0.00000345,3285.00000000,1
1531178971426,1531178971418,5000700,0.00000345,9964.00000000,1
1531178971445,1531178971451,5000701,0.00000347,554.00000000,0
1531178971660,1531178971666,5000702,0.00000347,87241.00000000,0
1531178971892,1531178971898,5000703,0.00000347,554.00000000,0
1531178972073,1531178972079,5000704,0.00000347,5420.00000000,0
1531178972293,1531178972298,5000705,0.00000346,4300.00000000,0
1531178972340,1531178972346,5000706,0.00000346,340.00000000,0
1531178972380,1531178972383,5000707,0.00000346,3057.00000000,0
1531178972387,1531178972393,5000708,0.00000346,2888.00000000,0
1531178972401,1531178972405,5000709,0.00000346,920.00000000,0
1531178972712,1531178972717,5000710,0.00000347,1108.00000000,0
1531178972874,1531178972879,5000711,0.00000347,499.00000000,0
1531178973173,1531178973177,5000712,0.00000347,388.00000000,0
1531178973269,1531178973274,5000713,0.00000346,48.00000000,1
1531178973543,1531178973549,5000714,0.00000347,107.00000000,0
1531178973615,1531178973619,5000715,0.00000346,1291.00000000,1
1531178973671,1531178973675,5000716,0.00000347,471.00000000,0
1531178974069,1531178974073,5000717,0.00000347,554.00000000,0
1531178974121,1531178974126,5000718,0.00000347,803.00000000,0
1531178974136,1531178974139,5000719,0.00000347,833.00000000,0
1531178974692,1531178974697,5000720,0.00000347,373.00000000,0
1531178975008,1531178975013,5000721,0.00000347,553.00000000,0
1531178975056,1531178975061,5000722,0.00000347,1385.00000000,0
1531178975377,1531178975382,5000723,0.00000347,553.00000000,0
1531178976077,1531178976083,5000724,0.00000347,554.00000000,0
1531178976602,1531178976607,5000725,0.00000346,36.00000000,1
1531178979434,1531178979441,5000726,0.00000347,9854.00000000,0
1531178979887,1531178979892,5000727,0.00000347,100.00000000,0
1531178980768,1531178980773,5000728,0.00000347,811.00000000,0
1531178982748,1531178982754,5000729,0.00000346,12929.00000000,1
1531178982979,1531178982981,5000730,0.00000346,10007.00000000,1
1531178984528,1531178984533,5000731,0.00000346,48.00000000,1
1531178984785,1531178984790,5000732,0.00000346,3000.00000000,1
1531178985865,1531178985870,5000733,0.00000347,315.00000000,0
1531178986805,1531178986811,5000734,0.00000346,20472.00000000,1
1531178988604,1531178988609,5000735,0.00000346,2732.00000000,1
1531178989502,1531178989508,5000736,0.00000346,82779.00000000,1
1531178989515,1531178989521,5000737,0.00000346,97281.00000000,0
1531178989538,1531178989542,5000738,0.00000346,59204.00000000,0
1531178994147,1531178994150,5000739,0.00000345,13800.00000000,1
1531178994707,1531178994713,5000740,0.00000345,10000.00000000,1
1531178994782,1531178994786,5000741,0.00000346,529.00000000,0
1531178994966,1531178994970,5000742,0.00000346,433.00000000,0
1531178997348,1531178997353,5000743,0.00000344,48.00000000,1
1531178997348,1531178997353,5000744,0.00000344,580.00000000,1
1531178999305,1531178999309,5000745,0.00000346,3821.00000000,0
1531179000161,1531179000166,5000746,0.00000346,3581.00000000,0
1531179000557,1531179000563,5000747,0.00000346,4527.00000000,0
1531179000931,1531179000937,5000748,0.00000345,2793.00000000,1
1531179002585,1531179002591,5000749,0.00000345,6600.00000000,1
1531179002949,1531179002954,5000750,0.00000346,3139.00000000,0
1531179003040,1531179003046,5000751,0.00000346,28737.00000000,0
1531179003040,1531179003046,5000752,0.00000347,46698.00000000,0
1531179003175,1531179003181,5000753,0.00000345,2849.00000000,1
1531179003199,1531179003205,5000754,0.00000345,36.00000000,1
1531179003629,1531179003635,5000755,0.00000345,377.00000000,1
1531179004397,1531179004403,5000756,0.00000346,358.00000000,0
1531179005865,1531179005869,5000757,0.00000345,48.00000000,1
1531179006387,1531179006392,5000758,0.00000346,17925.00000000,0
1531179006693,1531179006697,5000759,0.00000346,2152.00000000,1
1531179006819,1531179006822,5000760,0.00000346,470.00000000,1
1531179006830,1531179006836,5000761,0.00000347,100.00000000,0
1531179007027,1531179007033,5000762,0.00000346,294.00000000,1
1531179008913,1531179008918,5000763,0.00000347,2961.00000000,0
1531179009940,1531179009945,5000764,0.00000347,443.00000000,0
1531179011487,1531179011492,5000765,0.00000346,42.00000000,1
1531179011603,1531179011608,5000766,0.00000346,48.00000000,1
1531179011672,1531179011678,5000767,0.00000347,937.00000000,0
1531179012324,1531179012330,5000768,0.00000347,7834.00000000,0
1531179012350,1531179012351,5000769,0.00000346,9971.00000000,1
1531179012350,1531179012351,5000770,0.00000344,40029.00000000,1
1531179013995,1531179014001,5000771,0.00000344,2631.00000000,1
1531179014689,1531179014694,5000772,0.00000344,2666.00000000,1
1531179015107,1531179015112,5000773,0.00000345,500.00000000,0
1531179015452,1531179015457,5000774,0.00000345,75.00000000,0
1531179016399,1531179016402,5000775,0.00000345,146.00000000,0
1531179016399,1531179016402,5000776,0.00000346,170.00000000,0
1531179016516,1531179016522,5000777,0.00000346,10.00000000,0
1531179016614,1531179016619,5000778,0.00000344,48.00000000,1
1531179018692,1531179018697,5000779,0.00000346,295.00000000,0
1531179021658,1531179021662,5000780,0.00000345,60.00000000,1
1531179021965,1531179021970,5000781,0.00000345,180.00000000,1
1531179023476,1531179023479,5000782,0.00000346,3810.00000000,0
1531179023621,1531179023626,5000783,0.00000347,592.00000000,0
1531179026547,1531179026552,5000784,0.00000346,2.00000000,0
1531179026605,1531179026608,5000785,0.00000345,586.00000000,1
1531179026709,1531179026716,5000786,0.00000345,307.00000000,1
1531179026793,1531179026798,5000787,0.00000345,293.00000000,1
1531179027120,1531179027125,5000788,0.00000345,879.00000000,1
1531179027214,1531179027219,5000789,0.00000345,586.00000000,1
1531179027590,1531179027597,5000790,0.00000345,293.00000000,1
1531179027676,1531179027679,5000791,0.00000345,293.00000000,1
1531179027917,1531179027920,5000792,0.00000346,336.00000000,0
1531179028007,1531179028012,5000793,0.00000345,849.00000000,1
1531179028140,1531179028146,5000794,0.00000346,3168.00000000,0
1531179028198,1531179028203,5000795,0.00000346,1981.00000000,0
1531179028228,1531179028234,5000796,0.00000346,578.00000000,0
1531179032243,1531179032249,5000797,0.00000346,12704.00000000,0
1531179032987,1531179032992,5000798,0.00000346,3238.00000000,1
1531179032987,1531179032992,5000799,0.00000345,16279.00000000,1
1531179034410,1531179034416,5000800,0.00000347,592.00000000,0
1531179034703,1531179034709,5000801,0.00000345,5856.00000000,1
1531179034706,1531179034712,5000802,0.00000345,410.00000000,1
1531179034752,1531179034758,5000803,0.00000345,1864.00000000,1
1531179034752,1531179034758,5000804,0.00000344,95.00000000,1
1531179035160,1531179035166,5000805,0.00000345,879.00000000,0
1531179038014,1531179038020,5000806,0.00000345,555.00000000,0
1531179038635,1531179038638,5000807,0.00000345,4169.00000000,1
1531179041600,1531179041605,5000808,0.00000346,10791.00000000,0
1531179041658,1531179041663,5000809,0.00000346,640.00000000,0
1531179042191,1531179042196,5000810,0.00000346,4363.00000000,0
1531179044916,1531179044922,5000811,0.00000345,1.00000000,1
1531179046785,1531179046791,5000812,0.00000347,25916.00000000,0
1531179048987,1531179048992,5000813,0.00000345,294.00000000,1
1531179050545,1531179050551,5000814,0.00000347,57471.00000000,0
1531179063466,1531179063471,5000815,0.00000347,5587.00000000,0
1531179063876,1531179063883,5000816,0.00000346,1099.00000000,1
1531179064131,1531179064136,5000817,0.00000346,318.00000000,1
1531179064170,1531179064176,5000818,0.00000347,1949.00000000,0
1531179064281,1531179064283,5000819,0.00000347,572005.00000000,0
1531179064929,1531179064934,5000820,0.00000346,318.00000000,1
1531179066567,1531179066573,5000821,0.00000346,879.00000000,1
1531179066584,1531179066589,5000822,0.00000346,1407.00000000,1
1531179066584,1531179066589,5000823,0.00000345,1228.00000000,1
1531179068645,1531179068649,5000824,0.00000346,10433.00000000,0
1531179069011,1531179069018,5000825,0.00000346,30438.00000000,0
1531179074547,1531179074553,5000826,0.00000347,1249.00000000,0
1531179081688,1531179081692,5000827,0.00000346,1366.00000000,1
1531179082012,1531179082015,5000828,0.00000347,3993.00000000,0
1531179084277,1531179084282,5000829,0.00000347,293.00000000,1
1531179084310,1531179084315,5000830,0.00000347,293.00000000,1
1531179084331,1531179084336,5000831,0.00000347,576.00000000,1
1531179086378,1531179086383,5000832,0.00000347,557.00000000,1
1531179086418,1531179086424,5000833,0.00000347,293.00000000,1
1531179091014,1531179091020,5000834,0.00000347,2997.00000000,0
1531179098086,1531179098087,5000835,0.00000348,31047.00000000,0
1531179098100,1531179098105,5000836,0.00000348,25862.00000000,0
1531179101074,1531179101079,5000837,0.00000348,10349.00000000,0
1531179102660,1531179102663,5000838,0.00000348,12573.00000000,0
1531179111913,1531179111919,5000839,0.00000349,6250.00000000,0
1531179113478,1531179113482,5000840,0.00000348,1585.00000000,1
1531179115365,1531179115371,5000841,0.00000348,5.00000000,0
1531179116344,1531179116349,5000842,0.00000348,152.00000000,0
1531179116487,1531179116491,5000843,0.00000348,248.00000000,1
1531179116487,1531179116491,5000844,0.00000347,1485.00000000,1
1531179118742,1531179118748,5000845,0.00000349,6.00000000,0
1531179121530,1531179121534,5000846,0.00000349,2.00000000,0
1531179123839,1531179123844,5000847,0.00000349,2.00000000,0
1531179126441,1531179126448,5000848,0.00000349,1.00000000,0
1531179160185,1531179160190,5000849,0.00000347,2342.00000000,1
1531179161016,1531179161021,5000850,0.00000347,310.00000000,0
1531179198447,1531179198453,5000851,0.00000349,10316.00000000,0
1531179206137,1531179206142,5000852,0.00000349,8596.00000000,0
1531179209152,1531179209158,5000853,0.00000349,8596.00000000,0
1531179212065,1531179212071,5000854,0.00000349,10319.00000000,0
1531179215064,1531179215069,5000855,0.00000349,10319.00000000,0
1531179217224,1531179217229,5000856,0.00000349,2865.00000000,0
1531179218432,1531179218436,5000857,0.00000349,5774.00000000,0
1531179218457,1531179218463,5000858,0.00000349,407.00000000,1
1531179218480,1531179218484,5000859,0.00000349,401.00000000,1
1531179218480,1531179218484,5000860,0.00000348,1580.00000000,1
1531179219261,1531179219266,5000861,0.00000350,428.00000000,0
1531179237912,1531179237916,5000862,0.00000348,5747.00000000,1
1531179238224,1531179238230,5000863,0.00000347,144.00000000,1
1531179238594,1531179238600,5000864,0.00000348,2874.00000000,0
1531179238887,1531179238893,5000865,0.00000347,163.00000000,1
1531179239748,1531179239754,5000866,0.00000348,628.00000000,0
1531179241896,1531179241902,5000867,0.00000348,71839.00000000,0
1531179244154,1531179244159,5000868,0.00000348,2874.00000000,0
1531179244919,1531179244924,5000869,0.00000348,200.00000000,0
1531179245028,1531179245034,5000870,0.00000348,46160.00000000,0
1531179247931,1531179247936,5000871,0.00000350,1.00000000,0
1531179267640,1531179267646,5000872,0.00000350,150.00000000,0
1531179270659,1531179270666,5000873,0.00000350,1.00000000,0
1531179309736,1531179309742,5000874,0.00000348,450.00000000,1
1531179314588,1531179314593,5000875,0.00000348,15012.00000000,1
1531179314588,1531179314593,5000876,0.00000347,127413.00000000,1
1531179315132,1531179315138,5000877,0.00000347,17975.00000000,1
1531179315474,1531179315481,5000878,0.00000347,1783.00000000,1
1531179335020,1531179335024,5000879,0.00000349,519.00000000,0
1531179415114,1531179415121,5000880,0.00000348,3459.00000000,1
1531179416064,1531179416069,5000881,0.00000348,9887.00000000,1
1531179418557,1531179418562,5000882,0.00000349,5016.00000000,0
1531179421418,1531179421423,5000883,0.00000347,95412.00000000,1
1531179421418,1531179421423,5000884,0.00000346,14358.00000000,1
1531179422211,1531179422218,5000885,0.00000346,49.00000000,1
1531179422342,1531179422347,5000886,0.00000346,44.00000000,1
1531179436119,1531179436124,5000887,0.00000348,4371.00000000,0
1531179436902,1531179436905,5000888,0.00000349,428.00000000,0
1531179443581,1531179443586,5000889,0.00000349,291.00000000,0
1531179503154,1531179503159,5000890,0.00000349,2500.00000000,0
1531179505476,1531179505483,5000891,0.00000349,300.00000000,0
1531179516993,1531179516997,5000892,0.00000346,300.00000000,1
1531179520001,1531179520007,5000893,0.00000346,9759.00000000,1
1531179528989,1531179528994,5000894,0.00000346,15824.00000000,1
1531179529373,1531179529378,5000895,0.00000348,1366.00000000,0
1531179529471,1531179529476,5000896,0.00000348,31143.00000000,1
1531179529471,1531179529476,5000897,0.00000348,29625.00000000,1
1531179565763,1531179565769,5000898,0.00000346,998.00000000,1
1531179601478,1531179601481,5000899,0.00000346,147483.00000000,1
1531179631373,1531179631379,5000900,0.00000347,345.00000000,0
1531179646236,1531179646243,5000901,0.00000347,1212.00000000,0
1531179646271,1531179646277,5000902,0.00000347,303.00000000,0
1531179653422,1531179653429,5000903,0.00000347,1435.00000000,0
1531179653534,1531179653540,5000904,0.00000346,876.00000000,1
1531179672328,1531179672332,5000905,0.00000347,742.00000000,0
1531179692661,1531179692668,5000906,0.00000347,436.00000000,0
1531179709548,1531179709555,5000907,0.00000347,198.00000000,0
1531179734643,1531179734649,5000908,0.00000347,3000.00000000,0
1531179740014,1531179740020,5000909,0.00000347,1725.00000000,0
1531179740116,1531179740122,5000910,0.00000347,4612.00000000,0
1531179740176,1531179740181,5000911,0.00000347,2288.00000000,0
1531179740208,1531179740213,5000912,0.00000347,1414.00000000,0
1531179740236,1531179740243,5000913,0.00000347,8645.00000000,0
1531179740244,1531179740250,5000914,0.00000347,1427.00000000,0
1531179740290,1531179740296,5000915,0.00000347,1366.00000000,0
1531179740316,1531179740321,5000916,0.00000347,432.00000000,0
1531179740446,1531179740452,5000917,0.00000347,19204.00000000,0
1531179740560,1531179740564,5000918,0.00000347,10424.00000000,1
1531179740562,1531179740567,5000919,0.00000347,10424.00000000,1
1531179740584,1531179740590,5000920,0.00000347,10424.00000000,1
1531179740667,1531179740673,5000921,0.00000348,2305.00000000,0
1531179741089,1531179741095,5000922,0.00000347,8460.00000000,1
1531179753887,1531179753893,5000923,0.00000347,1000.00000000,0
1531179764088,1531179764094,5000924,0.00000347,11527.00000000,0
1531179769730,1531179769737,5000925,0.00000347,123.00000000,0
1531179803134,1531179803141,5000926,0.00000346,4372.00000000,1
1531179804248,1531179804252,5000927,0.00000346,1922.00000000,0
1531179806560,1531179806567,5000928,0.00000346,316.00000000,0
1531179806695,1531179806700,5000929,0.00000345,44.00000000,1
1531179806733,1531179806738,5000930,0.00000345,49.00000000,1
1531179813387,1531179813392,5000931,0.00000345,3000.00000000,1
1531179820061,1531179820068,5000932,0.00000345,11660.00000000,1
1531179822193,1531179822200,5000933,0.00000344,49.00000000,1
1531179822238,1531179822245,5000934,0.00000344,44.00000000,1
1531179826402,1531179826407,5000935,0.00000346,2403.00000000,0
1531179850727,1531179850732,5000936,0.00000344,2638.00000000,1
1531179855455,1531179855461,5000937,0.00000344,294.00000000,1
1531179861742,1531179861748,5000938,0.00000345,410.00000000,0
1531179861762,1531179861767,5000939,0.00000345,81.00000000,0
1531179868972,1531179868976,5000940,0.00000346,18.00000000,0
1531179873002,1531179873009,5000941,0.00000346,2890.00000000,0
1531179874746,1531179874753,5000942,0.00000345,586.00000000,1
1531179875645,1531179875652,5000943,0.00000345,293.00000000,1
1531179876015,1531179876021,5000944,0.00000345,410.00000000,1
1531179876279,1531179876285,5000945,0.00000345,293.00000000,1
1531179880026,1531179880033,5000946,0.00000345,3608.00000000,1
1531179886432,1531179886438,5000947,0.00000345,25.00000000,1
1531179893532,1531179893538,5000948,0.00000345,12500.00000000,1
1531179899552,1531179899558,5000949,0.00000345,8153.00000000,1
1531179917162,1531179917166,5000950,0.00000345,879.00000000,1
1531179932069,1531179932075,5000951,0.00000346,346.00000000,0
1531179960104,1531179960110,5000952,0.00000345,3020.00000000,1
1531179961341,1531179961349,5000953,0.00000345,2758.00000000,0
1531179964291,1531179964297,5000954,0.00000345,583.00000000,0
1531179965916,1531179965923,5000955,0.00000345,337.00000000,0
1531179966680,1531179966686,5000956,0.00000345,580.00000000,0
1531179989290,1531179989294,5000957,0.00000344,9533.00000000,1
1531180045869,1531180045874,5000958,0.00000345,310.00000000,0
1531180048149,1531180048155,5000959,0.00000345,5104.00000000,0
1531180055505,1531180055513,5000960,0.00000346,2890.00000000,0
1531180057797,1531180057804,5000961,0.00000346,300.00000000,0
1531180058667,1531180058673,5000962,0.00000346,874.00000000,0
1531180083876,1531180083883,5000963,0.00000345,319.00000000,1
1531180122117,1531180122124,5000964,0.00000346,301.00000000,0
1531180126167,1531180126174,5000965,0.00000346,864.00000000,0
1531180140916,1531180140924,5000966,0.00000346,317.00000000,0
1531180185851,1531180185858,5000967,0.00000346,53165.00000000,0
1531180186832,1531180186839,5000968,0.00000346,15000.00000000,1
1531180188500,1531180188507,5000969,0.00000346,15000.00000000,1
1531180189354,1531180189359,5000970,0.00000347,302.00000000,0
1531180190031,1531180190038,5000971,0.00000346,15000.00000000,1
1531180190063,1531180190069,5000972,0.00000346,14077.00000000,1
1531180191612,1531180191619,5000973,0.00000345,28985.00000000,1
1531180192098,1531180192104,5000974,0.00000347,5119.00000000,0
1531180197308,1531180197314,5000975,0.00000345,28985.00000000,1
1531180202906,1531180202912,5000976,0.00000345,7204.00000000,1
1531180204043,1531180204052,5000977,0.00000347,303.00000000,0
1531180205901,1531180205908,5000978,0.00000345,1.00000000,1
1531180210812,1531180210820,5000979,0.00000347,304.00000000,0
1531180227724,1531180227730,5000980,0.00000347,345.00000000,0
1531180230171,1531180230179,5000981,0.00000345,87988.00000000,1
1531180232589,1531180232596,5000982,0.00000347,305.00000000,0
1531180241092,1531180241097,5000983,0.00000347,5520.00000000,0
1531180257212,1531180257219,5000984,0.00000346,576.00000000,0
1531180268986,1531180268993,5000985,0.00000346,9925.00000000,0
1531180279596,1531180279602,5000986,0.00000346,2269.00000000,0
1531180291045,1531180291053,5000987,0.00000345,1.00000000,1
1531180291754,1531180291762,5000988,0.00000346,1026.00000000,0
1531180360170,1531180360175,5000989,0.00000345,10457.00000000,1
1531180383292,1531180383300,5000990,0.00000346,305.00000000,0
1531180390213,1531180390219,5000991,0.00000345,7197.00000000,1
1531180438809,1531180438816,5000992,0.00000345,140842.00000000,1
1531180450513,1531180450521,5000993,0.00000345,290.00000000,0
1531180459797,1531180459804,5000994,0.00000345,6428.00000000,0
1531180462057,1531180462062,5000995,0.00000344,6993.00000000,1
1531180463676,1531180463681,5000996,0.00000345,291.00000000,0
1531180464188,1531180464195,5000997,0.00000345,2403.00000000,0
1531180467896,1531180467902,5000998,0.00000345,1448.00000000,0
1531180471357,1531180471365,5000999,0.00000345,5997.00000000,0
1531180485257,1531180485265,5001000,0.00000345,500.00000000,0
1531180494378,1531180494386,5001001,0.00000345,2219.00000000,0
1531180521461,1531180521467,5001002,0.00000344,5873.00000000,1
1531180560133,1531180560140,5001003,0.00000344,31497.00000000,1
1531180560179,1531180560185,5001004,0.00000344,27387.00000000,1
1531180565927,1531180565935,5001005,0.00000344,378.00000000,0
1531180565927,1531180565935,5001006,0.00000345,1071.00000000,0
1531180566023,1531180566031,5001007,0.00000344,378.00000000,0
1531180566763,1531180566771,5001008,0.00000343,49.00000000,1
1531180566768,1531180566771,5001009,0.00000343,30093.00000000,1
1531180566768,1531180566771,5001010,0.00000343,18529.00000000,1
1531180567728,1531180567736,5001011,0.00000343,44.00000000,1
1531180569031,1531180569039,5001012,0.00000344,553.00000000,0
1531180569267,1531180569273,5001013,0.00000343,7517.00000000,1
1531180572249,1531180572256,5001014,0.00000344,554.00000000,0
1531180572625,1531180572633,5001015,0.00000344,553.00000000,0
1531180573856,1531180573862,5001016,0.00000344,347.00000000,0
1531180578266,1531180578272,5001017,0.00000344,364.00000000,0
1531180578996,1531180579004,5001018,0.00000344,2166.00000000,0
1531180581999,1531180582006,5001019,0.00000343,1398.00000000,1
1531180582296,1531180582302,5001020,0.00000343,413.00000000,1
1531180584531,1531180584538,5001021,0.00000343,18838.00000000,1
1531180584559,1531180584565,5001022,0.00000343,502.00000000,0
1531180584583,1531180584590,5001023,0.00000343,502.00000000,0
1531180584599,1531180584606,5001024,0.00000343,502.00000000,0
1531180584603,1531180584611,5001025,0.00000343,1900.00000000,0
1531180584766,1531180584772,5001026,0.00000343,502.00000000,0
1531180585042,1531180585048,5001027,0.00000343,503.00000000,0
1531180585242,1531180585249,5001028,0.00000343,388.00000000,0
1531180585273,1531180585279,5001029,0.00000343,641.00000000,0
1531180586277,1531180586284,5001030,0.00000343,2326.00000000,0
1531180586665,1531180586671,5001031,0.00000344,4.00000000,0
1531180586665,1531180586671,5001032,0.00000345,732.00000000,0
1531180588659,1531180588667,5001033,0.00000345,2792.00000000,0
1531180590480,1531180590486,5001034,0.00000345,389.00000000,0
1531180590954,1531180590960,5001035,0.00000343,4.00000000,1
1531180592129,1531180592136,5001036,0.00000345,4396.00000000,0
1531180601303,1531180601311,5001037,0.00000344,721.00000000,1
1531180601411,1531180601418,5001038,0.00000345,1324.00000000,0
1531180601967,1531180601972,5001039,0.00000343,2331.00000000,1
1531180603288,1531180603296,5001040,0.00000343,295.00000000,1
1531180606293,1531180606301,5001041,0.00000343,31601.00000000,1
1531180606398,1531180606405,5001042,0.00000345,554.00000000,0
1531180606451,1531180606458,5001043,0.00000345,554.00000000,0
1531180607012,1531180607019,5001044,0.00000345,1108.00000000,0
1531180607077,1531180607083,5001045,0.00000345,803.00000000,0
1531180609199,1531180609206,5001046,0.00000345,1385.00000000,0
1531180609717,1531180609723,5001047,0.00000345,554.00000000,0
1531180622351,1531180622357,5001048,0.00000343,589.00000000,1
1531180622375,1531180622382,5001049,0.00000343,2945.00000000,1
1531180622515,1531180622522,5001050,0.00000345,15349.00000000,0
1531180622845,1531180622853,5001051,0.00000343,884.00000000,1
1531180622947,1531180622954,5001052,0.00000343,589.00000000,1
1531180623810,1531180623816,5001053,0.00000343,295.00000000,1
1531180624060,1531180624067,5001054,0.00000343,8582.00000000,1
1531180624530,1531180624537,5001055,0.00000344,310.00000000,0
1531180625013,1531180625018,5001056,0.00000343,1108.00000000,1
1531180625513,1531180625522,5001057,0.00000343,8746.00000000,1
1531180629134,1531180629140,5001058,0.00000344,554.00000000,0
1531180637385,1531180637393,5001059,0.00000343,3510.00000000,1
1531180641113,1531180641120,5001060,0.00000343,2919.00000000,1
1531180642487,1531180642494,5001061,0.00000344,499.00000000,0
1531180643507,1531180643513,5001062,0.00000343,295.00000000,1
1531180647385,1531180647392,5001063,0.00000343,31593.00000000,1
1531180652684,1531180652691,5001064,0.00000344,21.00000000,0
1531180658721,1531180658727,5001065,0.00000343,31608.00000000,1
1531180660587,1531180660596,5001066,0.00000344,554.00000000,0
1531180661171,1531180661179,5001067,0.00000343,2464.00000000,1
1531180662240,1531180662248,5001068,0.00000343,10536.00000000,1
1531180665763,1531180665770,5001069,0.00000343,10536.00000000,1
1531180669953,1531180669960,5001070,0.00000343,1.00000000,1
1531180670791,1531180670797,5001071,0.00000343,3512.00000000,1
1531180674239,1531180674243,5001072,0.00000343,10536.00000000,1
1531180675717,1531180675722,5001073,0.00000343,2416.00000000,1
1531180680146,1531180680154,5001074,0.00000343,10551.00000000,1
1531180680170,1531180680177,5001075,0.00000343,8746.00000000,1
1531180681994,1531180682001,5001076,0.00000343,23232.00000000,1
1531180685686,1531180685693,5001077,0.00000344,347.00000000,0
1531180687902,1531180687911,5001078,0.00000342,49.00000000,1
1531180687905,1531180687911,5001079,0.00000342,12697.00000000,1
1531180688683,1531180688688,5001080,0.00000344,1.00000000,0
1531180688859,1531180688865,5001081,0.00000342,44.00000000,1
1531180690710,1531180690716,5001082,0.00000342,325.00000000,1
1531180690793,1531180690801,5001083,0.00000342,325.00000000,1
1531180699107,1531180699113,5001084,0.00000342,31718.00000000,1
1531180701492,1531180701497,5001085,0.00000342,5147.00000000,1
1531180702166,1531180702173,5001086,0.00000342,10575.00000000,1
1531180702211,1531180702218,5001087,0.00000342,20270.00000000,1
1531180705155,1531180705161,5001088,0.00000342,3525.00000000,1
1531180705280,1531180705286,5001089,0.00000343,1275.00000000,0
1531180705302,1531180705309,5001090,0.00000343,500.00000000,0
1531180705372,1531180705378,5001091,0.00000342,2156.00000000,1
1531180709049,1531180709056,5001092,0.00000343,3000.00000000,0
1531180713247,1531180713255,5001093,0.00000343,1994.00000000,0
1531180714646,1531180714653,5001094,0.00000342,2659.00000000,1
1531180716313,1531180716320,5001095,0.00000342,147.00000000,1
1531180716313,1531180716320,5001096,0.00000341,2484.00000000,1
1531180716314,1531180716320,5001097,0.00000341,5000.00000000,1
1531180716316,1531180716320,5001098,0.00000341,8370.00000000,1
1531180716316,1531180716320,5001099,0.00000341,8347.00000000,1
1531180719790,1531180719797,5001100,0.00000341,44.00000000,1
1531180719866,1531180719873,5001101,0.00000341,49.00000000,1
1531180722048,1531180722054,5001102,0.00000341,453.00000000,1
1531180722067,1531180722072,5001103,0.00000341,6630.00000000,1
1531180722404,1531180722411,5001104,0.00000342,486.00000000,0
1531180723128,1531180723132,5001105,0.00000341,103253.00000000,1
1531180723631,1531180723638,5001106,0.00000341,61627.00000000,1
1531180723659,1531180723666,5001107,0.00000341,918.00000000,1
1531180723778,1531180723784,5001108,0.00000341,616.00000000,0
1531180723895,1531180723901,5001109,0.00000341,393.00000000,0
1531180723903,1531180723911,5001110,0.00000341,477.00000000,0
1531180724442,1531180724449,5001111,0.00000341,874.00000000,0
1531180724447,1531180724452,5001112,0.00000341,3455.00000000,0
1531180724467,1531180724474,5001113,0.00000340,49.00000000,1
1531180724468,1531180724474,5001114,0.00000340,10717.00000000,1
1531180724468,1531180724474,5001115,0.00000340,2335.00000000,1
1531180724469,1531180724474,5001116,0.00000340,7000.00000000,1
1531180724470,1531180724474,5001117,0.00000340,4400.00000000,1
1531180724470,1531180724474,5001118,0.00000340,13202.00000000,1
1531180724471,1531180724474,5001119,0.00000340,9759.00000000,1
1531180724522,1531180724528,5001120,0.00000340,44.00000000,1
1531180725571,1531180725577,5001121,0.00000341,2857.00000000,0
1531180726522,1531180726530,5001122,0.00000340,1284.00000000,1
1531180726694,1531180726700,5001123,0.00000341,450.00000000,0
1531180727008,1531180727015,5001124,0.00000340,16305.00000000,1
1531180734142,1531180734147,5001125,0.00000340,2945.00000000,1
1531180735155,1531180735161,5001126,0.00000341,2.00000000,0
1531180736873,1531180736879,5001127,0.00000341,1535.00000000,0
1531180737294,1531180737300,5001128,0.00000340,3545.00000000,1
1531180738474,1531180738479,5001129,0.00000341,2924.00000000,0
1531180738638,1531180738643,5001130,0.00000340,9085.00000000,1
1531180739839,1531180739844,5001131,0.00000341,1000.00000000,0
1531180740115,1531180740121,5001132,0.00000340,3548.00000000,1
1531180740175,1531180740181,5001133,0.00000340,3548.00000000,1
1531180740952,1531180740957,5001134,0.00000340,3548.00000000,1
1531180742217,1531180742220,5001135,0.00000340,104659.00000000,1
1531180742312,1531180742318,5001136,0.00000340,20481.00000000,1
1531180743114,1531180743118,5001137,0.00000340,5990.00000000,0
1531180743114,1531180743118,5001138,0.00000341,89039.00000000,0
1531180743440,1531180743447,5001139,0.00000340,1725.00000000,0
1531180744758,1531180744764,5001140,0.00000339,384.00000000,1
1531180744760,1531180744764,5001141,0.00000339,84541.00000000,1
1531180744761,1531180744764,5001142,0.00000339,10498.00000000,1
1531180744761,1531180744764,5001143,0.00000339,295.00000000,1
1531180745569,1531180745575,5001144,0.00000339,44.00000000,1
1531180745590,1531180745596,5001145,0.00000339,49.00000000,1
1531180748071,1531180748078,5001146,0.00000339,2652.00000000,1
1531180754663,1531180754667,5001147,0.00000339,1067.00000000,1
1531180757099,1531180757104,5001148,0.00000339,10658.00000000,1
1531180759347,1531180759354,5001149,0.00000340,664.00000000,0
1531180762634,1531180762639,5001150,0.00000340,3882.00000000,0
1531180762886,1531180762892,5001151,0.00000339,4700.00000000,1
1531180764611,1531180764618,5001152,0.00000339,894.00000000,1
1531180764734,1531180764740,5001153,0.00000339,298.00000000,1
1531180764795,1531180764801,5001154,0.00000339,298.00000000,1
1531180764857,1531180764864,5001155,0.00000339,894.00000000,1
1531180768832,1531180768839,5001156,0.00000340,19237.00000000,0
1531180769857,1531180769863,5001157,0.00000340,433.00000000,0
1531180775355,1531180775361,5001158,0.00000339,8.00000000,1
1531180776583,1531180776588,5001159,0.00000339,2298.00000000,1
1531180776978,1531180776984,5001160,0.00000339,2710.00000000,1
1531180779138,1531180779144,5001161,0.00000339,2526.00000000,1
1531180784630,1531180784636,5001162,0.00000339,596.00000000,1
1531180784631,1531180784639,5001163,0.00000339,298.00000000,1
1531180784920,1531180784927,5001164,0.00000339,894.00000000,1
1531180785581,1531180785589,5001165,0.00000340,297.00000000,0
1531180785631,1531180785636,5001166,0.00000340,325.00000000,0
1531180785823,1531180785829,5001167,0.00000339,477.00000000,1
1531180785920,1531180785926,5001168,0.00000339,418.00000000,1
1531180786949,1531180786954,5001169,0.00000340,295.00000000,0
1531180789922,1531180789929,5001170,0.00000339,1.00000000,1
1531180796450,1531180796455,5001171,0.00000339,298.00000000,1
1531180796680,1531180796686,5001172,0.00000339,298.00000000,1
1531180803728,1531180803723,5001173,0.00000340,4347.00000000,0
1531180804720,1531180804726,5001174,0.00000340,27450.00000000,0
1531180804761,1531180804766,5001175,0.00000340,25508.00000000,1
1531180804771,1531180804775,5001176,0.00000340,1121.00000000,1
1531180805053,1531180805058,5001177,0.00000341,1267.00000000,0
1531180805168,1531180805173,5001178,0.00000341,1173.00000000,0
1531180805406,1531180805411,5001179,0.00000340,5959.00000000,1
1531180805558,1531180805564,5001180,0.00000340,596.00000000,1
1531180805604,1531180805611,5001181,0.00000340,865.00000000,1
1531180805691,1531180805698,5001182,0.00000340,312.00000000,1
1531180806288,1531180806292,5001183,0.00000341,295.00000000,0
1531180807136,1531180807142,5001184,0.00000341,555.00000000,0
1531180807268,1531180807275,5001185,0.00000341,29154.00000000,0
1531180807272,1531180807277,5001186,0.00000341,496.00000000,0
1531180808156,1531180808162,5001187,0.00000340,42021.00000000,1
1531180808984,1531180808990,5001188,0.00000341,1075.00000000,0
1531180810533,1531180810538,5001189,0.00000341,2497.00000000,0
1531180810827,1531180810833,5001190,0.00000341,2186.00000000,0
1531180810864,1531180810870,5001191,0.00000341,521.00000000,0
1531180810948,1531180810953,5001192,0.00000341,4432.00000000,0
1531180811644,1531180811651,5001193,0.00000341,460.00000000,0
1531180814639,1531180814643,5001194,0.00000341,20154.00000000,0
1531180814747,1531180814752,5001195,0.00000341,1441.00000000,0
1531180816413,1531180816420,5001196,0.00000341,87820.00000000,1
1531180817129,1531180817134,5001197,0.00000341,327.00000000,1
1531180824125,1531180824131,5001198,0.00000341,9628.00000000,0
1531180824125,1531180824131,5001199,0.00000342,18862.00000000,0
1531180826829,1531180826834,5001200,0.00000342,32867.00000000,0
1531180827036,1531180827044,5001201,0.00000341,3173.00000000,1
1531180827539,1531180827544,5001202,0.00000341,298.00000000,1
1531180828216,1531180828221,5001203,0.00000342,43167.00000000,0
1531180833198,1531180833205,5001204,0.00000342,757.00000000,0
1531180843708,1531180843714,5001205,0.00000341,10607.00000000,1
1531180843716,1531180843722,5001206,0.00000341,10607.00000000,1
1531180844068,1531180844074,5001207,0.00000341,8798.00000000,1
1531180844277,1531180844283,5001208,0.00000341,18943.00000000,1
1531180853984,1531180853991,5001209,0.00000340,400.00000000,1
1531180855133,1531180855136,5001210,0.00000342,535.00000000,0
1531180857312,1531180857317,5001211,0.00000342,10044.00000000,0
1531180863981,1531180863987,5001212,0.00000341,323.00000000,1
1531180869477,1531180869482,5001213,0.00000342,15065.00000000,0
1531180897421,1531180897427,5001214,0.00000341,867.00000000,1
1531180897512,1531180897516,5001215,0.00000341,2758.00000000,1
1531180907458,1531180907464,5001216,0.00000341,1182.00000000,1
1531180920647,1531180920651,5001217,0.00000341,298.00000000,0
1531180927142,1531180927148,5001218,0.00000340,2945.00000000,1
1531180930834,1531180930840,5001219,0.00000341,15065.00000000,0
1531180931072,1531180931064,5001220,0.00000340,3542.00000000,1
1531180934087,1531180934091,5001221,0.00000341,299.00000000,0
1531180937654,1531180937660,5001222,0.00000341,118.00000000,0
1531180938135,1531180938139,5001223,0.00000340,3543.00000000,1
1531180946094,1531180946099,5001224,0.00000340,10635.00000000,1
1531180946125,1531180946131,5001225,0.00000341,300.00000000,0
1531180950162,1531180950168,5001226,0.00000340,3546.00000000,1
1531180950730,1531180950734,5001227,0.00000341,2000.00000000,0
1531180953213,1531180953219,5001228,0.00000340,10639.00000000,1
1531180955131,1531180955137,5001229,0.00000341,301.00000000,0
1531180956117,1531180956121,5001230,0.00000340,10640.00000000,1
1531180959107,1531180959112,5001231,0.00000340,10641.00000000,1
1531180962132,1531180962137,5001232,0.00000340,96429.00000000,1
1531180963211,1531180963215,5001233,0.00000340,588.00000000,1
1531180963211,1531180963217,5001234,0.00000340,2353.00000000,1
1531180963211,1531180963217,5001235,0.00000339,2647.00000000,1
1531180963359,1531180963364,5001236,0.00000339,2352.00000000,1
1531180964098,1531180964102,5001237,0.00000339,96429.00000000,1
1531180964190,1531180964194,5001238,0.00000339,164076.00000000,1
1531180964190,1531180964194,5001239,0.00000338,42024.00000000,1
1531180964191,1531180964194,5001240,0.00000338,34628.00000000,1
1531180964529,1531180964532,5001241,0.00000339,5000.00000000,0
1531180964529,1531180964532,5001242,0.00000340,4097.00000000,0
1531180964529,1531180964532,5001243,0.00000341,11451.00000000,0
1531180964626,1531180964630,5001244,0.00000338,44575.00000000,1
1531180965111,1531180965115,5001245,0.00000339,323.00000000,1
1531180965111,1531180965115,5001246,0.00000338,12856.00000000,1
