event_time,trade_time,trade_id,price,quantity,maker
1531160892085,1531160892080,2713919,0.00000455,4566.00000000,0
1531160892085,1531160892080,2713920,0.00000456,684.00000000,0
1531160892085,1531160892080,2713921,0.00000457,3183.00000000,0
1531160950129,1531160950126,2713922,0.00000456,2286.00000000,0
1531160953495,1531160953491,2713923,0.00000455,181.00000000,1
1531160953524,1531160953520,2713924,0.00000455,269.00000000,1
1531160953524,1531160953520,2713925,0.00000454,1248.00000000,1
1531161295140,1531161295135,2713926,0.00000456,450.00000000,0
1531161298999,1531161298999,2713927,0.00000455,450.00000000,1
1531161299898,1531161299880,2713928,0.00000455,1020.00000000,0
1531161299898,1531161299880,2713929,0.00000457,16691.00000000,0
1531161304736,1531161304732,2713930,0.00000455,278.00000000,0
1531161310317,1531161310313,2713931,0.00000455,1825.00000000,0
1531161316819,1531161316815,2713932,0.00000456,917.00000000,0
1531161323893,1531161323892,2713933,0.00000455,551.00000000,1
1531161324095,1531161324091,2713934,0.00000455,1021.00000000,1
1531161325242,1531161325240,2713935,0.00000455,703.00000000,1
1531161327109,1531161327104,2713936,0.00000454,692.00000000,1
1531161327109,1531161327104,2713937,0.00000453,541.00000000,1
1531161363586,1531161363582,2713938,0.00000454,214.00000000,1
1531161496116,1531161496113,2713939,0.00000455,1735.00000000,0
1531161623199,1531161623197,2713940,0.00000454,1500.00000000,1
1531161670752,1531161670751,2713941,0.00000454,115.00000000,1
1531161707488,1531161707484,2713942,0.00000453,471.00000000,1
1531161842462,1531161842457,2713943,0.00000453,1498.00000000,1
1531161846224,1531161846220,2713944,0.00000454,4014.00000000,0
1531161846224,1531161846220,2713945,0.00000455,658.00000000,0
1531161846224,1531161846220,2713946,0.00000456,246.00000000,0
1531161846224,1531161846220,2713947,0.00000457,6042.00000000,0
1531161846224,1531161846220,2713948,0.00000458,16391.00000000,0
1531161846237,1531161846232,2713949,0.00000458,16799.00000000,1
1531161848454,1531161848449,2713950,0.00000455,450.00000000,1
1531161863848,1531161863845,2713951,0.00000456,379.00000000,0
1531161940517,1531161940513,2713952,0.00000455,252.00000000,1
1531162367687,1531162367681,2713953,0.00000456,775.00000000,0
1531162367687,1531162367681,2713954,0.00000457,37.00000000,0
1531162626464,1531162626459,2713955,0.00000455,22284.00000000,1
1531162628153,1531162628148,2713956,0.00000454,243.00000000,1
1531162629167,1531162629162,2713957,0.00000454,450.00000000,1
1531162993271,1531162993267,2713958,0.00000453,6640.00000000,1
1531163058052,1531163058046,2713959,0.00000453,633.00000000,1
1531163084049,1531163084043,2713960,0.00000453,463.00000000,1
1531163087047,1531163087042,2713961,0.00000453,2495.00000000,1
1531163089057,1531163089052,2713962,0.00000453,463.00000000,1
1531163093935,1531163093928,2713963,0.00000453,662.00000000,1
1531163093935,1531163093928,2713964,0.00000452,22202.00000000,1
1531163097047,1531163097043,2713965,0.00000453,331.00000000,1
1531163102068,1531163102062,2713966,0.00000453,364.00000000,1
1531163105048,1531163105045,2713967,0.00000453,350.00000000,1
1531163106052,1531163106048,2713968,0.00000453,1833.00000000,1
1531163162063,1531163162057,2713969,0.00000453,20027.00000000,1
1531163165056,1531163165051,2713970,0.00000453,1833.00000000,1
1531163166773,1531163166768,2713971,0.00000452,253.00000000,1
1531163186655,1531163186651,2713972,0.00000452,336.00000000,1
1531163223176,1531163223172,2713973,0.00000452,891.00000000,1
1531163455631,1531163455622,2713974,0.00000454,2202.00000000,0
1531163457823,1531163457819,2713975,0.00000452,1574.00000000,1
1531163629326,1531163629319,2713976,0.00000454,263.00000000,0
1531163659896,1531163659891,2713977,0.00000453,450.00000000,1
1531163994791,1531163994784,2713978,0.00000452,10754.00000000,1
1531164060039,1531164060033,2713979,0.00000451,688.00000000,1
1531164060077,1531164060071,2713980,0.00000451,1564.00000000,0
1531164060109,1531164060103,2713981,0.00000451,1201.00000000,0
1531164060114,1531164060111,2713982,0.00000451,250.00000000,0
1531164117002,1531164116994,2713983,0.00000450,254.00000000,1
1531164169426,1531164169420,2713984,0.00000450,3316.00000000,1
1531164317395,1531164317392,2713985,0.00000450,266.00000000,0
1531164340001,1531164339995,2713986,0.00000450,266.00000000,0
1531164510028,1531164510022,2713987,0.00000450,11061.00000000,0
1531164525849,1531164525844,2713988,0.00000450,6847.00000000,0
1531164612107,1531164612101,2713989,0.00000450,266.00000000,0
1531164630372,1531164630366,2713990,0.00000450,266.00000000,0
1531164646247,1531164646242,2713991,0.00000450,444.00000000,0
1531164647258,1531164647251,2713992,0.00000450,5884.00000000,0
1531164680438,1531164680431,2713993,0.00000449,70291.00000000,1
1531164966431,1531164966426,2713994,0.00000450,250.00000000,0
1531164990118,1531164990112,2713995,0.00000450,880.00000000,0
1531165210944,1531165210939,2713996,0.00000450,266.00000000,0
1531165226030,1531165226025,2713997,0.00000450,266.00000000,0
1531165236753,1531165236748,2713998,0.00000450,444.00000000,0
1531165372027,1531165372021,2713999,0.00000449,1692.00000000,1
1531165509535,1531165509528,2714000,0.00000450,266.00000000,0
1531165528133,1531165528126,2714001,0.00000450,266.00000000,0
1531165630763,1531165630757,2714002,0.00000449,157.00000000,1
1531165631199,1531165631193,2714003,0.00000449,2227.00000000,0
1531165631250,1531165631244,2714004,0.00000449,6810.00000000,0
1531165686066,1531165686060,2714005,0.00000449,2000.00000000,0
1531165809664,1531165809658,2714006,0.00000449,267.00000000,0
1531165830663,1531165830656,2714007,0.00000449,267.00000000,0
1531165858932,1531165858927,2714008,0.00000449,937.00000000,0
1531166110270,1531166110264,2714009,0.00000449,267.00000000,0
1531166122993,1531166122988,2714010,0.00000449,2227.00000000,0
1531166137699,1531166137697,2714011,0.00000449,267.00000000,0
1531166170830,1531166170824,2714012,0.00000449,2767.00000000,0
1531166409202,1531166409196,2714013,0.00000450,266.00000000,0
1531166433798,1531166433796,2714014,0.00000450,266.00000000,0
1531166661178,1531166661172,2714015,0.00000450,250.00000000,0
1531166709216,1531166709212,2714016,0.00000450,266.00000000,0
1531166729253,1531166729247,2714017,0.00000450,266.00000000,0
1531167016694,1531167016689,2714018,0.00000450,266.00000000,0
1531167049718,1531167049712,2714019,0.00000450,266.00000000,0
1531167096781,1531167096774,2714020,0.00000449,1849.00000000,1
1531167151597,1531167151593,2714021,0.00000449,1563.00000000,0
1531167151661,1531167151656,2714022,0.00000449,1753.00000000,0
1531167151677,1531167151674,2714023,0.00000449,2.00000000,0
1531167312647,1531167312640,2714024,0.00000450,266.00000000,0
1531167350041,1531167350034,2714025,0.00000450,266.00000000,0
1531167447168,1531167447164,2714026,0.00000449,87.00000000,1
1531167610191,1531167610186,2714027,0.00000450,266.00000000,0
1531167641176,1531167641172,2714028,0.00000450,266.00000000,0
1531167708374,1531167708370,2714029,0.00000450,449.00000000,0
1531167916319,1531167916314,2714030,0.00000450,266.00000000,0
1531167945586,1531167945583,2714031,0.00000450,266.00000000,0
1531168078405,1531168078399,2714032,0.00000450,2613.00000000,0
1531168218558,1531168218553,2714033,0.00000450,266.00000000,0
1531168249165,1531168249164,2714034,0.00000450,266.00000000,0
1531168525227,1531168525222,2714035,0.00000450,266.00000000,0
1531168565773,1531168565767,2714036,0.00000450,266.00000000,0
1531168776149,1531168776143,2714037,0.00000450,2733.00000000,0
1531168819397,1531168819391,2714038,0.00000450,266.00000000,0
1531168829537,1531168829531,2714039,0.00000449,17908.00000000,1
1531168858420,1531168855414,2714040,0.00000450,266.00000000,0
1531168941933,1531168941927,2714041,0.00000449,53828.00000000,1
1531168941933,1531168941927,2714042,0.00000448,11440.00000000,1
1531169119014,1531169119008,2714043,0.00000450,266.00000000,0
1531169160755,1531169160749,2714044,0.00000450,266.00000000,0
1531169201881,1531169201875,2714045,0.00000450,5468.00000000,0
1531169221096,1531169221092,2714046,0.00000450,229.00000000,0
1531169243823,1531169243817,2714047,0.00000450,1988.00000000,1
1531169423625,1531169423619,2714048,0.00000450,266.00000000,0
1531169463008,1531169463003,2714049,0.00000450,266.00000000,0
1531169478832,1531169478826,2714050,0.00000450,1587.00000000,0
1531169492736,1531169492731,2714051,0.00000448,3793.00000000,1
1531169554762,1531169554759,2714052,0.00000448,10000.00000000,1
1531169555369,1531169555364,2714053,0.00000448,13483.00000000,1
1531169556173,1531169556168,2714054,0.00000448,1998.00000000,1
1531169557347,1531169557340,2714055,0.00000448,8988.00000000,1
1531169558054,1531169558049,2714056,0.00000448,3843.00000000,1
1531169558153,1531169558147,2714057,0.00000448,1514.00000000,1
1531169586857,1531169586851,2714058,0.00000448,19943.00000000,1
1531169666838,1531169666832,2714059,0.00000448,21181.00000000,1
1531169830675,1531169830671,2714060,0.00000451,1108.00000000,0
1531169969335,1531169969328,2714061,0.00000451,2217.00000000,0
1531170162351,1531170162345,2714062,0.00000449,1068.00000000,1
1531170174203,1531170174197,2714063,0.00000451,22391.00000000,0
1531170371672,1531170371667,2714064,0.00000451,3414.00000000,1
1531170478303,1531170478297,2714065,0.00000451,1564.00000000,1
1531170609112,1531170609105,2714066,0.00000451,1007.00000000,1
1531170612097,1531170612091,2714067,0.00000449,5788.00000000,1
1531171032998,1531171032991,2714068,0.00000449,1205.00000000,1
1531171161088,1531171161083,2714069,0.00000449,6993.00000000,1
1531171474264,1531171474259,2714070,0.00000449,2000.00000000,1
1531172057029,1531172057024,2714071,0.00000449,1452.00000000,1
1531172888044,1531172888039,2714072,0.00000449,407.00000000,1
1531173304684,1531173304681,2714073,0.00000449,1.00000000,1
1531173527458,1531173527455,2714074,0.00000449,2595.00000000,1
1531174235910,1531174235908,2714075,0.00000451,2217.00000000,0
1531174677394,1531174677392,2714076,0.00000451,6000.00000000,0
1531175027366,1531175027363,2714077,0.00000449,4001.00000000,1
1531175212572,1531175212568,2714078,0.00000449,116637.00000000,1
1531175222627,1531175222624,2714079,0.00000451,1680.00000000,0
1531175528977,1531175528974,2714080,0.00000448,352.00000000,1
1531175538737,1531175538736,2714081,0.00000448,15402.00000000,1
1531175561710,1531175561707,2714082,0.00000449,424.00000000,0
1531175565007,1531175565004,2714083,0.00000449,4537.00000000,0
1531175565007,1531175565004,2714084,0.00000450,1336.00000000,0
1531175565007,1531175565004,2714085,0.00000451,14340.00000000,0
1531175627814,1531175627811,2714086,0.00000448,563.00000000,1
1531175707474,1531175707471,2714087,0.00000451,1021.00000000,0
1531175707483,1531175707481,2714088,0.00000451,748.00000000,0
1531176170492,1531176170491,2714089,0.00000451,171.00000000,0
1531176646002,1531176646001,2714090,0.00000451,4420.00000000,0
1531176816389,1531176816388,2714091,0.00000449,1074.00000000,1
1531176871254,1531176871254,2714092,0.00000449,249.00000000,1
1531177269955,1531177269953,2714093,0.00000449,599.00000000,1
1531177601661,1531177601661,2714094,0.00000449,1855.00000000,1
1531177601661,1531177601661,2714095,0.00000448,7158.00000000,1
1531177638200,1531177638201,2714096,0.00000449,1744.00000000,1
1531177641955,1531177641955,2714097,0.00000450,59.00000000,0
1531177931195,1531177931197,2714098,0.00000449,33.00000000,1
1531177937736,1531177937738,2714099,0.00000448,45.00000000,1
1531177954853,1531177954854,2714100,0.00000449,3147.00000000,0
1531177962558,1531177962559,2714101,0.00000449,45.00000000,0
1531177962558,1531177962559,2714102,0.00000450,35.00000000,0
1531177965546,1531177965548,2714103,0.00000450,1.00000000,0
1531178102501,1531178102502,2714104,0.00000448,800.00000000,1
1531178143362,1531178143366,2714105,0.00000450,173.00000000,0
1531178255070,1531178255072,2714106,0.00000448,57.00000000,1
1531178357859,1531178357863,2714107,0.00000450,1100.00000000,0
1531178366263,1531178366266,2714108,0.00000450,3.00000000,0
1531178416666,1531178416670,2714109,0.00000448,142.00000000,1
1531178448961,1531178448965,2714110,0.00000449,1777.00000000,1
1531178546889,1531178546894,2714111,0.00000448,800.00000000,1
1531178569964,1531178569969,2714112,0.00000448,28434.00000000,1
1531178601351,1531178601354,2714113,0.00000449,154.00000000,0
1531178604358,1531178604363,2714114,0.00000449,1.00000000,0
1531178637555,1531178637560,2714115,0.00000449,912.00000000,0
1531178643675,1531178643678,2714116,0.00000449,2000.00000000,0
1531178648195,1531178648200,2714117,0.00000449,2000.00000000,0
1531178652931,1531178652936,2714118,0.00000449,2000.00000000,0
1531178660398,1531178660402,2714119,0.00000449,2000.00000000,0
1531178712034,1531178712040,2714120,0.00000449,61.00000000,0
1531178716045,1531178716050,2714121,0.00000449,1.00000000,0
1531178802694,1531178802699,2714122,0.00000449,10.00000000,0
1531178831284,1531178831289,2714123,0.00000448,1203.00000000,1
1531178867370,1531178867373,2714124,0.00000448,1209.00000000,1
1531178984646,1531178984652,2714125,0.00000449,4088.00000000,0
1531178992441,1531178992446,2714126,0.00000448,19425.00000000,1
1531179016319,1531179016322,2714127,0.00000448,7.00000000,1
1531179135012,1531179135016,2714128,0.00000449,2227.00000000,0
1531179216214,1531179216219,2714129,0.00000449,13.00000000,0
1531179409084,1531179409090,2714130,0.00000448,5000.00000000,1
1531179448720,1531179448724,2714131,0.00000448,267.00000000,1
1531179601887,1531179601894,2714132,0.00000448,917.00000000,1
1531179695814,1531179695813,2714133,0.00000448,41271.00000000,1
1531179695814,1531179695813,2714134,0.00000447,65165.00000000,1
1531179695814,1531179695813,2714135,0.00000446,12323.00000000,1
1531179695814,1531179695813,2714136,0.00000445,7783.00000000,1
1531179695814,1531179695813,2714137,0.00000444,15410.00000000,1
1531179695814,1531179695813,2714138,0.00000443,63419.00000000,1
1531179695814,1531179695813,2714139,0.00000442,10885.00000000,1
1531179695814,1531179695813,2714140,0.00000441,47262.00000000,1
1531179695814,1531179695813,2714141,0.00000441,1500.00000000,1
1531179695814,1531179695813,2714142,0.00000441,7841.00000000,1
1531179695815,1531179695813,2714143,0.00000441,2610.00000000,1
1531179695834,1531179695840,2714144,0.00000443,1500.00000000,0
1531179695834,1531179695840,2714145,0.00000444,2500.00000000,0
1531179695858,1531179695865,2714146,0.00000449,2500.00000000,0
1531179695880,1531179695886,2714147,0.00000446,2500.00000000,1
1531179695910,1531179695915,2714148,0.00000446,1479.00000000,1
1531179695910,1531179695915,2714149,0.00000443,1713.00000000,1
1531179696435,1531179696442,2714150,0.00000443,32.00000000,1
1531179696670,1531179696677,2714151,0.00000445,2247.00000000,0
1531179696836,1531179696843,2714152,0.00000445,5502.00000000,0
1531179696930,1531179696937,2714153,0.00000445,43.00000000,0
1531179696990,1531179696995,2714154,0.00000445,2253.00000000,0
1531179698612,1531179698618,2714155,0.00000444,239.00000000,0
1531179698709,1531179698716,2714156,0.00000444,324.00000000,0
1531179700599,1531179700605,2714157,0.00000445,238.00000000,0
1531179703475,1531179703482,2714158,0.00000446,2490.00000000,0
1531179708811,1531179708817,2714159,0.00000446,224.00000000,0
1531179715764,1531179715768,2714160,0.00000445,43.00000000,1
1531179715764,1531179715768,2714161,0.00000442,238.00000000,1
1531179715764,1531179715768,2714162,0.00000441,1824.00000000,1
1531179716061,1531179716068,2714163,0.00000445,5.00000000,0
1531179716985,1531179716990,2714164,0.00000442,2132.00000000,1
1531179721276,1531179721283,2714165,0.00000442,32.00000000,1
1531179728115,1531179728121,2714166,0.00000444,339.00000000,0
1531179733302,1531179733309,2714167,0.00000442,2132.00000000,1
1531179733612,1531179733618,2714168,0.00000442,1248.00000000,1
1531179734043,1531179734049,2714169,0.00000442,2132.00000000,1
1531179741770,1531179741778,2714170,0.00000442,20.00000000,1
1531179742053,1531179742061,2714171,0.00000442,20.00000000,1
1531179744935,1531179744940,2714172,0.00000442,2145.00000000,1
1531179753794,1531179753801,2714173,0.00000442,686.00000000,1
1531179754129,1531179754136,2714174,0.00000442,343.00000000,1
1531179754495,1531179754501,2714175,0.00000442,259.00000000,1
1531179754545,1531179754552,2714176,0.00000442,2286.00000000,1
1531179765144,1531179765151,2714177,0.00000442,4342.00000000,1
1531179766727,1531179766730,2714178,0.00000444,152.00000000,0
1531179797578,1531179797584,2714179,0.00000443,1021.00000000,0
1531179800189,1531179800194,2714180,0.00000443,620.00000000,0
1531179800189,1531179800194,2714181,0.00000444,293.00000000,0
1531179800189,1531179800194,2714182,0.00000445,185.00000000,0
1531179803431,1531179803438,2714183,0.00000445,362.00000000,0
1531179921728,1531179921735,2714184,0.00000445,224.00000000,0
1531179935729,1531179935734,2714185,0.00000445,2247.00000000,0
1531179986586,1531179986591,2714186,0.00000443,2.00000000,1
1531179991523,1531179991530,2714187,0.00000444,3403.00000000,0
1531179991523,1531179991530,2714188,0.00000445,2683.00000000,0
1531180004259,1531180004265,2714189,0.00000445,224.00000000,0
1531180057799,1531180057806,2714190,0.00000445,16.00000000,0
1531180085724,1531180085732,2714191,0.00000445,1123.00000000,0
1531180196489,1531180196493,2714192,0.00000445,674.00000000,0
1531180216737,1531180216742,2714193,0.00000445,449.00000000,0
1531180281088,1531180281094,2714194,0.00000445,1123.00000000,0
1531180315055,1531180315060,2714195,0.00000445,224.00000000,0
1531180377406,1531180377413,2714196,0.00000445,62.00000000,0
1531180513224,1531180513233,2714197,0.00000442,1299.00000000,1
1531180548558,1531180548564,2714198,0.00000442,3463.00000000,1
1531180548558,1531180548564,2714199,0.00000441,1075.00000000,1
1531180548558,1531180548564,2714200,0.00000440,1183.00000000,1
1531180548558,1531180548564,2714201,0.00000439,3051.00000000,1
1531180548564,1531180548564,2714202,0.00000439,26468.00000000,1
1531180548564,1531180548564,2714203,0.00000438,39481.00000000,1
1531180548564,1531180548564,2714204,0.00000437,36623.00000000,1
1531180548564,1531180548564,2714205,0.00000436,72025.00000000,1
1531180548564,1531180548564,2714206,0.00000435,32541.00000000,1
1531180548565,1531180548564,2714207,0.00000435,32295.00000000,1
1531180548565,1531180548564,2714208,0.00000435,1418.00000000,1
1531180548567,1531180548564,2714209,0.00000435,44428.00000000,1
1531180548576,1531180548583,2714210,0.00000436,16073.00000000,0
1531180548576,1531180548583,2714211,0.00000438,16249.00000000,0
1531180548580,1531180548588,2714212,0.00000438,2000.00000000,0
1531180548580,1531180548588,2714213,0.00000438,2000.00000000,0
1531180548581,1531180548588,2714214,0.00000438,2000.00000000,0
1531180548593,1531180548602,2714215,0.00000435,4000.00000000,1
1531180548596,1531180548604,2714216,0.00000438,2000.00000000,0
1531180548606,1531180548614,2714217,0.00000438,1564.00000000,0
1531180548610,1531180548617,2714218,0.00000438,29477.00000000,0
1531180548618,1531180548625,2714219,0.00000438,2283.00000000,0
1531180548634,1531180548643,2714220,0.00000438,32322.00000000,0
1531180548642,1531180548649,2714221,0.00000438,16037.00000000,0
1531180548673,1531180548679,2714222,0.00000438,2283.00000000,0
1531180548711,1531180548694,2714223,0.00000438,6849.00000000,0
1531180548713,1531180548718,2714224,0.00000438,6849.00000000,0
1531180548746,1531180548752,2714225,0.00000438,12914.00000000,0
1531180549066,1531180549075,2714226,0.00000436,769.00000000,1
1531180549116,1531180549123,2714227,0.00000437,275.00000000,0
1531180549139,1531180549146,2714228,0.00000438,30311.00000000,0
1531180549594,1531180549601,2714229,0.00000438,8786.00000000,0
1531180550007,1531180550014,2714230,0.00000438,1364.00000000,0
1531180550161,1531180550167,2714231,0.00000437,563.00000000,0
1531180550677,1531180550685,2714232,0.00000438,2283.00000000,0
1531180551296,1531180551303,2714233,0.00000437,2477.00000000,0
1531180551431,1531180551439,2714234,0.00000437,492.00000000,0
1531180551674,1531180551682,2714235,0.00000438,2283.00000000,0
1531180551716,1531180551723,2714236,0.00000436,769.00000000,1
1531180551840,1531180551847,2714237,0.00000438,26035.00000000,0
1531180551853,1531180551860,2714238,0.00000436,16.00000000,1
1531180552673,1531180552680,2714239,0.00000438,2283.00000000,0
1531180553612,1531180553618,2714240,0.00000438,1287.00000000,0
1531180553627,1531180553634,2714241,0.00000438,2224.00000000,0
1531180553679,1531180553686,2714242,0.00000438,2283.00000000,0
1531180554667,1531180554673,2714243,0.00000438,2283.00000000,0
1531180554699,1531180554706,2714244,0.00000438,1254.00000000,0
1531180555668,1531180555676,2714245,0.00000438,2283.00000000,0
1531180556685,1531180556693,2714246,0.00000438,2283.00000000,0
1531180557661,1531180557667,2714247,0.00000438,2283.00000000,0
1531180557698,1531180557707,2714248,0.00000436,12530.00000000,1
1531180557711,1531180557718,2714249,0.00000435,3237.00000000,0
1531180558262,1531180558268,2714250,0.00000438,845.00000000,0
1531180558560,1531180558568,2714251,0.00000438,13186.00000000,0
1531180558678,1531180558685,2714252,0.00000438,2283.00000000,0
1531180559490,1531180559496,2714253,0.00000438,1364.00000000,0
1531180559655,1531180559663,2714254,0.00000438,2283.00000000,0
1531180559726,1531180559733,2714255,0.00000437,688.00000000,0
1531180559768,1531180559775,2714256,0.00000438,9200.00000000,0
1531180560665,1531180560672,2714257,0.00000438,2283.00000000,0
1531180561354,1531180561361,2714258,0.00000438,845.00000000,0
1531180561660,1531180561668,2714259,0.00000438,2283.00000000,0
1531180562083,1531180562091,2714260,0.00000437,2477.00000000,0
1531180562662,1531180562670,2714261,0.00000438,2283.00000000,0
1531180563672,1531180563678,2714262,0.00000438,2283.00000000,0
1531180564257,1531180564265,2714263,0.00000438,845.00000000,0
1531180564678,1531180564684,2714264,0.00000438,2283.00000000,0
1531180565666,1531180565672,2714265,0.00000438,2283.00000000,0
1531180566161,1531180566168,2714266,0.00000438,300.00000000,0
1531180566641,1531180566648,2714267,0.00000438,11095.00000000,0
1531180566671,1531180566678,2714268,0.00000438,2283.00000000,0
1531180567347,1531180567355,2714269,0.00000438,37327.00000000,0
1531180570577,1531180570584,2714270,0.00000435,5076.00000000,1
1531180570635,1531180570640,2714271,0.00000434,5076.00000000,1
1531180570660,1531180570669,2714272,0.00000435,4344.00000000,0
1531180571703,1531180571711,2714273,0.00000434,2202.00000000,1
1531180572047,1531180572054,2714274,0.00000434,20876.00000000,1
1531180572367,1531180572373,2714275,0.00000434,1926.00000000,1
1531180572821,1531180572828,2714276,0.00000434,2132.00000000,1
1531180574055,1531180574063,2714277,0.00000434,10183.00000000,1
1531180574603,1531180574610,2714278,0.00000435,318.00000000,0
1531180576425,1531180576430,2714279,0.00000435,5220.00000000,0
1531180576926,1531180576933,2714280,0.00000435,1532.00000000,0
1531180581165,1531180581173,2714281,0.00000437,2.00000000,0
1531180582136,1531180582143,2714282,0.00000434,60.00000000,1
1531180589780,1531180589786,2714283,0.00000434,1791.00000000,1
1531180591785,1531180591791,2714284,0.00000433,478.00000000,1
1531180591785,1531180591791,2714285,0.00000433,22474.00000000,1
1531180602619,1531180602626,2714286,0.00000433,700.00000000,1
1531180602895,1531180602901,2714287,0.00000433,264.00000000,1
1531180603030,1531180603037,2714288,0.00000433,350.00000000,1
1531180608205,1531180608213,2714289,0.00000434,157.00000000,0
1531180611987,1531180611995,2714290,0.00000435,56.00000000,0
1531180621640,1531180621625,2714291,0.00000435,310.00000000,0
1531180622879,1531180622886,2714292,0.00000434,1480.00000000,1
1531180623105,1531180623110,2714293,0.00000434,643.00000000,0
1531180624047,1531180624055,2714294,0.00000434,205.00000000,0
1531180624047,1531180624055,2714295,0.00000435,3541.00000000,0
1531180631481,1531180631487,2714296,0.00000434,1013.00000000,0
1531180636731,1531180636737,2714297,0.00000434,230.00000000,0
1531180639551,1531180639555,2714298,0.00000434,1233.00000000,0
1531180647815,1531180647821,2714299,0.00000434,2.00000000,0
1531180649431,1531180649435,2714300,0.00000434,688.00000000,1
1531180649431,1531180649435,2714301,0.00000433,2361.00000000,1
1531180652696,1531180652701,2714302,0.00000435,824.00000000,0
1531180652696,1531180652701,2714303,0.00000436,571.00000000,0
1531180652696,1531180652701,2714304,0.00000437,2456.00000000,0
1531180652696,1531180652701,2714305,0.00000438,18570.00000000,0
1531180653318,1531180653325,2714306,0.00000434,242.00000000,1
1531180663509,1531180663516,2714307,0.00000435,233.00000000,0
1531180706412,1531180706419,2714308,0.00000435,949.00000000,0
1531180725853,1531180725859,2714309,0.00000434,1251.00000000,1
1531180737319,1531180737324,2714310,0.00000434,1.00000000,0
1531180753421,1531180753427,2714311,0.00000434,460.00000000,0
1531180779930,1531180779938,2714312,0.00000434,250.00000000,0
1531180783750,1531180783756,2714313,0.00000434,2382.00000000,0
1531180785522,1531180785514,2714314,0.00000433,264.00000000,1
1531180896062,1531180896069,2714315,0.00000433,2247.00000000,1
1531180915257,1531180915263,2714316,0.00000433,32.00000000,1
1531180919336,1531180919341,2714317,0.00000433,444.00000000,1
1531180921220,1531180921225,2714318,0.00000435,1442.00000000,0
1531180926751,1531180926756,2714319,0.00000436,1066.00000000,0
1531180930505,1531180930509,2714320,0.00000436,458.00000000,0
1531180948965,1531180948970,2714321,0.00000435,333.00000000,1
1531180951185,1531180951192,2714322,0.00000436,558.00000000,0
1531180951203,1531180951209,2714323,0.00000436,1563.00000000,0
1531180954426,1531180954430,2714324,0.00000436,2293.00000000,0
1531180973855,1531180973859,2714325,0.00000435,423.00000000,1
1531181112146,1531181112151,2714326,0.00000436,474.00000000,0
1531181170478,1531181170482,2714327,0.00000435,1934.00000000,1
1531181174115,1531181174117,2714328,0.00000435,4564.00000000,0
1531181237774,1531181237777,2714329,0.00000435,325.00000000,0
1531181286783,1531181286786,2714330,0.00000434,8181.00000000,1
1531181286801,1531181286804,2714331,0.00000434,4980.00000000,1
1531181287249,1531181287254,2714332,0.00000434,16234.00000000,1
1531181295228,1531181295233,2714333,0.00000435,1149.00000000,0
1531181300823,1531181300821,2714334,0.00000434,25926.00000000,1
1531181300823,1531181300821,2714335,0.00000433,203881.00000000,1
1531181300823,1531181300821,2714336,0.00000432,141024.00000000,1
1531181300823,1531181300821,2714337,0.00000431,2094.00000000,1
1531181302059,1531181302063,2714338,0.00000432,19.00000000,0
1531181302241,1531181302245,2714339,0.00000431,5235.00000000,1
1531181304608,1531181304611,2714340,0.00000430,1164.00000000,1
1531181305211,1531181305216,2714341,0.00000431,1371.00000000,1
1531181307230,1531181307233,2714342,0.00000432,1168.00000000,0
1531181310774,1531181310778,2714343,0.00000432,1168.00000000,0
1531181349956,1531181349961,2714344,0.00000431,352.00000000,1
1531181350107,1531181350112,2714345,0.00000431,265.00000000,1
1531181373930,1531181373933,2714346,0.00000432,4766.00000000,0
1531181384246,1531181384250,2714347,0.00000432,463.00000000,1
1531181385926,1531181385930,2714348,0.00000432,1378.00000000,1
1531181438242,1531181438246,2714349,0.00000433,231.00000000,0
1531181440788,1531181440789,2714350,0.00000432,6.00000000,1
1531181440788,1531181440789,2714351,0.00000431,537.00000000,1
1531181496596,1531181496599,2714352,0.00000431,1971.00000000,1
1531181496597,1531181496599,2714353,0.00000430,8351.00000000,1
1531181506727,1531181506728,2714354,0.00000430,2286.00000000,1
1531181568446,1531181568445,2714355,0.00000430,75574.00000000,1
1531181568446,1531181568445,2714356,0.00000429,1611.00000000,1
1531181568446,1531181568445,2714357,0.00000428,4958.00000000,1
1531181568446,1531181568445,2714358,0.00000427,17857.00000000,1
1531181570885,1531181570889,2714359,0.00000429,1364.00000000,0
1531181571552,1531181571555,2714360,0.00000429,1374.00000000,0
1531181572624,1531181572627,2714361,0.00000429,1364.00000000,0
1531181573816,1531181573819,2714362,0.00000427,14768.00000000,1
1531181577466,1531181577468,2714363,0.00000427,9285.00000000,1
1531181579565,1531181579569,2714364,0.00000428,14.00000000,1
1531181581605,1531181581607,2714365,0.00000430,1296.00000000,0
1531181581605,1531181581607,2714366,0.00000431,246.00000000,0
1531181581605,1531181581607,2714367,0.00000432,4432.00000000,0
1531181586553,1531181586557,2714368,0.00000429,245.00000000,1
1531181586553,1531181586557,2714369,0.00000428,80.00000000,1
1531181591913,1531181591917,2714370,0.00000428,318.00000000,1
1531181596844,1531181596846,2714371,0.00000428,2096.00000000,1
1531181597334,1531181597336,2714372,0.00000428,150.00000000,1
1531181597334,1531181597336,2714373,0.00000427,1946.00000000,1
1531181597543,1531181597547,2714374,0.00000427,2217.00000000,1
1531181598587,1531181598589,2714375,0.00000428,2096.00000000,1
1531181599354,1531181599359,2714376,0.00000428,2212.00000000,1
1531181600038,1531181600040,2714377,0.00000428,936.00000000,1
1531181600038,1531181600040,2714378,0.00000427,1276.00000000,1
1531181602605,1531181602608,2714379,0.00000430,2000.00000000,0
1531181602605,1531181602608,2714380,0.00000431,246.00000000,0
1531181602605,1531181602608,2714381,0.00000432,245.00000000,0
1531181612320,1531181612325,2714382,0.00000429,708.00000000,1
1531181612542,1531181612547,2714383,0.00000429,267.00000000,1
1531181626004,1531181626002,2714384,0.00000431,730.00000000,0
1531181626004,1531181626002,2714385,0.00000432,245.00000000,0
1531181626004,1531181626002,2714386,0.00000433,10187.00000000,0
1531181631055,1531181631059,2714387,0.00000431,302.00000000,1
1531181632786,1531181632787,2714388,0.00000431,2157.00000000,1
1531181632786,1531181632787,2714389,0.00000430,245.00000000,1
1531181632786,1531181632787,2714390,0.00000429,8974.00000000,1
1531181648735,1531181648739,2714391,0.00000431,40.00000000,0
1531181653871,1531181653875,2714392,0.00000431,2419.00000000,0
1531181653908,1531181653910,2714393,0.00000432,332.00000000,0
1531181653908,1531181653910,2714394,0.00000433,609.00000000,0
1531181653908,1531181653910,2714395,0.00000434,2970.00000000,0
1531181653908,1531181653910,2714396,0.00000435,704.00000000,0
1531181653908,1531181653910,2714397,0.00000436,1337.00000000,0
1531181653908,1531181653910,2714398,0.00000437,5648.00000000,0
1531181654193,1531181654196,2714399,0.00000437,1094.00000000,0
1531181723381,1531181723383,2714400,0.00000435,23.00000000,0
1531181726389,1531181726394,2714401,0.00000435,1.00000000,0
1531181728527,1531181728530,2714402,0.00000435,322.00000000,0
1531181758842,1531181758843,2714403,0.00000435,52.00000000,0
1531181758842,1531181758843,2714404,0.00000436,18.00000000,0
1531181761049,1531181761052,2714405,0.00000436,1.00000000,0
1531181801185,1531181801189,2714406,0.00000434,219.00000000,1
1531181890924,1531181890926,2714407,0.00000436,1654.00000000,0
1531181891482,1531181891484,2714408,0.00000436,639.00000000,1
1531181895323,1531181895324,2714409,0.00000434,242.00000000,1
1531181932325,1531181932327,2714410,0.00000433,243.00000000,1
1531181932453,1531181932457,2714411,0.00000433,121.00000000,0
1531181966454,1531181966457,2714412,0.00000436,81.00000000,0
1531181970234,1531181970236,2714413,0.00000436,162.00000000,0
1531181970637,1531181970640,2714414,0.00000436,716.00000000,1
1531181970740,1531181970742,2714415,0.00000436,1743.00000000,1
1531182015182,1531182015185,2714416,0.00000437,3228.00000000,0
1531182018864,1531182018867,2714417,0.00000437,35.00000000,0
1531182022146,1531182022147,2714418,0.00000437,1.00000000,0
1531182028486,1531182028488,2714419,0.00000437,6865.00000000,0
1531182079193,1531182079197,2714420,0.00000437,3.00000000,0
1531182090157,1531182090158,2714421,0.00000436,9447.00000000,1
1531182145632,1531182145635,2714422,0.00000436,4152.00000000,1
1531182155175,1531182155149,2714423,0.00000437,35672.00000000,0
1531182155494,1531182155497,2714424,0.00000437,3302.00000000,1
1531182158566,1531182158567,2714425,0.00000437,4413.00000000,1
1531182158566,1531182158567,2714426,0.00000436,42.00000000,1
1531182159345,1531182159348,2714427,0.00000436,1080.00000000,1
1531182160816,1531182160816,2714428,0.00000438,242.00000000,0
1531182199400,1531182199403,2714429,0.00000438,2000.00000000,0
1531182228891,1531182228894,2714430,0.00000438,14.00000000,0
1531182356782,1531182356785,2714431,0.00000438,10.00000000,0
1531182365074,1531182365075,2714432,0.00000438,1025.00000000,0
1531182435517,1531182435521,2714433,0.00000437,130.00000000,1
1531182455620,1531182455614,2714434,0.00000437,1014.00000000,1
1531182455620,1531182455614,2714435,0.00000436,5594.00000000,1
1531182455620,1531182455614,2714436,0.00000434,10264.00000000,1
1531182455620,1531182455614,2714437,0.00000433,11573.00000000,1
1531182455620,1531182455614,2714438,0.00000432,30380.00000000,1
1531182455620,1531182455614,2714439,0.00000431,11645.00000000,1
1531182462631,1531182462633,2714440,0.00000432,458.00000000,1
1531182476075,1531182476078,2714441,0.00000434,2.00000000,0
1531182487312,1531182487314,2714442,0.00000434,324.00000000,0
1531182487334,1531182487336,2714443,0.00000434,311.00000000,0
1531182487346,1531182487348,2714444,0.00000434,288.00000000,0
1531182487352,1531182487353,2714445,0.00000434,322.00000000,0
1531182521389,1531182521391,2714446,0.00000432,351.00000000,1
1531182522688,1531182522692,2714447,0.00000432,265.00000000,1
1531182550708,1531182550710,2714448,0.00000432,3569.00000000,1
1531182554090,1531182554093,2714449,0.00000432,857.00000000,0
1531182556927,1531182556929,2714450,0.00000432,996.00000000,0
1531182561668,1531182561670,2714451,0.00000432,9100.00000000,0
1531182566129,1531182566132,2714452,0.00000430,245.00000000,1
1531182566142,1531182566143,2714453,0.00000430,11355.00000000,0
1531182607143,1531182607145,2714454,0.00000431,4353.00000000,0
1531182623223,1531182623195,2714455,0.00000431,1364.00000000,0
1531182630114,1531182630115,2714456,0.00000429,5027.00000000,1
1531182630114,1531182630115,2714457,0.00000428,890.00000000,1
1531182630115,1531182630115,2714458,0.00000427,2869.00000000,1
1531182633909,1531182633911,2714459,0.00000427,32.00000000,1
1531182634723,1531182634725,2714460,0.00000427,945.00000000,1
1531182635582,1531182635585,2714461,0.00000427,970.00000000,1
1531182635649,1531182635651,2714462,0.00000427,1015.00000000,1
1531182635810,1531182635812,2714463,0.00000427,1035.00000000,1
1531182636048,1531182636050,2714464,0.00000428,2010.00000000,0
1531182636048,1531182636050,2714465,0.00000431,246.00000000,0
1531182636048,1531182636050,2714466,0.00000432,3487.00000000,0
1531182637429,1531182637432,2714467,0.00000428,3691.00000000,1
1531182637429,1531182637432,2714468,0.00000427,8843.00000000,1
1531182637485,1531182637487,2714469,0.00000427,2763.00000000,1
1531182646640,1531182646643,2714470,0.00000427,625.00000000,1
1531182646923,1531182646926,2714471,0.00000427,12566.00000000,1
1531182653394,1531182653396,2714472,0.00000428,1111.00000000,0
1531182655550,1531182655552,2714473,0.00000429,1306.00000000,0
1531182657274,1531182657277,2714474,0.00000430,1798.00000000,0
1531182657612,1531182657614,2714475,0.00000430,1259.00000000,0
1531182662409,1531182662411,2714476,0.00000429,1144.00000000,0
1531182663805,1531182663805,2714477,0.00000429,1704.00000000,0
1531182664783,1531182664785,2714478,0.00000428,2222.00000000,1
1531182665584,1531182665589,2714479,0.00000428,192.00000000,1
1531182666631,1531182666635,2714480,0.00000428,233.00000000,1
1531182668351,1531182668353,2714481,0.00000428,7456.00000000,1
1531182668351,1531182668353,2714482,0.00000427,502.00000000,1
1531182668357,1531182668360,2714483,0.00000427,233.00000000,1
1531182682931,1531182682933,2714484,0.00000427,355.00000000,1
1531182683465,1531182683467,2714485,0.00000427,268.00000000,1
1531182683556,1531182683557,2714486,0.00000428,1710.00000000,0
1531182683653,1531182683652,2714487,0.00000427,1252.00000000,1
1531182683935,1531182683936,2714488,0.00000429,1607.00000000,0
1531182683948,1531182683951,2714489,0.00000431,980.00000000,0
1531182686161,1531182686164,2714490,0.00000428,628.00000000,1
1531182690210,1531182690211,2714491,0.00000428,3182.00000000,1
1531182690210,1531182690211,2714492,0.00000427,55.00000000,1
1531182700398,1531182700400,2714493,0.00000429,5439.00000000,0
1531182700398,1531182700400,2714494,0.00000430,1563.00000000,0
1531182703484,1531182703486,2714495,0.00000427,8051.00000000,1
1531182706842,1531182706843,2714496,0.00000429,1714.00000000,0
1531182706842,1531182706843,2714497,0.00000430,1847.00000000,0
1531182706842,1531182706843,2714498,0.00000431,1076.00000000,0
1531182721525,1531182721527,2714499,0.00000428,5146.00000000,1
1531182723444,1531182723446,2714500,0.00000428,710.00000000,1
1531182725416,1531182725418,2714501,0.00000429,1706.00000000,0
1531182735568,1531182735570,2714502,0.00000429,2111.00000000,0
1531182736944,1531182736947,2714503,0.00000430,1620.00000000,0
1531182743616,1531182743618,2714504,0.00000430,1888.00000000,0
1531182747421,1531182747423,2714505,0.00000428,3609.00000000,1
1531182747431,1531182747433,2714506,0.00000428,984.00000000,1
1531182754412,1531182754414,2714507,0.00000429,1704.00000000,0
1531182756057,1531182756059,2714508,0.00000428,3237.00000000,1
1531182759562,1531182759564,2714509,0.00000429,1911.00000000,0
1531182761951,1531182761952,2714510,0.00000430,4875.00000000,0
1531182761951,1531182761952,2714511,0.00000431,246.00000000,0
1531182761951,1531182761952,2714512,0.00000432,1911.00000000,0
1531182763783,1531182763785,2714513,0.00000431,2.00000000,0
1531182772420,1531182772422,2714514,0.00000429,1905.00000000,0
1531182784454,1531182784456,2714515,0.00000428,8383.00000000,1
1531182785515,1531182785518,2714516,0.00000429,840.00000000,0
1531182785578,1531182785580,2714517,0.00000430,23.00000000,0
1531182788948,1531182788947,2714518,0.00000430,1.00000000,0
1531182789425,1531182789428,2714519,0.00000429,1729.00000000,0
1531182796425,1531182796427,2714520,0.00000428,8383.00000000,1
1531182799654,1531182799657,2714521,0.00000429,1807.00000000,0
1531182804736,1531182804736,2714522,0.00000428,268.00000000,1
1531182809749,1531182809751,2714523,0.00000429,2114.00000000,0
1531182811739,1531182811740,2714524,0.00000430,2187.00000000,0
1531182811739,1531182811740,2714525,0.00000431,246.00000000,0
1531182811739,1531182811740,2714526,0.00000432,2114.00000000,0
1531182832040,1531182832043,2714527,0.00000428,2178.00000000,1
1531182832426,1531182832428,2714528,0.00000429,1734.00000000,0
1531182834022,1531182834024,2714529,0.00000430,303.00000000,0
1531182841853,1531182841855,2714530,0.00000430,1884.00000000,1
1531182844591,1531182844592,2714531,0.00000429,1610.00000000,0
1531182854562,1531182854564,2714532,0.00000429,1719.00000000,0
1531182868343,1531182868343,2714533,0.00000428,246.00000000,1
1531182868343,1531182868343,2714534,0.00000427,1.00000000,1
1531182872659,1531182872660,2714535,0.00000427,8383.00000000,1
1531182877181,1531182877181,2714536,0.00000427,3749.00000000,1
1531182877336,1531182877336,2714537,0.00000428,2143.00000000,0
1531182877336,1531182877336,2714538,0.00000429,2006.00000000,0
1531182877336,1531182877336,2714539,0.00000430,10552.00000000,0
1531182885429,1531182885431,2714540,0.00000428,1972.00000000,0
1531182896577,1531182896580,2714541,0.00000428,1629.00000000,0
1531182905429,1531182905431,2714542,0.00000428,1767.00000000,0
1531182913760,1531182913757,2714543,0.00000429,2095.00000000,0
1531182913760,1531182913757,2714544,0.00000430,7012.00000000,0
1531182913760,1531182913757,2714545,0.00000431,578.00000000,0
1531182913760,1531182913757,2714546,0.00000432,10205.00000000,0
1531182913760,1531182913757,2714547,0.00000433,3726.00000000,0
1531182925042,1531182925043,2714548,0.00000430,245.00000000,1
1531182932935,1531182932907,2714549,0.00000430,1604.00000000,0
1531182932975,1531182932973,2714550,0.00000430,1951.00000000,1
1531182932975,1531182932973,2714551,0.00000429,168.00000000,1
1531182942996,1531182942996,2714552,0.00000429,1345.00000000,1
1531182943431,1531182943431,2714553,0.00000429,483.00000000,0
1531182947422,1531182947425,2714554,0.00000429,1598.00000000,0
1531182962423,1531182962425,2714555,0.00000429,1684.00000000,0
1531182968244,1531182968244,2714556,0.00000430,1.00000000,0
1531182973512,1531182973512,2714557,0.00000429,1232.00000000,0
1531182973531,1531182973531,2714558,0.00000429,1204.00000000,0
1531182973573,1531182973574,2714559,0.00000428,1204.00000000,1
1531182974433,1531182974433,2714560,0.00000429,1234.00000000,0
1531182983311,1531182983312,2714561,0.00000429,1600.00000000,0
1531182983530,1531182983532,2714562,0.00000430,1627.00000000,0
1531182985584,1531182985586,2714563,0.00000430,1996.00000000,0
1531182995425,1531182995427,2714564,0.00000429,1600.00000000,0
1531182995510,1531182995511,2714565,0.00000428,2132.00000000,1
1531183003445,1531183003447,2714566,0.00000429,1803.00000000,0
1531183005438,1531183005439,2714567,0.00000430,1917.00000000,0
1531183006816,1531183006815,2714568,0.00000429,3670.00000000,1
1531183006816,1531183006815,2714569,0.00000428,8771.00000000,1
1531183007280,1531183007281,2714570,0.00000428,268.00000000,1
1531183013090,1531183013091,2714571,0.00000428,1542.00000000,1
1531183013519,1531183013520,2714572,0.00000429,1932.00000000,0
1531183022435,1531183022436,2714573,0.00000429,1920.00000000,0
1531183023136,1531183023138,2714574,0.00000428,1843.00000000,1
1531183028430,1531183028431,2714575,0.00000429,3670.00000000,0
1531183032441,1531183032443,2714576,0.00000429,1810.00000000,0
1531183032717,1531183032716,2714577,0.00000428,1474.00000000,1
1531183034003,1531183034003,2714578,0.00000428,8366.00000000,1
1531183039733,1531183039733,2714579,0.00000428,59.00000000,1
1531183039733,1531183039733,2714580,0.00000427,8324.00000000,1
1531183050180,1531183050180,2714581,0.00000428,293.00000000,1
1531183050180,1531183050180,2714582,0.00000427,7505.00000000,1
1531183053011,1531183053012,2714583,0.00000427,1874.00000000,1
1531183065065,1531183065067,2714584,0.00000428,342.00000000,0
1531183065150,1531183065151,2714585,0.00000428,1279.00000000,0
1531183065733,1531183065735,2714586,0.00000429,1100.00000000,0
1531183072442,1531183072443,2714587,0.00000428,1558.00000000,0
1531183082607,1531183082609,2714588,0.00000428,1498.00000000,0
1531183084038,1531183084038,2714589,0.00000429,1716.00000000,0
1531183091997,1531183091996,2714590,0.00000429,1676.00000000,1
1531183093438,1531183093440,2714591,0.00000428,1643.00000000,0
1531183103436,1531183103435,2714592,0.00000428,2082.00000000,0
1531183107454,1531183107455,2714593,0.00000427,355.00000000,1
1531183108999,1531183108999,2714594,0.00000427,4980.00000000,1
1531183109030,1531183109028,2714595,0.00000427,838.00000000,1
1531183110055,1531183110054,2714596,0.00000429,1230.00000000,0
1531183114432,1531183114432,2714597,0.00000428,1813.00000000,0
1531183123586,1531183123586,2714598,0.00000428,1832.00000000,0
1531183134574,1531183134575,2714599,0.00000428,1531.00000000,0
1531183136933,1531183136931,2714600,0.00000429,85.00000000,0
1531183142023,1531183142023,2714601,0.00000427,8383.00000000,1
1531183149554,1531183149554,2714602,0.00000427,8383.00000000,1
1531183153773,1531183153773,2714603,0.00000428,1693.00000000,0
1531183154335,1531183154334,2714604,0.00000427,8383.00000000,1
1531183159772,1531183159773,2714605,0.00000427,8383.00000000,1
1531183176418,1531183176418,2714606,0.00000427,1432.00000000,1
1531183182708,1531183182707,2714607,0.00000427,1696.00000000,1
1531183186799,1531183186800,2714608,0.00000427,1773.00000000,1
1531183187719,1531183187717,2714609,0.00000428,1864.00000000,0
1531183187719,1531183187717,2714610,0.00000430,21795.00000000,0
1531183187719,1531183187717,2714611,0.00000431,723.00000000,0
1531183203681,1531183203680,2714612,0.00000429,1536.00000000,0
1531183204105,1531183204105,2714613,0.00000428,485.00000000,1
1531183204382,1531183204383,2714614,0.00000428,1625.00000000,1
1531183205590,1531183205591,2714615,0.00000428,640.00000000,0
1531183206508,1531183206508,2714616,0.00000428,1864.00000000,0
1531183215496,1531183215495,2714617,0.00000429,1923.00000000,0
1531183219688,1531183219688,2714618,0.00000428,2564.00000000,1
1531183223501,1531183223502,2714619,0.00000429,2417.00000000,0
1531183226501,1531183226502,2714620,0.00000429,2465.00000000,0
1531183234510,1531183234510,2714621,0.00000429,2398.00000000,0
1531183238689,1531183238689,2714622,0.00000429,2058.00000000,0
1531183240683,1531183240683,2714623,0.00000429,1860.00000000,0
1531183244606,1531183244608,2714624,0.00000429,2192.00000000,0
1531183254738,1531183254739,2714625,0.00000429,365.00000000,0
1531183255624,1531183255624,2714626,0.00000428,2285.00000000,1
1531183255753,1531183255752,2714627,0.00000429,1860.00000000,0
1531183268805,1531183268805,2714628,0.00000429,267.00000000,1
1531183270152,1531183270152,2714629,0.00000429,2082.00000000,1
1531183274261,1531183274262,2714630,0.00000429,676.00000000,1
1531183274738,1531183274737,2714631,0.00000429,1525.00000000,0
1531183284743,1531183284742,2714632,0.00000429,2046.00000000,0
1531183305101,1531183305101,2714633,0.00000429,2072.00000000,0
1531183305537,1531183305536,2714634,0.00000429,1860.00000000,0
1531183315506,1531183315507,2714635,0.00000429,1676.00000000,1
1531183317908,1531183317908,2714636,0.00000429,184.00000000,1
1531183318552,1531183318552,2714637,0.00000429,1676.00000000,0
1531183327850,1531183327850,2714638,0.00000429,2035.00000000,0
1531183346519,1531183346519,2714639,0.00000429,1360.00000000,0
1531183348533,1531183348533,2714640,0.00000429,1860.00000000,0
1531183367525,1531183367524,2714641,0.00000429,1682.00000000,0
1531183374520,1531183374521,2714642,0.00000429,1710.00000000,0
1531183384531,1531183384529,2714643,0.00000429,1514.00000000,0
1531183387612,1531183387611,2714644,0.00000429,1860.00000000,0
1531183405532,1531183405532,2714645,0.00000429,1289.00000000,0
1531183426437,1531183426437,2714646,0.00000429,1055.00000000,1
1531183435332,1531183435331,2714647,0.00000429,1042.00000000,1
1531183445385,1531183445384,2714648,0.00000429,695.00000000,1
1531183455679,1531183455679,2714649,0.00000428,1116.00000000,0
1531183464678,1531183464676,2714650,0.00000428,1252.00000000,0
1531183499532,1531183499531,2714651,0.00000428,3014.00000000,0
1531183514193,1531183514193,2714652,0.00000429,307.00000000,0
1531183515908,1531183515907,2714653,0.00000428,1071.00000000,0
1531183517217,1531183517217,2714654,0.00000428,1.00000000,0
1531183517309,1531183517309,2714655,0.00000428,1596.00000000,0
1531183545684,1531183545684,2714656,0.00000428,1087.00000000,0
1531183555538,1531183555538,2714657,0.00000428,984.00000000,0
1531183560746,1531183560744,2714658,0.00000427,23504.00000000,1
1531183560746,1531183560744,2714659,0.00000426,26496.00000000,1
1531183560746,1531183560744,2714660,0.00000426,18319.00000000,1
1531183563912,1531183563910,2714661,0.00000426,32.00000000,1
1531183569807,1531183569805,2714662,0.00000426,1038.00000000,1
1531183569868,1531183569867,2714663,0.00000427,59.00000000,0
1531183573322,1531183573320,2714664,0.00000427,3119.00000000,0
1531183573322,1531183573320,2714665,0.00000428,4927.00000000,0
1531183573322,1531183573320,2714666,0.00000429,247.00000000,0
1531183573356,1531183573355,2714667,0.00000426,2293.00000000,1
1531183579136,1531183579134,2714668,0.00000428,3217.00000000,0
1531183579136,1531183579134,2714669,0.00000430,246.00000000,0
1531183579136,1531183579134,2714670,0.00000431,868.00000000,0
1531183582200,1531183582199,2714671,0.00000432,201.00000000,0
1531183582673,1531183582672,2714672,0.00000429,2227.00000000,1
1531183585232,1531183585229,2714673,0.00000431,1.00000000,0
1531183596080,1531183596078,2714674,0.00000429,300.00000000,1
1531183605086,1531183605084,2714675,0.00000428,1185.00000000,1
1531183615015,1531183615014,2714676,0.00000428,1021.00000000,1
1531183619283,1531183619281,2714677,0.00000429,1860.00000000,0
1531183619283,1531183619281,2714678,0.00000430,16463.00000000,0
1531183619283,1531183619281,2714679,0.00000431,246.00000000,0
1531183635724,1531183635721,2714680,0.00000430,3599.00000000,0
1531183642613,1531183642607,2714681,0.00000429,1860.00000000,1
1531183642613,1531183642607,2714682,0.00000428,246.00000000,1
1531183642613,1531183642607,2714683,0.00000427,6472.00000000,1
1531183642613,1531183642607,2714684,0.00000426,113143.00000000,1
1531183642613,1531183642607,2714685,0.00000425,112058.00000000,1
1531183642628,1531183642628,2714686,0.00000425,2977.00000000,0
1531183642631,1531183642630,2714687,0.00000425,1886.00000000,0
1531183642633,1531183642633,2714688,0.00000425,1764.00000000,0
1531183642670,1531183642670,2714689,0.00000424,1887.00000000,1
1531183642676,1531183642677,2714690,0.00000425,1887.00000000,0
1531183642937,1531183642936,2714691,0.00000424,1090.00000000,1
1531183643166,1531183643165,2714692,0.00000425,15748.00000000,0
1531183644020,1531183644020,2714693,0.00000424,1985.00000000,1
1531183644165,1531183644164,2714694,0.00000424,1808.00000000,1
1531183645320,1531183645320,2714695,0.00000425,793.00000000,0
1531183646442,1531183646440,2714696,0.00000425,751.00000000,0
1531183646764,1531183646763,2714697,0.00000425,728.00000000,0
1531183648539,1531183648538,2714698,0.00000425,7274.00000000,0
1531183651885,1531183651885,2714699,0.00000424,270.00000000,1
1531183651915,1531183651913,2714700,0.00000425,4430.00000000,0
1531183651984,1531183651982,2714701,0.00000425,2.00000000,0
1531183652366,1531183652365,2714702,0.00000424,1887.00000000,1
1531183654032,1531183654031,2714703,0.00000424,2031.00000000,1
1531183654932,1531183654930,2714704,0.00000425,8764.00000000,0
1531183655247,1531183655247,2714705,0.00000424,2298.00000000,1
1531183657588,1531183657585,2714706,0.00000424,3120.00000000,1
1531183664648,1531183664645,2714707,0.00000425,235.00000000,0
1531183665343,1531183665343,2714708,0.00000424,1881.00000000,1
1531183666242,1531183666241,2714709,0.00000424,2033.00000000,0
1531183666541,1531183666541,2714710,0.00000424,3597.00000000,0
1531183668517,1531183668515,2714711,0.00000424,5.00000000,0
1531183668517,1531183668515,2714712,0.00000425,31464.00000000,0
1531183670733,1531183670731,2714713,0.00000423,8433.00000000,1
1531183671468,1531183671467,2714714,0.00000425,1000.00000000,0
1531183675174,1531183675172,2714715,0.00000424,1874.00000000,0
1531183676855,1531183676854,2714716,0.00000424,1881.00000000,0
1531183677196,1531183677195,2714717,0.00000424,3.00000000,0
1531183682515,1531183682515,2714718,0.00000424,1669.00000000,1
1531183684175,1531183684174,2714719,0.00000424,1249.00000000,1
1531183684214,1531183684211,2714720,0.00000424,6234.00000000,0
1531183684234,1531183684233,2714721,0.00000424,8.00000000,0
1531183692953,1531183692930,2714722,0.00000424,2737.00000000,0
1531183693475,1531183693473,2714723,0.00000424,4.00000000,0
1531183694070,1531183694070,2714724,0.00000424,1033.00000000,1
1531183694167,1531183694167,2714725,0.00000424,2358.00000000,0
1531183695035,1531183695034,2714726,0.00000424,1634.00000000,0
1531183695048,1531183695047,2714727,0.00000424,3629.00000000,0
1531183704675,1531183704674,2714728,0.00000424,2358.00000000,0
1531183704701,1531183704699,2714729,0.00000424,4469.00000000,0
1531183708535,1531183708535,2714730,0.00000424,6.00000000,0
1531183711850,1531183711849,2714731,0.00000423,717.00000000,1
1531183713568,1531183713569,2714732,0.00000425,5.00000000,0
1531183715169,1531183715166,2714733,0.00000424,7575.00000000,0
1531183715174,1531183715173,2714734,0.00000424,9.00000000,0
1531183725285,1531183725284,2714735,0.00000424,1546.00000000,0
1531183725664,1531183725664,2714736,0.00000424,2358.00000000,0
1531183726125,1531183726125,2714737,0.00000424,3567.00000000,0
1531183734164,1531183734163,2714738,0.00000424,7541.00000000,0
1531183745177,1531183745176,2714739,0.00000424,6651.00000000,0
1531183748245,1531183748244,2714740,0.00000424,32.00000000,1
1531183754213,1531183754212,2714741,0.00000424,6619.00000000,1
1531183759385,1531183759383,2714742,0.00000424,136.00000000,0
1531183764266,1531183764264,2714743,0.00000423,5760.00000000,1
1531183770150,1531183770148,2714744,0.00000424,3373.00000000,0
1531183774165,1531183774164,2714745,0.00000423,6638.00000000,1
1531183785229,1531183785228,2714746,0.00000423,6779.00000000,1
1531183794460,1531183794458,2714747,0.00000424,1178.00000000,0
1531183795119,1531183795118,2714748,0.00000423,7561.00000000,1
1531183801142,1531183801140,2714749,0.00000424,9215.00000000,0
1531183804483,1531183804481,2714750,0.00000423,4430.00000000,1
1531183805168,1531183805168,2714751,0.00000423,5795.00000000,1
1531183815221,1531183815219,2714752,0.00000423,5724.00000000,1
1531183820628,1531183820602,2714753,0.00000424,23803.00000000,0
1531183863524,1531183863523,2714754,0.00000424,194.00000000,1
1531183867299,1531183867298,2714755,0.00000424,4977.00000000,1
1531183868664,1531183868661,2714756,0.00000425,235.00000000,0
1531183871658,1531183871657,2714757,0.00000425,23529.00000000,0
1531183874235,1531183874234,2714758,0.00000424,4825.00000000,1
1531183885210,1531183885210,2714759,0.00000424,4357.00000000,1
1531183885657,1531183885655,2714760,0.00000425,72340.00000000,0
1531183885663,1531183885659,2714761,0.00000425,1564.00000000,0
1531183890903,1531183890901,2714762,0.00000425,330.00000000,0
1531183895519,1531183895517,2714763,0.00000424,3206.00000000,1
1531183915828,1531183915825,2714764,0.00000424,2000.00000000,0
1531183938473,1531183938472,2714765,0.00000423,3816.00000000,1
1531183944539,1531183944538,2714766,0.00000423,4769.00000000,1
1531183955434,1531183955432,2714767,0.00000423,4534.00000000,1
1531183957189,1531183957187,2714768,0.00000423,25000.00000000,1
1531183965532,1531183965531,2714769,0.00000423,5153.00000000,1
1531183973591,1531183973590,2714770,0.00000424,14331.00000000,0
1531183976425,1531183976422,2714771,0.00000423,4732.00000000,1
1531183981892,1531183981888,2714772,0.00000424,2246.00000000,0
1531183986311,1531183986309,2714773,0.00000423,1422.00000000,1
1531183988585,1531183988582,2714774,0.00000424,3504.00000000,0
1531183994413,1531183994412,2714775,0.00000424,1260.00000000,1
1531183994935,1531183994932,2714776,0.00000424,2794.00000000,0
1531183994935,1531183994932,2714777,0.00000425,26268.00000000,0
1531184012893,1531184012892,2714778,0.00000424,29044.00000000,0
1531184025421,1531184025418,2714779,0.00000424,9008.00000000,0
1531184025454,1531184025453,2714780,0.00000423,4120.00000000,1
1531184027101,1531184027100,2714781,0.00000423,13038.00000000,1
1531184036407,1531184036405,2714782,0.00000423,3043.00000000,1
1531184043786,1531184043783,2714783,0.00000424,1802.00000000,0
1531184046755,1531184046752,2714784,0.00000423,4378.00000000,1
1531184055439,1531184055436,2714785,0.00000423,4323.00000000,1
1531184064528,1531184064525,2714786,0.00000423,4274.00000000,1
1531184075505,1531184075503,2714787,0.00000423,3920.00000000,1
1531184084442,1531184084440,2714788,0.00000423,4112.00000000,1
1531184095411,1531184095409,2714789,0.00000423,4282.00000000,1
1531184104454,1531184104451,2714790,0.00000423,4445.00000000,1
1531184110716,1531184110714,2714791,0.00000424,433.00000000,0
1531184114563,1531184114561,2714792,0.00000423,3507.00000000,1
1531184126482,1531184126480,2714793,0.00000423,2974.00000000,1
1531184134456,1531184134454,2714794,0.00000423,2895.00000000,1
1531184145488,1531184145486,2714795,0.00000423,3431.00000000,1
1531184155129,1531184155126,2714796,0.00000424,17801.00000000,0
1531184162479,1531184162477,2714797,0.00000425,12945.00000000,0
1531184172112,1531184172110,2714798,0.00000425,6444.00000000,0
1531184172406,1531184172404,2714799,0.00000426,3294.00000000,0
1531184182863,1531184182862,2714800,0.00000426,234.00000000,0
1531184183475,1531184183474,2714801,0.00000426,2598.00000000,0
1531184185303,1531184185286,2714802,0.00000426,106.00000000,1
1531184186431,1531184186430,2714803,0.00000426,128.00000000,1
1531184189814,1531184189813,2714804,0.00000426,2703.00000000,0
1531184191169,1531184191167,2714805,0.00000424,32.00000000,1
1531184197456,1531184197441,2714806,0.00000426,3101.00000000,0
1531184214079,1531184214078,2714807,0.00000426,2411.00000000,0
1531184218101,1531184218099,2714808,0.00000426,2172.00000000,0
1531184219117,1531184219116,2714809,0.00000426,978.00000000,0
1531184224659,1531184224656,2714810,0.00000426,2172.00000000,1
1531184224659,1531184224656,2714811,0.00000424,1233.00000000,1
1531184231592,1531184231590,2714812,0.00000426,3134.00000000,0
1531184242397,1531184242393,2714813,0.00000426,2414.00000000,0
1531184257469,1531184257466,2714814,0.00000424,1949.00000000,1
1531184264486,1531184264483,2714815,0.00000424,2256.00000000,1
1531184267714,1531184267712,2714816,0.00000424,751.00000000,1
1531184275423,1531184275419,2714817,0.00000424,597.00000000,1
1531184279322,1531184279319,2714818,0.00000423,32.00000000,1
1531184286479,1531184286477,2714819,0.00000423,2465.00000000,1
1531184289805,1531184289803,2714820,0.00000423,2000.00000000,1
1531184295474,1531184295471,2714821,0.00000423,1587.00000000,1
1531184304395,1531184304391,2714822,0.00000423,1601.00000000,1
1531184316715,1531184316713,2714823,0.00000423,1563.00000000,1
1531184326538,1531184326535,2714824,0.00000423,1669.00000000,1
1531184335577,1531184335573,2714825,0.00000423,1453.00000000,1
1531184345563,1531184345558,2714826,0.00000423,1799.00000000,1
1531184356861,1531184356859,2714827,0.00000423,1000.00000000,1
1531184365783,1531184365778,2714828,0.00000423,1326.00000000,1
1531184375603,1531184375601,2714829,0.00000423,1105.00000000,1
1531184385834,1531184385832,2714830,0.00000423,1087.00000000,1
1531184394521,1531184394517,2714831,0.00000423,1171.00000000,1
1531184404527,1531184404525,2714832,0.00000423,1170.00000000,1
1531184414456,1531184414451,2714833,0.00000423,1055.00000000,1
1531184424572,1531184424568,2714834,0.00000423,1203.00000000,1
1531184427876,1531184427872,2714835,0.00000423,13875.00000000,1
1531184434577,1531184434575,2714836,0.00000423,1219.00000000,1
1531184439774,1531184439771,2714837,0.00000424,238.00000000,0
1531184444564,1531184444561,2714838,0.00000423,1296.00000000,1
1531184455612,1531184455608,2714839,0.00000423,1252.00000000,1
1531184459583,1531184459581,2714840,0.00000423,26745.00000000,1
1531184465773,1531184465769,2714841,0.00000423,997.00000000,1
1531184474455,1531184474453,2714842,0.00000423,1063.00000000,1
1531184479784,1531184479780,2714843,0.00000423,270.00000000,1
1531184484832,1531184484830,2714844,0.00000423,1133.00000000,1
1531184495631,1531184495628,2714845,0.00000423,1273.00000000,1
1531184506047,1531184506043,2714846,0.00000423,1122.00000000,1
1531184517533,1531184517529,2714847,0.00000423,1436.00000000,1
1531184524435,1531184524433,2714848,0.00000424,1180.00000000,0
1531184524679,1531184524676,2714849,0.00000423,1252.00000000,1
1531184535636,1531184535631,2714850,0.00000423,1104.00000000,1
1531184546579,1531184546576,2714851,0.00000423,1014.00000000,1
1531184554497,1531184554495,2714852,0.00000423,3000.00000000,1
1531184554630,1531184554627,2714853,0.00000423,1018.00000000,1
1531184565650,1531184565646,2714854,0.00000423,1128.00000000,1
1531184574770,1531184574767,2714855,0.00000423,1154.00000000,1
1531184576385,1531184576381,2714856,0.00000424,328.00000000,0
1531184584498,1531184584493,2714857,0.00000423,1376.00000000,1
1531184595609,1531184595605,2714858,0.00000423,1086.00000000,1
1531184607671,1531184607666,2714859,0.00000423,1104.00000000,1
1531184615886,1531184615882,2714860,0.00000423,1040.00000000,1
1531184625573,1531184625569,2714861,0.00000423,1015.00000000,1
1531184636640,1531184636637,2714862,0.00000423,1164.00000000,1
1531184644546,1531184644542,2714863,0.00000423,1031.00000000,1
1531184649633,1531184649631,2714864,0.00000424,135.00000000,0
1531184656639,1531184656635,2714865,0.00000424,1331.00000000,1
1531184665529,1531184665524,2714866,0.00000424,550.00000000,1
1531184675702,1531184675698,2714867,0.00000423,1129.00000000,1
1531184680422,1531184680419,2714868,0.00000423,1449.00000000,1
1531184686661,1531184686657,2714869,0.00000423,1167.00000000,1
1531184694615,1531184694611,2714870,0.00000423,1035.00000000,1
1531184694904,1531184694901,2714871,0.00000424,1881.00000000,0
1531184705864,1531184705861,2714872,0.00000424,1005.00000000,1
1531184715651,1531184715648,2714873,0.00000424,1157.00000000,1
1531184720267,1531184720262,2714874,0.00000425,7120.00000000,0
1531184724577,1531184724565,2714875,0.00000426,2458.00000000,0
1531184724577,1531184724565,2714876,0.00000427,617.00000000,0
1531184724577,1531184724565,2714877,0.00000428,1701.00000000,0
1531184724577,1531184724565,2714878,0.00000429,18517.00000000,0
1531184724577,1531184724565,2714879,0.00000430,39660.00000000,0
1531184724577,1531184724565,2714880,0.00000431,246.00000000,0
1531184724577,1531184724565,2714881,0.00000432,36274.00000000,0
1531184724577,1531184724565,2714882,0.00000433,24014.00000000,0
1531184724577,1531184724565,2714883,0.00000434,68970.00000000,0
1531184724593,1531184724589,2714884,0.00000434,23804.00000000,1
1531184726303,1531184726299,2714885,0.00000429,245.00000000,0
1531184726649,1531184726646,2714886,0.00000429,245.00000000,0
1531184726690,1531184726686,2714887,0.00000428,246.00000000,1
1531184726922,1531184726918,2714888,0.00000428,1207.00000000,1
1531184726991,1531184726987,2714889,0.00000429,244.00000000,0
1531184727632,1531184727627,2714890,0.00000429,164.00000000,0
1531184727693,1531184727688,2714891,0.00000428,657.00000000,1
1531184735662,1531184735657,2714892,0.00000427,1080.00000000,1
1531184740824,1531184740820,2714893,0.00000427,2114.00000000,1
1531184746642,1531184746637,2714894,0.00000426,1191.00000000,1
1531184755661,1531184755656,2714895,0.00000426,1040.00000000,1
1531184756829,1531184756825,2714896,0.00000426,1873.00000000,1
1531184764773,1531184764768,2714897,0.00000425,1026.00000000,1
1531184772611,1531184772608,2714898,0.00000425,1164.00000000,1
1531184774150,1531184774146,2714899,0.00000426,466.00000000,0
1531184774562,1531184774558,2714900,0.00000425,4344.00000000,1
1531184777674,1531184777671,2714901,0.00000425,296.00000000,1
1531184785660,1531184785655,2714902,0.00000424,3615.00000000,1
1531184794555,1531184794550,2714903,0.00000424,1338.00000000,1
1531184803296,1531184803293,2714904,0.00000424,1.00000000,0
1531184803389,1531184803385,2714905,0.00000424,4761.00000000,0
1531184813533,1531184813528,2714906,0.00000426,63.00000000,0
1531184814365,1531184814360,2714907,0.00000424,2059.00000000,1
1531184823267,1531184823262,2714908,0.00000424,57.00000000,0
1531184825321,1531184825317,2714909,0.00000423,3061.00000000,1
1531184835244,1531184835239,2714910,0.00000423,4015.00000000,1
1531184839909,1531184839904,2714911,0.00000423,6248.00000000,1
1531184842864,1531184842859,2714912,0.00000423,270.00000000,1
1531184844573,1531184844570,2714913,0.00000424,8.00000000,0
1531184846345,1531184846341,2714914,0.00000423,3148.00000000,1
1531184854339,1531184854335,2714915,0.00000423,3079.00000000,1
1531184861726,1531184861723,2714916,0.00000423,359.00000000,1
1531184864313,1531184864308,2714917,0.00000423,3542.00000000,1
1531184874211,1531184874208,2714918,0.00000423,3412.00000000,1
1531184883605,1531184883601,2714919,0.00000424,1873.00000000,0
1531184884262,1531184884259,2714920,0.00000424,3419.00000000,1
1531184894334,1531184894329,2714921,0.00000424,3572.00000000,1
1531184904317,1531184904313,2714922,0.00000424,3281.00000000,1
1531184907581,1531184907577,2714923,0.00000425,21.00000000,0
1531184908276,1531184908273,2714924,0.00000424,814.00000000,1
1531184915404,1531184915400,2714925,0.00000424,2716.00000000,1
1531184925389,1531184925384,2714926,0.00000424,2855.00000000,1
1531184934357,1531184934354,2714927,0.00000424,3423.00000000,1
1531184946364,1531184946360,2714928,0.00000424,2921.00000000,1
1531184954343,1531184954339,2714929,0.00000424,2333.00000000,1
1531184964374,1531184964368,2714930,0.00000424,2232.00000000,1
1531184975383,1531184975378,2714931,0.00000424,2465.00000000,1
1531184985406,1531184985402,2714932,0.00000424,2429.00000000,1
1531184994440,1531184994435,2714933,0.00000424,2500.00000000,1
1531185004482,1531185004477,2714934,0.00000424,2897.00000000,1
1531185017360,1531185017356,2714935,0.00000424,1966.00000000,1
1531185024736,1531185024730,2714936,0.00000424,1661.00000000,1
1531185035352,1531185035349,2714937,0.00000424,1804.00000000,1
1531185046394,1531185046390,2714938,0.00000424,1707.00000000,1
1531185054455,1531185054451,2714939,0.00000424,1967.00000000,1
1531185064615,1531185064611,2714940,0.00000424,1886.00000000,1
1531185074534,1531185074528,2714941,0.00000424,1059.00000000,1
1531185085023,1531185085018,2714942,0.00000424,1007.00000000,1
1531185093987,1531185093983,2714943,0.00000424,1217.00000000,1
1531185104214,1531185104209,2714944,0.00000424,1213.00000000,1
1531185115211,1531185115207,2714945,0.00000424,1036.00000000,1
1531185124339,1531185124335,2714946,0.00000423,1195.00000000,1
1531185134136,1531185134130,2714947,0.00000423,1139.00000000,1
1531185144213,1531185144208,2714948,0.00000423,1065.00000000,1
1531185155105,1531185155099,2714949,0.00000423,1240.00000000,1
1531185166369,1531185166363,2714950,0.00000423,1336.00000000,1
1531185175143,1531185175137,2714951,0.00000423,1017.00000000,1
1531185184162,1531185184157,2714952,0.00000423,1131.00000000,1
1531185185830,1531185185824,2714953,0.00000424,235.00000000,0
1531185194112,1531185194107,2714954,0.00000423,1103.00000000,1
1531185204154,1531185204149,2714955,0.00000423,1358.00000000,1
1531185215160,1531185215155,2714956,0.00000423,1366.00000000,1
1531185219137,1531185219134,2714957,0.00000424,129.00000000,0
1531185226209,1531185226205,2714958,0.00000423,1254.00000000,1
1531185236133,1531185236127,2714959,0.00000423,1235.00000000,1
1531185244060,1531185244055,2714960,0.00000423,1248.00000000,1
1531185254057,1531185254054,2714961,0.00000423,1349.00000000,1
1531185264332,1531185264327,2714962,0.00000423,1059.00000000,1
1531185274062,1531185274058,2714963,0.00000423,1059.00000000,1
1531185284160,1531185284156,2714964,0.00000423,1279.00000000,1
1531185287890,1531185287885,2714965,0.00000424,7.00000000,0
1531185294083,1531185294078,2714966,0.00000423,1119.00000000,1
1531185302217,1531185302212,2714967,0.00000424,6328.00000000,0
1531185304153,1531185304147,2714968,0.00000423,1020.00000000,1
1531185314079,1531185314075,2714969,0.00000423,1154.00000000,1
1531185324165,1531185324158,2714970,0.00000423,1030.00000000,1
1531185334399,1531185334395,2714971,0.00000423,1263.00000000,1
1531185344091,1531185344086,2714972,0.00000423,1237.00000000,1
1531185354264,1531185354258,2714973,0.00000423,1310.00000000,1
1531185364200,1531185364195,2714974,0.00000423,1039.00000000,1
1531185376157,1531185376151,2714975,0.00000423,1230.00000000,1
1531185385273,1531185385267,2714976,0.00000423,1152.00000000,1
1531185396307,1531185396301,2714977,0.00000423,1336.00000000,1
1531185404281,1531185404276,2714978,0.00000423,1137.00000000,1
1531185415430,1531185415425,2714979,0.00000423,1299.00000000,1
1531185425219,1531185425215,2714980,0.00000423,1365.00000000,1
1531185433363,1531185433357,2714981,0.00000424,28.00000000,0
1531185434139,1531185434133,2714982,0.00000423,1071.00000000,1
1531185443786,1531185443781,2714983,0.00000423,1150.00000000,1
1531185453843,1531185453838,2714984,0.00000423,1240.00000000,1
1531185473840,1531185473834,2714985,0.00000423,1304.00000000,1
1531185486052,1531185486048,2714986,0.00000423,1071.00000000,1
1531185494834,1531185494829,2714987,0.00000423,1266.00000000,1
1531185504856,1531185504850,2714988,0.00000423,1365.00000000,1
1531185514870,1531185514866,2714989,0.00000423,1286.00000000,1
1531185524303,1531185524298,2714990,0.00000423,987.00000000,1
1531185534085,1531185534080,2714991,0.00000423,1100.00000000,1
1531185534676,1531185534671,2714992,0.00000424,403.00000000,0
1531185537694,1531185537689,2714993,0.00000424,1.00000000,0
1531185545024,1531185545018,2714994,0.00000423,1164.00000000,1
1531185553919,1531185553914,2714995,0.00000423,1009.00000000,1
1531185564034,1531185564028,2714996,0.00000423,1000.00000000,1
1531185573974,1531185573969,2714997,0.00000423,1026.00000000,1
1531185584042,1531185584035,2714998,0.00000423,1281.00000000,1
1531185594132,1531185594126,2714999,0.00000423,1252.00000000,1
1531185604965,1531185604959,2715000,0.00000423,1048.00000000,1
1531185614901,1531185614894,2715001,0.00000423,1145.00000000,1
1531185624925,1531185624920,2715002,0.00000423,1263.00000000,1
1531185634938,1531185634931,2715003,0.00000423,1124.00000000,1
1531185643974,1531185643969,2715004,0.00000423,1255.00000000,1
1531185653981,1531185653975,2715005,0.00000423,1147.00000000,1
1531185665012,1531185665008,2715006,0.00000423,1335.00000000,1
1531185674081,1531185674074,2715007,0.00000423,1222.00000000,1
1531185683970,1531185683964,2715008,0.00000423,1306.00000000,1
1531185695022,1531185695016,2715009,0.00000423,1373.00000000,1
1531185705053,1531185705047,2715010,0.00000423,1263.00000000,1
1531185715062,1531185715056,2715011,0.00000423,1366.00000000,1
1531185724014,1531185724009,2715012,0.00000423,1208.00000000,1
1531185735077,1531185735070,2715013,0.00000423,989.00000000,1
1531185744944,1531185744939,2715014,0.00000423,1199.00000000,1
1531185754006,1531185754001,2715015,0.00000423,772.00000000,1
1531185754955,1531185754949,2715016,0.00000422,1080.00000000,1
1531185758577,1531185758570,2715017,0.00000423,2307.00000000,0
1531185760381,1531185760376,2715018,0.00000425,7.00000000,0
1531185775062,1531185775056,2715019,0.00000423,1102.00000000,1
1531185779907,1531185779901,2715020,0.00000424,259.00000000,0
1531185786007,1531185786001,2715021,0.00000423,1026.00000000,1
1531185794229,1531185794223,2715022,0.00000423,1157.00000000,1
1531185804067,1531185804062,2715023,0.00000423,1091.00000000,1
1531185816072,1531185816065,2715024,0.00000423,1314.00000000,1
1531185825030,1531185825024,2715025,0.00000423,1019.00000000,1
1531185825447,1531185825441,2715026,0.00000423,72.00000000,1
1531185834344,1531185834338,2715027,0.00000423,1031.00000000,1
1531185845392,1531185845387,2715028,0.00000423,1051.00000000,1
1531185856032,1531185856028,2715029,0.00000423,1377.00000000,1
1531185864385,1531185864380,2715030,0.00000423,1003.00000000,1
1531185870886,1531185870881,2715031,0.00000424,500.00000000,0
1531185877146,1531185877140,2715032,0.00000423,1326.00000000,1
1531185884153,1531185884146,2715033,0.00000423,1140.00000000,1
1531185894111,1531185894105,2715034,0.00000423,1033.00000000,1
1531185904226,1531185904221,2715035,0.00000423,1066.00000000,1
1531185908146,1531185908141,2715036,0.00000424,8.00000000,0
1531185914141,1531185914134,2715037,0.00000423,1097.00000000,1
1531185915925,1531185915917,2715038,0.00000423,1634.00000000,1
1531185923720,1531185923714,2715039,0.00000424,1114.00000000,0
1531185925212,1531185925205,2715040,0.00000424,1017.00000000,1
1531185934205,1531185934201,2715041,0.00000424,929.00000000,1
1531185941199,1531185941192,2715042,0.00000422,32.00000000,1
1531185954180,1531185954172,2715043,0.00000422,997.00000000,1
1531185964422,1531185964416,2715044,0.00000422,1045.00000000,1
1531185974182,1531185974176,2715045,0.00000422,1272.00000000,1
1531185984163,1531185984157,2715046,0.00000422,1021.00000000,1
1531185995179,1531185995173,2715047,0.00000422,1043.00000000,1
1531186005216,1531186005211,2715048,0.00000422,1287.00000000,1
1531186015227,1531186015221,2715049,0.00000422,1313.00000000,1
1531186025294,1531186025287,2715050,0.00000422,1244.00000000,1
1531186035386,1531186035379,2715051,0.00000422,1299.00000000,1
1531186044221,1531186044214,2715052,0.00000422,51.00000000,1
1531186044248,1531186044242,2715053,0.00000422,596.00000000,0
1531186044272,1531186044266,2715054,0.00000422,544.00000000,0
1531186046233,1531186046227,2715055,0.00000422,466.00000000,0
1531186046589,1531186046583,2715056,0.00000421,32.00000000,1
1531186047285,1531186047279,2715057,0.00000422,732.00000000,0
1531186048003,1531186047997,2715058,0.00000422,884.00000000,0
1531186049145,1531186049139,2715059,0.00000422,368.00000000,0
1531186064076,1531186064069,2715060,0.00000421,2087.00000000,1
1531186084141,1531186084133,2715061,0.00000421,1199.00000000,1
1531186091915,1531186091910,2715062,0.00000422,1564.00000000,0
1531186095276,1531186095270,2715063,0.00000421,1053.00000000,1
1531186104212,1531186104206,2715064,0.00000421,1148.00000000,1
1531186115229,1531186115224,2715065,0.00000421,1328.00000000,1
1531186115509,1531186115504,2715066,0.00000421,720.00000000,1
1531186125343,1531186125337,2715067,0.00000421,1084.00000000,1
1531186134246,1531186134240,2715068,0.00000421,1101.00000000,1
1531186144185,1531186144176,2715069,0.00000421,1303.00000000,1
1531186155278,1531186155272,2715070,0.00000421,1255.00000000,1
1531186164241,1531186164236,2715071,0.00000421,1320.00000000,1
1531186174255,1531186174247,2715072,0.00000421,1377.00000000,1
1531186184287,1531186184280,2715073,0.00000421,1025.00000000,1
1531186195264,1531186195258,2715074,0.00000421,1117.00000000,1
1531186205297,1531186205290,2715075,0.00000421,1048.00000000,1
1531186214286,1531186214280,2715076,0.00000421,1178.00000000,1
1531186225339,1531186225332,2715077,0.00000421,1099.00000000,1
1531186234251,1531186234246,2715078,0.00000421,1297.00000000,1
1531186244360,1531186244354,2715079,0.00000421,1166.00000000,1
1531186254265,1531186254258,2715080,0.00000421,1289.00000000,1
1531186265348,1531186265341,2715081,0.00000421,1240.00000000,1
1531186274325,1531186274318,2715082,0.00000421,631.00000000,1
1531186274655,1531186274650,2715083,0.00000421,524.00000000,0
1531186277586,1531186277579,2715084,0.00000420,32.00000000,1
1531186279113,1531186279108,2715085,0.00000420,45.00000000,1
1531186284351,1531186284344,2715086,0.00000420,1349.00000000,1
1531186295278,1531186295271,2715087,0.00000420,1111.00000000,1
1531186305250,1531186305244,2715088,0.00000420,1074.00000000,1
1531186316272,1531186316266,2715089,0.00000420,1209.00000000,1
1531186325227,1531186325222,2715090,0.00000420,1138.00000000,1
1531186336411,1531186336404,2715091,0.00000420,1202.00000000,1
1531186345407,1531186345401,2715092,0.00000420,1364.00000000,1
1531186354333,1531186354320,2715093,0.00000420,1144.00000000,1
1531186365847,1531186365842,2715094,0.00000420,1037.00000000,1
1531186374519,1531186374513,2715095,0.00000420,1146.00000000,1
1531186383468,1531186383463,2715096,0.00000421,299.00000000,0
1531186383474,1531186383469,2715097,0.00000421,298.00000000,0
1531186384608,1531186384603,2715098,0.00000420,1283.00000000,1
1531186389551,1531186389544,2715099,0.00000421,1472.00000000,0
1531186396408,1531186396402,2715100,0.00000420,1201.00000000,1
1531186405407,1531186405402,2715101,0.00000420,1022.00000000,1
1531186415427,1531186415420,2715102,0.00000420,1183.00000000,1
1531186425372,1531186425365,2715103,0.00000420,1273.00000000,1
1531186434414,1531186434406,2715104,0.00000420,1073.00000000,1
1531186445430,1531186445424,2715105,0.00000420,1338.00000000,1
1531186454376,1531186454369,2715106,0.00000420,1246.00000000,1
1531186464367,1531186464362,2715107,0.00000420,1228.00000000,1
1531186475371,1531186475366,2715108,0.00000420,1143.00000000,1
1531186484607,1531186484600,2715109,0.00000420,1188.00000000,1
1531186494483,1531186494477,2715110,0.00000420,1140.00000000,1
1531186506405,1531186506400,2715111,0.00000420,1330.00000000,1
1531186514439,1531186514433,2715112,0.00000420,1047.00000000,1
1531186524401,1531186524396,2715113,0.00000420,1304.00000000,1
1531186536395,1531186536389,2715114,0.00000420,1388.00000000,1
1531186542877,1531186542873,2715115,0.00000421,37.00000000,0
1531186543148,1531186543142,2715116,0.00000421,241.00000000,0
1531186543148,1531186543142,2715117,0.00000423,250.00000000,0
1531186543148,1531186543142,2715118,0.00000424,250.00000000,0
1531186543148,1531186543142,2715119,0.00000425,2804.00000000,0
1531186555394,1531186555388,2715120,0.00000422,576.00000000,1
1531186564596,1531186564591,2715121,0.00000421,1314.00000000,1
1531186567250,1531186567245,2715122,0.00000421,517.00000000,1
1531186569291,1531186569285,2715123,0.00000422,283.00000000,0
1531186576447,1531186576442,2715124,0.00000421,314.00000000,1
1531186584442,1531186584435,2715125,0.00000420,1194.00000000,1
1531186591328,1531186591323,2715126,0.00000420,49195.00000000,1
1531186592046,1531186592041,2715127,0.00000421,1895.00000000,0
1531186594177,1531186594169,2715128,0.00000423,1258.00000000,0
1531186594435,1531186594429,2715129,0.00000421,1169.00000000,1
1531186596300,1531186596294,2715130,0.00000421,3064.00000000,1
1531186604392,1531186604385,2715131,0.00000421,741.00000000,1
1531186604695,1531186604689,2715132,0.00000421,4.00000000,0
1531186614322,1531186614316,2715133,0.00000420,1251.00000000,1
1531186615511,1531186615506,2715134,0.00000420,1037.00000000,1
1531186622585,1531186622580,2715135,0.00000420,273.00000000,1
1531186627942,1531186627935,2715136,0.00000420,1461.00000000,1
1531186634821,1531186634815,2715137,0.00000421,1895.00000000,0
1531186637652,1531186637646,2715138,0.00000421,1169.00000000,1
1531186644470,1531186644464,2715139,0.00000420,1530.00000000,1
1531186654592,1531186654585,2715140,0.00000420,1369.00000000,1
1531186659259,1531186659253,2715141,0.00000421,837.00000000,0
1531186664521,1531186664514,2715142,0.00000420,1331.00000000,1
1531186674481,1531186674476,2715143,0.00000420,1501.00000000,1
1531186677946,1531186677942,2715144,0.00000420,2411.00000000,1
1531186684553,1531186684547,2715145,0.00000420,1491.00000000,1
1531186696804,1531186696798,2715146,0.00000420,1413.00000000,1
1531186704477,1531186704472,2715147,0.00000420,1132.00000000,1
1531186708805,1531186708799,2715148,0.00000420,13707.00000000,1
1531186709129,1531186709124,2715149,0.00000420,1560.00000000,0
1531186710134,1531186710127,2715150,0.00000419,6622.00000000,1
1531186710332,1531186710326,2715151,0.00000419,261.00000000,0
1531186710428,1531186710422,2715152,0.00000419,1205.00000000,0
1531186711115,1531186711108,2715153,0.00000419,1374.00000000,1
1531186714754,1531186714749,2715154,0.00000419,32.00000000,1
1531186715560,1531186715556,2715155,0.00000419,1142.00000000,1
1531186724789,1531186724770,2715156,0.00000419,1091.00000000,1
1531186728599,1531186728592,2715157,0.00000419,41060.00000000,1
1531186731043,1531186731037,2715158,0.00000419,275.00000000,0
1531186735444,1531186735438,2715159,0.00000418,32.00000000,1
1531186735542,1531186735535,2715160,0.00000418,220.00000000,1
1531186735578,1531186735573,2715161,0.00000418,911.00000000,0
1531186738440,1531186738432,2715162,0.00000417,32.00000000,1
1531186744649,1531186744644,2715163,0.00000418,1178.00000000,1
1531186750085,1531186750079,2715164,0.00000418,16361.00000000,1
1531186755505,1531186755501,2715165,0.00000418,2080.00000000,1
1531186762705,1531186762699,2715166,0.00000418,363.00000000,1
1531186766583,1531186766576,2715167,0.00000418,2093.00000000,1
1531186767270,1531186767265,2715168,0.00000418,1848.00000000,1
1531186767286,1531186767280,2715169,0.00000418,7222.00000000,0
1531186767293,1531186767287,2715170,0.00000418,5225.00000000,0
1531186767293,1531186767287,2715171,0.00000419,1904.00000000,0
1531186767293,1531186767287,2715172,0.00000421,93.00000000,0
1531186772836,1531186772831,2715173,0.00000418,3361.00000000,1
1531186777562,1531186777557,2715174,0.00000418,12.00000000,1
1531186779084,1531186779078,2715175,0.00000418,844.00000000,0
1531186779486,1531186779474,2715176,0.00000417,1113.00000000,1
1531186780030,1531186780025,2715177,0.00000418,1041.00000000,0
1531186780927,1531186780921,2715178,0.00000418,619.00000000,0
1531186782533,1531186782528,2715179,0.00000417,1065.00000000,1
1531186782640,1531186782635,2715180,0.00000418,743.00000000,0
1531186783464,1531186783458,2715181,0.00000418,61.00000000,0
1531186783886,1531186783880,2715182,0.00000418,683.00000000,0
1531186783906,1531186783899,2715183,0.00000419,60.00000000,1
1531186783906,1531186783899,2715184,0.00000417,2429.00000000,1
1531186786503,1531186786498,2715185,0.00000418,1991.00000000,1
1531186792382,1531186792376,2715186,0.00000419,2492.00000000,1
1531186796591,1531186796585,2715187,0.00000419,2401.00000000,1
1531186798902,1531186798896,2715188,0.00000419,512.00000000,1
1531186800872,1531186800867,2715189,0.00000419,401.00000000,1
1531186800872,1531186800867,2715190,0.00000418,1597.00000000,1
1531186803722,1531186803716,2715191,0.00000418,992.00000000,0
1531186804566,1531186804560,2715192,0.00000417,2237.00000000,1
1531186804810,1531186804805,2715193,0.00000418,298.00000000,0
1531186804866,1531186804860,2715194,0.00000418,694.00000000,0
1531186814577,1531186814571,2715195,0.00000419,2202.00000000,1
1531186818584,1531186818578,2715196,0.00000419,362.00000000,0
1531186824622,1531186824618,2715197,0.00000417,2232.00000000,1
1531186825282,1531186825276,2715198,0.00000417,7.00000000,0
1531186828787,1531186828780,2715199,0.00000420,2399.00000000,0
1531186828787,1531186828780,2715200,0.00000421,159.00000000,0
1531186828787,1531186828780,2715201,0.00000422,5699.00000000,0
1531186828787,1531186828780,2715202,0.00000423,250.00000000,0
1531186828787,1531186828780,2715203,0.00000424,250.00000000,0
1531186828787,1531186828780,2715204,0.00000425,10342.00000000,0
1531186843746,1531186843739,2715205,0.00000422,271.00000000,1
1531186843909,1531186843904,2715206,0.00000422,719.00000000,1
1531186845643,1531186845637,2715207,0.00000422,1407.00000000,1
1531186847342,1531186847337,2715208,0.00000421,106.00000000,1
1531186848470,1531186848466,2715209,0.00000421,144.00000000,1
1531186854635,1531186854628,2715210,0.00000420,250.00000000,1
1531186855467,1531186855462,2715211,0.00000419,32.00000000,1
1531186856490,1531186856483,2715212,0.00000419,363.00000000,1
1531186858185,1531186858179,2715213,0.00000420,424.00000000,0
1531186865631,1531186865624,2715214,0.00000419,127.00000000,1
1531186866930,1531186866923,2715215,0.00000419,2778.00000000,0
1531186873999,1531186873994,2715216,0.00000418,32.00000000,1
1531186874640,1531186874633,2715217,0.00000418,1776.00000000,1
1531186878055,1531186878050,2715218,0.00000418,1161.00000000,0
1531186880168,1531186880161,2715219,0.00000418,580.00000000,0
1531186880765,1531186880761,2715220,0.00000417,32.00000000,1
1531186881691,1531186881687,2715221,0.00000418,580.00000000,0
1531186884004,1531186883998,2715222,0.00000418,1.00000000,0
1531186889799,1531186889792,2715223,0.00000418,6452.00000000,1
1531186890634,1531186890629,2715224,0.00000418,2661.00000000,0
1531186891444,1531186891438,2715225,0.00000418,1330.00000000,0
1531186892328,1531186892323,2715226,0.00000418,1620.00000000,0
1531186893072,1531186893066,2715227,0.00000418,1620.00000000,0
1531186893265,1531186893260,2715228,0.00000420,810.00000000,0
1531186894637,1531186894633,2715229,0.00000419,810.00000000,1
1531186902688,1531186902683,2715230,0.00000417,727.00000000,1
1531186904636,1531186904631,2715231,0.00000417,2323.00000000,1
1531186914603,1531186914599,2715232,0.00000417,2594.00000000,1
1531186924334,1531186924328,2715233,0.00000417,364.00000000,1
1531186924490,1531186924485,2715234,0.00000417,274.00000000,1
1531186925659,1531186925653,2715235,0.00000417,2253.00000000,1
1531186933747,1531186933743,2715236,0.00000419,139.00000000,0
1531186934567,1531186934561,2715237,0.00000417,2303.00000000,1
1531186937941,1531186937935,2715238,0.00000419,1.00000000,0
1531186944772,1531186944768,2715239,0.00000418,2036.00000000,0
1531186945526,1531186945519,2715240,0.00000418,747.00000000,0
1531186945777,1531186945773,2715241,0.00000418,1494.00000000,0
1531186946109,1531186946105,2715242,0.00000418,747.00000000,0
1531186946594,1531186946587,2715243,0.00000417,2329.00000000,1
1531186947660,1531186947655,2715244,0.00000418,1389.00000000,0
1531186948332,1531186948328,2715245,0.00000418,1389.00000000,0
1531186949617,1531186949612,2715246,0.00000419,568.00000000,0
1531186954655,1531186954650,2715247,0.00000419,126.00000000,1
1531186965589,1531186965584,2715248,0.00000418,786.00000000,1
1531186966237,1531186966232,2715249,0.00000418,561.00000000,0
1531186966669,1531186966664,2715250,0.00000418,823.00000000,0
1531186975691,1531186975686,2715251,0.00000418,1975.00000000,1
1531186984564,1531186984557,2715252,0.00000418,787.00000000,1
1531186985624,1531186985618,2715253,0.00000418,609.00000000,0
1531186985709,1531186985703,2715254,0.00000418,609.00000000,0
1531186994713,1531186994707,2715255,0.00000418,1619.00000000,1
1531187006710,1531187006705,2715256,0.00000418,1922.00000000,1
1531187015651,1531187015645,2715257,0.00000418,184.00000000,1
1531187016717,1531187016711,2715258,0.00000418,815.00000000,0
1531187017615,1531187017611,2715259,0.00000418,815.00000000,0
1531187034598,1531187034574,2715260,0.00000417,1603.00000000,1
1531187044650,1531187044645,2715261,0.00000417,1928.00000000,1
1531187055645,1531187055640,2715262,0.00000417,1091.00000000,1
1531187064676,1531187064671,2715263,0.00000417,1170.00000000,1
1531187074684,1531187074679,2715264,0.00000417,1213.00000000,1
1531187084630,1531187084624,2715265,0.00000417,1255.00000000,1
1531187095990,1531187095986,2715266,0.00000417,1157.00000000,1
1531187105717,1531187105710,2715267,0.00000418,1085.00000000,1
1531187113663,1531187113658,2715268,0.00000419,1949.00000000,0
1531187114738,1531187114733,2715269,0.00000418,1341.00000000,1
1531187124692,1531187124685,2715270,0.00000418,1057.00000000,1
1531187135743,1531187135739,2715271,0.00000418,1336.00000000,1
1531187144695,1531187144690,2715272,0.00000418,1249.00000000,1
1531187155712,1531187155706,2715273,0.00000418,1136.00000000,1
1531187164818,1531187164812,2715274,0.00000418,534.00000000,1
1531187168104,1531187168099,2715275,0.00000418,1125.00000000,0
1531187169808,1531187169803,2715276,0.00000418,1125.00000000,0
1531187175736,1531187175732,2715277,0.00000417,1398.00000000,1
1531187184804,1531187184798,2715278,0.00000417,1378.00000000,1
1531187194911,1531187194906,2715279,0.00000417,1164.00000000,1
1531187206785,1531187206780,2715280,0.00000417,1359.00000000,1
1531187214790,1531187214785,2715281,0.00000417,1263.00000000,1
1531187215646,1531187215632,2715282,0.00000417,4074.00000000,1
1531187215646,1531187215632,2715283,0.00000416,11955.00000000,1
1531187215646,1531187215632,2715284,0.00000415,18221.00000000,1
1531187215646,1531187215632,2715285,0.00000414,23559.00000000,1
1531187215646,1531187215632,2715286,0.00000413,22111.00000000,1
1531187215646,1531187215632,2715287,0.00000413,773.00000000,1
1531187217608,1531187217604,2715288,0.00000416,101.00000000,0
1531187217662,1531187217655,2715289,0.00000416,3000.00000000,0
1531187217679,1531187217672,2715290,0.00000416,2817.00000000,0
1531187217797,1531187217790,2715291,0.00000416,227.00000000,0
1531187217797,1531187217790,2715292,0.00000417,2717.00000000,0
1531187218234,1531187218227,2715293,0.00000417,242.00000000,0
1531187218635,1531187218629,2715294,0.00000417,3000.00000000,0
1531187219303,1531187219297,2715295,0.00000415,32.00000000,1
1531187219732,1531187219726,2715296,0.00000417,885.00000000,0
1531187219732,1531187219726,2715297,0.00000418,776.00000000,0
1531187219732,1531187219726,2715298,0.00000419,8702.00000000,0
1531187219732,1531187219726,2715299,0.00000420,593.00000000,0
1531187219732,1531187219726,2715300,0.00000421,765.00000000,0
1531187220497,1531187220493,2715301,0.00000417,252.00000000,0
1531187220637,1531187220633,2715302,0.00000417,831.00000000,0
1531187221123,1531187221116,2715303,0.00000419,1085.00000000,1
1531187222719,1531187222714,2715304,0.00000419,365.00000000,1
1531187222719,1531187222714,2715305,0.00000418,252.00000000,1
1531187223963,1531187223958,2715306,0.00000417,586.00000000,0
1531187225428,1531187225422,2715307,0.00000418,1143.00000000,0
1531187226264,1531187226258,2715308,0.00000418,1062.00000000,0
1531187228606,1531187228599,2715309,0.00000419,40.00000000,1
1531187234722,1531187234717,2715310,0.00000417,840.00000000,1
1531187235662,1531187235655,2715311,0.00000417,1136.00000000,0
1531187235662,1531187235655,2715312,0.00000418,1864.00000000,0
1531187236101,1531187236095,2715313,0.00000418,1909.00000000,0
1531187236479,1531187236474,2715314,0.00000418,2727.00000000,0
1531187236479,1531187236474,2715315,0.00000419,273.00000000,0
1531187237603,1531187237597,2715316,0.00000419,2318.00000000,0
1531187246480,1531187246474,2715317,0.00000418,908.00000000,0
1531187247442,1531187247436,2715318,0.00000418,666.00000000,0
1531187250991,1531187250986,2715319,0.00000416,253.00000000,1
1531187251189,1531187251186,2715320,0.00000416,1003.00000000,0
1531187252637,1531187252631,2715321,0.00000418,501.00000000,0
1531187257199,1531187257194,2715322,0.00000418,836.00000000,0
1531187258183,1531187258178,2715323,0.00000418,613.00000000,0
1531187266246,1531187266241,2715324,0.00000416,3389.00000000,1
1531187266967,1531187266962,2715325,0.00000416,957.00000000,1
1531187267266,1531187267260,2715326,0.00000417,799.00000000,0
1531187267266,1531187267260,2715327,0.00000418,286.00000000,0
1531187267954,1531187267948,2715328,0.00000416,200.00000000,1
1531187267954,1531187267948,2715329,0.00000415,166.00000000,1
1531187268005,1531187267999,2715330,0.00000418,1085.00000000,0
1531187268829,1531187268823,2715331,0.00000415,1919.00000000,1
1531187269290,1531187269284,2715332,0.00000416,357.00000000,0
1531187269718,1531187269713,2715333,0.00000418,743.00000000,0
1531187270121,1531187270114,2715334,0.00000418,3588.00000000,0
1531187279085,1531187279081,2715335,0.00000416,1204.00000000,0
1531187279694,1531187279688,2715336,0.00000417,744.00000000,0
1531187282905,1531187282901,2715337,0.00000417,1209.00000000,0
1531187286522,1531187286517,2715338,0.00000417,2554.00000000,0
1531187293764,1531187293758,2715339,0.00000418,614.00000000,0
1531187293775,1531187293769,2715340,0.00000419,731.00000000,0
1531187293775,1531187293769,2715341,0.00000420,2562.00000000,0
1531187293775,1531187293769,2715342,0.00000421,589.00000000,0
1531187293775,1531187293769,2715343,0.00000422,536.00000000,0
1531187293775,1531187293769,2715344,0.00000423,6404.00000000,0
1531187293788,1531187293783,2715345,0.00000423,6889.00000000,0
1531187293788,1531187293783,2715346,0.00000424,3963.00000000,0
1531187294188,1531187294183,2715347,0.00000424,1100.00000000,0
1531187295638,1531187295633,2715348,0.00000419,1923.00000000,1
1531187297216,1531187297210,2715349,0.00000420,250.00000000,1
1531187297282,1531187297277,2715350,0.00000420,289.00000000,0
1531187299564,1531187299558,2715351,0.00000419,161.00000000,0
1531187299756,1531187299751,2715352,0.00000419,4288.00000000,0
1531187306462,1531187306456,2715353,0.00000419,6373.00000000,0
1531187306462,1531187306456,2715354,0.00000420,340.00000000,0
1531187307912,1531187307905,2715355,0.00000418,1838.00000000,1
1531187308475,1531187308471,2715356,0.00000417,252.00000000,1
1531187314853,1531187314846,2715357,0.00000416,253.00000000,1
1531187314864,1531187314859,2715358,0.00000416,2225.00000000,0
1531187326816,1531187326811,2715359,0.00000415,2010.00000000,1
1531187327923,1531187327918,2715360,0.00000415,3861.00000000,1
1531187329071,1531187329066,2715361,0.00000415,301.00000000,1
1531187332262,1531187332258,2715362,0.00000417,1204.00000000,0
1531187334824,1531187334817,2715363,0.00000415,2378.00000000,1
1531187345877,1531187345872,2715364,0.00000415,2604.00000000,1
1531187354903,1531187354897,2715365,0.00000415,2400.00000000,1
1531187363108,1531187363103,2715366,0.00000415,300.00000000,1
1531187365908,1531187365903,2715367,0.00000415,2940.00000000,1
1531187366428,1531187366423,2715368,0.00000417,130.00000000,0
1531187366428,1531187366423,2715369,0.00000418,254.00000000,0
1531187366428,1531187366423,2715370,0.00000419,253.00000000,0
1531187366428,1531187366423,2715371,0.00000420,78.00000000,0
1531187388170,1531187388165,2715372,0.00000417,364.00000000,1
1531187388309,1531187388303,2715373,0.00000417,71.00000000,1
1531187389080,1531187389074,2715374,0.00000416,435.00000000,1
1531187393258,1531187393252,2715375,0.00000417,656.00000000,0
1531187413444,1531187413438,2715376,0.00000417,2477.00000000,0
1531187425818,1531187425813,2715377,0.00000417,1099.00000000,0
1531187431855,1531187431849,2715378,0.00000417,847.00000000,0
1531187449053,1531187449049,2715379,0.00000417,2356.00000000,0
1531187455972,1531187455966,2715380,0.00000417,303.00000000,1
1531187459908,1531187459902,2715381,0.00000417,1527.00000000,0
1531187480907,1531187480902,2715382,0.00000417,3358.00000000,0
1531187490049,1531187490043,2715383,0.00000417,3154.00000000,0
1531187502340,1531187502335,2715384,0.00000418,239.00000000,0
1531187507334,1531187507328,2715385,0.00000417,1423.00000000,0
1531187508774,1531187508769,2715386,0.00000417,1716.00000000,0
1531187510136,1531187510131,2715387,0.00000419,253.00000000,0
1531187510136,1531187510131,2715388,0.00000420,949.00000000,0
1531187525921,1531187525917,2715389,0.00000417,1380.00000000,1
1531187528548,1531187528543,2715390,0.00000419,239.00000000,0
1531187534927,1531187534923,2715391,0.00000417,785.00000000,1
1531187536311,1531187536305,2715392,0.00000417,2132.00000000,0
1531187538185,1531187538181,2715393,0.00000420,1776.00000000,0
1531187545213,1531187545208,2715394,0.00000420,1235.00000000,1
1531187545492,1531187545487,2715395,0.00000420,1108.00000000,1
1531187550858,1531187550854,2715396,0.00000417,378.00000000,1
1531187566169,1531187566163,2715397,0.00000417,1002.00000000,1
1531187574944,1531187574939,2715398,0.00000417,1006.00000000,1
1531187584976,1531187584970,2715399,0.00000417,1149.00000000,1
1531187596257,1531187596253,2715400,0.00000417,1157.00000000,1
1531187604972,1531187604966,2715401,0.00000417,1022.00000000,1
1531187615061,1531187615056,2715402,0.00000417,1058.00000000,1
1531187625379,1531187625375,2715403,0.00000417,1034.00000000,1
1531187636049,1531187636045,2715404,0.00000417,1014.00000000,1
1531187645146,1531187645141,2715405,0.00000417,1292.00000000,1
1531187651366,1531187651362,2715406,0.00000419,1904.00000000,0
1531187655050,1531187655046,2715407,0.00000419,1075.00000000,1
1531187665069,1531187665065,2715408,0.00000419,1185.00000000,1
1531187672566,1531187672561,2715409,0.00000420,7846.00000000,0
1531187675957,1531187675953,2715410,0.00000420,1065.00000000,1
1531187676395,1531187676389,2715411,0.00000420,2107.00000000,1
1531187685140,1531187685136,2715412,0.00000419,1153.00000000,1
1531187695015,1531187695010,2715413,0.00000419,1184.00000000,1
1531187706091,1531187706087,2715414,0.00000419,1297.00000000,1
1531187715294,1531187715290,2715415,0.00000419,1104.00000000,1
1531187726076,1531187726072,2715416,0.00000419,1192.00000000,1
1531187735045,1531187735041,2715417,0.00000419,1086.00000000,1
1531187747147,1531187747142,2715418,0.00000419,1342.00000000,1
1531187757150,1531187757145,2715419,0.00000419,1230.00000000,1
1531187766162,1531187766157,2715420,0.00000419,1315.00000000,1
1531187775115,1531187775111,2715421,0.00000419,1141.00000000,1
1531187786073,1531187786069,2715422,0.00000419,1226.00000000,1
1531187795078,1531187795074,2715423,0.00000419,1078.00000000,1
1531187805160,1531187805155,2715424,0.00000419,1391.00000000,1
1531187805404,1531187805400,2715425,0.00000419,12594.00000000,1
1531187813459,1531187813455,2715426,0.00000418,242.00000000,0
1531187815081,1531187815076,2715427,0.00000417,1072.00000000,1
1531187825030,1531187825025,2715428,0.00000417,1294.00000000,1
1531187827365,1531187827359,2715429,0.00000418,1125.00000000,0
1531187835193,1531187835188,2715430,0.00000417,1229.00000000,1
1531187839152,1531187839148,2715431,0.00000418,239.00000000,0
1531187846141,1531187846137,2715432,0.00000417,1200.00000000,1
1531187851088,1531187851084,2715433,0.00000418,1.00000000,0
1531187854395,1531187854390,2715434,0.00000417,20346.00000000,1
1531187894175,1531187894171,2715435,0.00000417,274.00000000,1
1531187913846,1531187913842,2715436,0.00000419,1193.00000000,0
1531187915080,1531187915076,2715437,0.00000417,1388.00000000,1
1531187926157,1531187926152,2715438,0.00000417,1166.00000000,1
1531187935156,1531187935152,2715439,0.00000417,1053.00000000,1
1531187939145,1531187939141,2715440,0.00000419,248.00000000,0
1531187945204,1531187945199,2715441,0.00000419,1091.00000000,1
1531187956461,1531187956455,2715442,0.00000419,1228.00000000,1
1531187966206,1531187966202,2715443,0.00000419,878.00000000,1
1531187986260,1531187986258,2715444,0.00000417,1138.00000000,1
1531187995123,1531187995118,2715445,0.00000417,1381.00000000,1
1531188006134,1531188006129,2715446,0.00000417,1029.00000000,1
1531188018122,1531188018117,2715447,0.00000417,1110.00000000,1
1531188025227,1531188025221,2715448,0.00000417,1257.00000000,1
1531188037431,1531188037427,2715449,0.00000417,1101.00000000,1
1531188046401,1531188046397,2715450,0.00000417,59.00000000,1
1531188051429,1531188051425,2715451,0.00000417,849.00000000,0
1531188054134,1531188054129,2715452,0.00000417,849.00000000,0
1531188056418,1531188056412,2715453,0.00000416,1240.00000000,1
1531188066421,1531188066418,2715454,0.00000416,1377.00000000,1
1531188077959,1531188077955,2715455,0.00000417,405.00000000,0
1531188079447,1531188079443,2715456,0.00000416,1256.00000000,1
1531188080084,1531188080080,2715457,0.00000417,787.00000000,0
1531188086548,1531188086542,2715458,0.00000417,1308.00000000,1
1531188096422,1531188096418,2715459,0.00000417,1168.00000000,1
1531188106369,1531188106365,2715460,0.00000417,1063.00000000,1
1531188117444,1531188117439,2715461,0.00000417,1190.00000000,1
1531188126409,1531188126406,2715462,0.00000417,1269.00000000,1
1531188136375,1531188136372,2715463,0.00000417,1282.00000000,1
1531188139443,1531188139439,2715464,0.00000417,10076.00000000,1
1531188147473,1531188147470,2715465,0.00000417,1155.00000000,1
1531188156387,1531188156383,2715466,0.00000417,1190.00000000,1
1531188169510,1531188169506,2715467,0.00000417,1178.00000000,1
1531188176429,1531188176426,2715468,0.00000417,1370.00000000,1
1531188188408,1531188188404,2715469,0.00000417,1227.00000000,1
1531188190842,1531188190837,2715470,0.00000419,612.00000000,0
1531188194314,1531188194309,2715471,0.00000419,596.00000000,0
1531188195308,1531188195302,2715472,0.00000419,596.00000000,0
1531188196667,1531188196663,2715473,0.00000417,1255.00000000,1
1531188206450,1531188206445,2715474,0.00000417,781.00000000,1
1531188218470,1531188218466,2715475,0.00000416,1304.00000000,1
1531188228461,1531188228457,2715476,0.00000416,1237.00000000,1
1531188236600,1531188236597,2715477,0.00000416,1268.00000000,1
1531188241688,1531188241684,2715478,0.00000416,7620.00000000,1
1531188246572,1531188246569,2715479,0.00000416,1357.00000000,1
1531188257531,1531188257526,2715480,0.00000416,1035.00000000,1
1531188269657,1531188269623,2715481,0.00000416,1110.00000000,1
1531188276781,1531188276775,2715482,0.00000416,1193.00000000,1
1531188288477,1531188288472,2715483,0.00000416,1064.00000000,1
1531188296567,1531188296562,2715484,0.00000416,1376.00000000,1
1531188306796,1531188306793,2715485,0.00000416,1112.00000000,1
1531188317495,1531188317491,2715486,0.00000416,1110.00000000,1
1531188326564,1531188326559,2715487,0.00000416,1334.00000000,1
1531188336091,1531188336087,2715488,0.00000417,116.00000000,0
1531188339102,1531188339099,2715489,0.00000417,1.00000000,0
1531188339831,1531188339827,2715490,0.00000416,1211.00000000,1
1531188347561,1531188347555,2715491,0.00000416,1349.00000000,1
1531188357681,1531188357677,2715492,0.00000416,1190.00000000,1
1531188367545,1531188367540,2715493,0.00000416,1012.00000000,1
1531188370250,1531188370248,2715494,0.00000417,678.00000000,0
1531188373369,1531188373365,2715495,0.00000417,599.00000000,0
1531188373896,1531188373891,2715496,0.00000417,519.00000000,0
1531188373896,1531188373891,2715497,0.00000420,80.00000000,0
1531188386563,1531188386557,2715498,0.00000416,1064.00000000,1
1531188397525,1531188397521,2715499,0.00000416,1253.00000000,1
1531188408851,1531188408846,2715500,0.00000416,1276.00000000,1
1531188417775,1531188417771,2715501,0.00000416,1066.00000000,1
1531188426760,1531188426756,2715502,0.00000416,1279.00000000,1
1531188438912,1531188438909,2715503,0.00000416,1341.00000000,1
1531188446684,1531188446680,2715504,0.00000416,1065.00000000,1
1531188451647,1531188451643,2715505,0.00000418,15.00000000,0
1531188453308,1531188453303,2715506,0.00000418,820.00000000,0
1531188456596,1531188456591,2715507,0.00000418,1012.00000000,1
1531188459491,1531188459486,2715508,0.00000419,2392.00000000,0
1531188466661,1531188466657,2715509,0.00000418,1240.00000000,1
1531188472188,1531188472184,2715510,0.00000418,750.00000000,1
1531188486774,1531188486767,2715511,0.00000417,1134.00000000,1
1531188496771,1531188496767,2715512,0.00000417,1313.00000000,1
1531188507759,1531188507756,2715513,0.00000417,1157.00000000,1
