event_time,trade_time,trade_id,price,quantity,maker
1531160289783,1531160289780,1372776,0.00003436,152.00000000,1
1531160291677,1531160291673,1372777,0.00003436,1092.00000000,1
1531160303193,1531160303189,1372778,0.00003436,982.00000000,1
1531160310768,1531160310766,1372779,0.00003436,254.00000000,1
1531160340682,1531160340679,1372780,0.00003440,73.00000000,0
1531160416594,1531160416592,1372781,0.00003440,650.00000000,0
1531160423811,1531160423807,1372782,0.00003440,13.00000000,0
1531160453384,1531160453382,1372783,0.00003447,34.00000000,0
1531160520294,1531160520291,1372784,0.00003446,3396.00000000,0
1531160521098,1531160521096,1372785,0.00003446,539.00000000,1
1531160573801,1531160573801,1372786,0.00003446,1721.00000000,0
1531160651499,1531160651495,1372787,0.00003446,502.00000000,0
1531160675158,1531160675154,1372788,0.00003446,32.00000000,0
1531160725512,1531160725508,1372789,0.00003446,34.00000000,0
1531160744003,1531160744000,1372790,0.00003446,38.00000000,0
1531160754310,1531160754307,1372791,0.00003446,34.00000000,0
1531160770537,1531160770533,1372792,0.00003441,169.00000000,1
1531160773398,1531160773395,1372793,0.00003441,869.00000000,1
1531160773427,1531160773423,1372794,0.00003440,194.00000000,0
1531160773551,1531160773547,1372795,0.00003440,358.00000000,0
1531160789742,1531160789739,1372796,0.00003442,1015.00000000,1
1531160845559,1531160845555,1372797,0.00003448,169.00000000,0
1531160845559,1531160845555,1372798,0.00003450,1729.00000000,0
1531160884008,1531160884004,1372799,0.00003449,45.00000000,0
1531160930735,1531160930731,1372800,0.00003445,31.00000000,1
1531160940801,1531160940798,1372801,0.00003445,869.00000000,0
1531160951711,1531160951708,1372802,0.00003445,553.00000000,0
1531160969283,1531160969264,1372803,0.00003449,6351.00000000,0
1531160969641,1531160969639,1372804,0.00003445,1190.00000000,1
1531160969697,1531160969694,1372805,0.00003450,5728.00000000,0
1531160969979,1531160969975,1372806,0.00003450,1125.00000000,0
1531160970134,1531160970132,1372807,0.00003453,240.00000000,0
1531160970134,1531160970132,1372808,0.00003461,873.00000000,0
1531161020499,1531161020494,1372809,0.00003461,34.00000000,0
1531161025090,1531161025086,1372810,0.00003461,831.00000000,0
1531161041768,1531161041765,1372811,0.00003461,162.00000000,1
1531161067358,1531161067354,1372812,0.00003462,42.00000000,0
1531161067358,1531161067354,1372813,0.00003464,37.00000000,0
1531161144098,1531161144094,1372814,0.00003472,155.00000000,0
1531161179306,1531161179302,1372815,0.00003472,165.00000000,0
1531161196765,1531161196763,1372816,0.00003473,43.00000000,0
1531161199774,1531161199770,1372817,0.00003474,572.00000000,0
1531161200205,1531161200201,1372818,0.00003475,70.00000000,0
1531161202783,1531161202781,1372819,0.00003475,101.00000000,0
1531161205801,1531161205799,1372820,0.00003476,41.00000000,0
1531161208820,1531161208815,1372821,0.00003478,257.00000000,0
1531161211846,1531161211842,1372822,0.00003480,173.00000000,0
1531161253386,1531161253382,1372823,0.00003475,420.00000000,1
1531161281609,1531161281605,1372824,0.00003475,57.00000000,1
1531161293623,1531161293617,1372825,0.00003480,66.00000000,0
1531161293623,1531161293617,1372826,0.00003482,80.00000000,0
1531161293623,1531161293617,1372827,0.00003483,32.00000000,0
1531161293623,1531161293617,1372828,0.00003484,581.00000000,0
1531161293623,1531161293617,1372829,0.00003486,167.00000000,0
1531161293623,1531161293617,1372830,0.00003487,197.00000000,0
1531161361847,1531161361843,1372831,0.00003487,143.00000000,0
1531161376049,1531161376045,1372832,0.00003487,100.00000000,0
1531161390162,1531161390156,1372833,0.00003477,49.00000000,1
1531161415088,1531161415083,1372834,0.00003487,8.00000000,0
1531161428661,1531161428655,1372835,0.00003477,955.00000000,1
1531161428661,1531161428655,1372836,0.00003475,202.00000000,1
1531161428661,1531161428655,1372837,0.00003473,463.00000000,1
1531161428661,1531161428655,1372838,0.00003472,278.00000000,1
1531161431601,1531161431596,1372839,0.00003486,30.00000000,0
1531161433052,1531161433048,1372840,0.00003472,40.00000000,1
1531161436660,1531161436654,1372841,0.00003472,156.00000000,1
1531161466162,1531161466158,1372842,0.00003473,48.00000000,1
1531161498597,1531161498593,1372843,0.00003473,61.00000000,1
1531161516086,1531161516082,1372844,0.00003473,1627.00000000,1
1531161516092,1531161516087,1372845,0.00003473,9.00000000,1
1531161516349,1531161516346,1372846,0.00003472,833.00000000,1
1531161516519,1531161516516,1372847,0.00003472,243.00000000,1
1531161516519,1531161516516,1372848,0.00003465,1730.00000000,1
1531161516519,1531161516516,1372849,0.00003463,44.00000000,1
1531161517127,1531161517123,1372850,0.00003463,800.00000000,1
1531161519180,1531161519176,1372851,0.00003463,5596.00000000,1
1531161532500,1531161532495,1372852,0.00003462,182.00000000,1
1531161534821,1531161534816,1372853,0.00003461,607.00000000,1
1531161690215,1531161690210,1372854,0.00003471,99.00000000,0
1531161720119,1531161720115,1372855,0.00003471,83.00000000,0
1531161753598,1531161753594,1372856,0.00003471,335.00000000,1
1531161753598,1531161753594,1372857,0.00003465,240.00000000,1
1531161753598,1531161753594,1372858,0.00003464,63.00000000,1
1531161753598,1531161753594,1372859,0.00003463,2690.00000000,1
1531161790612,1531161790607,1372860,0.00003472,435.00000000,0
1531161959929,1531161959925,1372861,0.00003460,111.00000000,1
1531162035808,1531162035804,1372862,0.00003471,111.00000000,0
1531162035808,1531162035804,1372863,0.00003474,239.00000000,0
1531162035808,1531162035804,1372864,0.00003485,2150.00000000,0
1531162055412,1531162055407,1372865,0.00003480,194.00000000,0
1531162083367,1531162083361,1372866,0.00003479,1310.00000000,0
1531162083367,1531162083361,1372867,0.00003480,45.00000000,0
1531162083367,1531162083361,1372868,0.00003484,9145.00000000,0
1531162083367,1531162083361,1372869,0.00003485,1981.00000000,0
1531162111693,1531162111689,1372870,0.00003485,400.00000000,0
1531162153063,1531162153059,1372871,0.00003482,722.00000000,0
1531162153063,1531162153059,1372872,0.00003485,908.00000000,0
1531162158731,1531162158726,1372873,0.00003485,165.00000000,0
1531162181571,1531162181566,1372874,0.00003484,40.00000000,0
1531162361820,1531162361814,1372875,0.00003475,138.00000000,1
1531162361842,1531162361838,1372876,0.00003475,57.00000000,0
1531162361845,1531162361842,1372877,0.00003475,142.00000000,0
1531162361856,1531162361852,1372878,0.00003475,179.00000000,0
1531162361863,1531162361858,1372879,0.00003475,142.00000000,0
1531162361875,1531162361869,1372880,0.00003475,209.00000000,0
1531162361904,1531162361899,1372881,0.00003475,138.00000000,0
1531162362416,1531162362412,1372882,0.00003475,175.00000000,0
1531162363065,1531162363061,1372883,0.00003475,230.00000000,0
1531162563489,1531162563484,1372884,0.00003473,33.00000000,1
1531162616814,1531162616808,1372885,0.00003475,38.00000000,1
1531162619120,1531162619115,1372886,0.00003475,632.00000000,1
1531162861511,1531162861506,1372887,0.00003470,60.00000000,1
1531162861511,1531162861506,1372888,0.00003465,194.00000000,1
1531162869966,1531162869961,1372889,0.00003474,12.00000000,0
1531162950391,1531162950386,1372890,0.00003474,18.00000000,0
1531162950391,1531162950386,1372891,0.00003475,7.00000000,0
1531162993401,1531162993396,1372892,0.00003475,236.00000000,0
1531163029775,1531163029770,1372893,0.00003483,142.00000000,0
1531163029775,1531163029770,1372894,0.00003486,238.00000000,0
1531163029775,1531163029770,1372895,0.00003487,231.00000000,0
1531163081720,1531163081715,1372896,0.00003478,97.00000000,0
1531163091365,1531163091359,1372897,0.00003477,250.00000000,1
1531163118235,1531163118231,1372898,0.00003477,376.00000000,1
1531163159797,1531163159791,1372899,0.00003476,2018.00000000,1
1531163184572,1531163184567,1372900,0.00003475,44.00000000,1
1531163184572,1531163184567,1372901,0.00003475,607.00000000,1
1531163186005,1531163185998,1372902,0.00003475,1211.00000000,1
1531163219095,1531163219090,1372903,0.00003475,118.00000000,0
1531163252326,1531163252321,1372904,0.00003467,240.00000000,1
1531163252326,1531163252321,1372905,0.00003464,163.00000000,1
1531163252326,1531163252321,1372906,0.00003460,256.00000000,1
1531163314769,1531163314765,1372907,0.00003467,171.00000000,0
1531163353657,1531163353654,1372908,0.00003474,765.00000000,0
1531163354626,1531163354622,1372909,0.00003474,172.00000000,0
1531163355973,1531163355968,1372910,0.00003474,43.00000000,0
1531163357918,1531163357912,1372911,0.00003474,722.00000000,0
1531163376072,1531163376067,1372912,0.00003474,2.00000000,0
1531163376072,1531163376067,1372913,0.00003475,430.00000000,0
1531163418891,1531163418887,1372914,0.00003465,439.00000000,1
1531163442205,1531163442202,1372915,0.00003475,887.00000000,0
1531163455970,1531163455965,1372916,0.00003475,287.00000000,0
1531163460789,1531163460784,1372917,0.00003475,1153.00000000,0
1531163464108,1531163464101,1372918,0.00003475,2.00000000,0
1531163464108,1531163464101,1372919,0.00003485,285.00000000,0
1531163479602,1531163479596,1372920,0.00003483,131.00000000,0
1531163641655,1531163641649,1372921,0.00003483,138.00000000,0
1531163641655,1531163641649,1372922,0.00003484,3000.00000000,0
1531163641655,1531163641649,1372923,0.00003486,25520.00000000,0
1531163643446,1531163643440,1372924,0.00003486,382.00000000,0
1531163645667,1531163645661,1372925,0.00003486,191.00000000,0
1531163648406,1531163648400,1372926,0.00003486,192.00000000,0
1531163654010,1531163654005,1372927,0.00003476,636.00000000,1
1531163719517,1531163719512,1372928,0.00003476,802.00000000,1
1531163734449,1531163734443,1372929,0.00003476,254.00000000,0
1531163736805,1531163736799,1372930,0.00003476,144.00000000,0
1531163780349,1531163780344,1372931,0.00003476,99.00000000,0
1531163781983,1531163781976,1372932,0.00003476,100.00000000,0
1531163784136,1531163784131,1372933,0.00003471,546.00000000,1
1531163862776,1531163862770,1372934,0.00003476,3.00000000,0
1531163862776,1531163862770,1372935,0.00003485,47.00000000,0
1531163972303,1531163972300,1372936,0.00003485,47.00000000,0
1531163972618,1531163972611,1372937,0.00003472,6.00000000,1
1531163973832,1531163973827,1372938,0.00003471,6.00000000,1
1531164071370,1531164071363,1372939,0.00003475,76.00000000,1
1531164086407,1531164086399,1372940,0.00003485,686.00000000,0
1531164086407,1531164086399,1372941,0.00003486,6950.00000000,0
1531164086407,1531164086399,1372942,0.00003487,221.00000000,0
1531164086407,1531164086399,1372943,0.00003491,304.00000000,0
1531164086407,1531164086399,1372944,0.00003492,1350.00000000,0
1531164110295,1531164110289,1372945,0.00003492,653.00000000,0
1531164120555,1531164120549,1372946,0.00003481,82.00000000,1
1531164123911,1531164123898,1372947,0.00003491,82.00000000,0
1531164123911,1531164123898,1372948,0.00003492,1859.00000000,0
1531164123911,1531164123898,1372949,0.00003494,170.00000000,0
1531164123911,1531164123898,1372950,0.00003495,433.00000000,0
1531164123911,1531164123898,1372951,0.00003497,172.00000000,0
1531164123911,1531164123898,1372952,0.00003500,320.00000000,0
1531164123911,1531164123898,1372953,0.00003503,910.00000000,0
1531164123911,1531164123898,1372954,0.00003504,60.00000000,0
1531164123911,1531164123898,1372955,0.00003505,24.00000000,0
1531164123911,1531164123898,1372956,0.00003509,379.00000000,0
1531164123911,1531164123898,1372957,0.00003511,32.00000000,0
1531164123911,1531164123898,1372958,0.00003512,369.00000000,0
1531164123911,1531164123898,1372959,0.00003516,169.00000000,0
1531164123911,1531164123898,1372960,0.00003520,742.00000000,0
1531164123911,1531164123898,1372961,0.00003524,864.00000000,0
1531164123911,1531164123898,1372962,0.00003527,1137.00000000,0
1531164123911,1531164123898,1372963,0.00003531,284.00000000,0
1531164123911,1531164123898,1372964,0.00003532,262.00000000,0
1531164123911,1531164123898,1372965,0.00003533,338.00000000,0
1531164123911,1531164123898,1372966,0.00003539,32.00000000,0
1531164123911,1531164123898,1372967,0.00003540,302.00000000,0
1531164123911,1531164123898,1372968,0.00003541,975.00000000,0
1531164123911,1531164123898,1372969,0.00003542,142.00000000,0
1531164123911,1531164123898,1372970,0.00003543,1984.00000000,0
1531164124293,1531164124290,1372971,0.00003541,33.00000000,0
1531164124372,1531164124365,1372972,0.00003541,12.00000000,0
1531164124372,1531164124365,1372973,0.00003543,10.00000000,0
1531164126699,1531164126693,1372974,0.00003519,3000.00000000,0
1531164126699,1531164126693,1372975,0.00003543,159.00000000,0
1531164126699,1531164126693,1372976,0.00003546,655.00000000,0
1531164127994,1531164127989,1372977,0.00003511,122.00000000,1
1531164128540,1531164128535,1372978,0.00003513,1520.00000000,1
1531164128778,1531164128774,1372979,0.00003513,800.00000000,1
1531164129332,1531164129326,1372980,0.00003513,113.00000000,1
1531164129633,1531164129628,1372981,0.00003513,111.00000000,0
1531164132485,1531164132480,1372982,0.00003520,101.00000000,1
1531164132526,1531164132522,1372983,0.00003520,135.00000000,1
1531164133314,1531164133309,1372984,0.00003512,303.00000000,1
1531164133873,1531164133870,1372985,0.00003512,139.00000000,1
1531164134429,1531164134427,1372986,0.00003512,86.00000000,1
1531164135128,1531164135122,1372987,0.00003512,40.00000000,1
1531164138537,1531164138533,1372988,0.00003512,34.00000000,1
1531164138537,1531164138533,1372989,0.00003508,140.00000000,1
1531164139961,1531164139955,1372990,0.00003514,111.00000000,0
1531164139961,1531164139955,1372991,0.00003515,146.00000000,0
1531164140545,1531164140539,1372992,0.00003508,38.00000000,1
1531164141897,1531164141892,1372993,0.00003508,114.00000000,1
1531164142267,1531164142262,1372994,0.00003508,55.00000000,1
1531164142418,1531164142413,1372995,0.00003508,30.00000000,1
1531164148552,1531164148546,1372996,0.00003493,25.00000000,1
1531164148830,1531164148823,1372997,0.00003493,21.00000000,1
1531164156171,1531164156163,1372998,0.00003499,281.00000000,0
1531164156171,1531164156163,1372999,0.00003500,883.00000000,0
1531164172846,1531164172840,1373000,0.00003490,197.00000000,0
1531164173125,1531164173118,1373001,0.00003490,407.00000000,0
1531164173799,1531164173792,1373002,0.00003490,857.00000000,0
1531164177097,1531164177091,1373003,0.00003489,134.00000000,0
1531164193179,1531164193172,1373004,0.00003498,145.00000000,0
1531164193179,1531164193172,1373005,0.00003499,224.00000000,0
1531164193485,1531164193482,1373006,0.00003490,81.00000000,1
1531164213152,1531164213145,1373007,0.00003491,92.00000000,1
1531164336386,1531164336381,1373008,0.00003493,652.00000000,1
1531164348230,1531164348225,1373009,0.00003494,866.00000000,0
1531164361759,1531164361755,1373010,0.00003493,46.00000000,1
1531164381136,1531164381132,1373011,0.00003493,2012.00000000,1
1531164396289,1531164396287,1373012,0.00003491,1026.00000000,1
1531164396289,1531164396287,1373013,0.00003490,32.00000000,1
1531164396306,1531164396300,1373014,0.00003489,2504.00000000,0
1531164433359,1531164433352,1373015,0.00003489,369.00000000,1
1531164572011,1531164572008,1373016,0.00003491,430.00000000,1
1531164594462,1531164594459,1373017,0.00003492,54.00000000,0
1531164608056,1531164608049,1373018,0.00003492,38.00000000,0
1531164611646,1531164611640,1373019,0.00003492,1695.00000000,1
1531164627001,1531164626995,1373020,0.00003494,651.00000000,0
1531164627836,1531164627830,1373021,0.00003494,348.00000000,0
1531164638951,1531164638947,1373022,0.00003501,407.00000000,1
1531164638955,1531164638950,1373023,0.00003501,208.00000000,1
1531164638967,1531164638966,1373024,0.00003501,407.00000000,1
1531164640924,1531164640919,1373025,0.00003501,801.00000000,1
1531164681752,1531164681748,1373026,0.00003505,82.00000000,1
1531164717874,1531164717871,1373027,0.00003506,134.00000000,0
1531164732406,1531164732400,1373028,0.00003508,470.00000000,0
1531164754283,1531164754280,1373029,0.00003516,74.00000000,1
1531164762598,1531164762590,1373030,0.00003518,133.00000000,0
1531164762598,1531164762590,1373031,0.00003519,9.00000000,0
1531164762598,1531164762590,1373032,0.00003521,929.00000000,0
1531164773303,1531164773297,1373033,0.00003521,690.00000000,0
1531164774210,1531164774204,1373034,0.00003521,1617.00000000,0
1531164774282,1531164774275,1373035,0.00003521,196.00000000,1
1531164774706,1531164774699,1373036,0.00003521,2435.00000000,1
1531164777838,1531164777831,1373037,0.00003507,190.00000000,1
1531164777838,1531164777831,1373038,0.00003506,237.00000000,1
1531164777838,1531164777831,1373039,0.00003501,443.00000000,1
1531164804096,1531164804090,1373040,0.00003512,190.00000000,0
1531164804096,1531164804090,1373041,0.00003513,5622.00000000,0
1531164804096,1531164804090,1373042,0.00003516,236.00000000,0
1531164804096,1531164804090,1373043,0.00003520,3000.00000000,0
1531164804124,1531164804121,1373044,0.00003520,183.00000000,1
1531164819652,1531164819646,1373045,0.00003508,190.00000000,1
1531164916369,1531164916365,1373046,0.00003508,24.00000000,0
1531164925197,1531164925191,1373047,0.00003521,190.00000000,0
1531164925197,1531164925191,1373048,0.00003522,3000.00000000,0
1531164925596,1531164925591,1373049,0.00003522,986.00000000,1
1531164925823,1531164925820,1373050,0.00003522,1421.00000000,1
1531164926608,1531164926606,1373051,0.00003510,58.00000000,1
1531164967298,1531164967293,1373052,0.00003512,586.00000000,1
1531164967298,1531164967293,1373053,0.00003510,64.00000000,1
1531164971318,1531164971312,1373054,0.00003511,184.00000000,1
1531164971318,1531164971312,1373055,0.00003510,115.00000000,1
1531164971318,1531164971312,1373056,0.00003508,1.00000000,1
1531165014529,1531165014523,1373057,0.00003522,184.00000000,0
1531165014529,1531165014523,1373058,0.00003523,99.00000000,0
1531165048578,1531165048572,1373059,0.00003523,364.00000000,0
1531165067711,1531165067706,1373060,0.00003523,435.00000000,0
1531165067774,1531165067767,1373061,0.00003524,72.00000000,0
1531165082724,1531165082718,1373062,0.00003524,50.00000000,1
1531165142488,1531165142481,1373063,0.00003529,122.00000000,0
1531165142488,1531165142481,1373064,0.00003533,455.00000000,0
1531165142571,1531165142571,1373065,0.00003533,67.00000000,1
1531165142891,1531165142886,1373066,0.00003534,22.00000000,0
1531165150781,1531165150775,1373067,0.00003533,2.00000000,1
1531165155031,1531165155024,1373068,0.00003526,236.00000000,1
1531165157729,1531165157723,1373069,0.00003525,49.00000000,1
1531165166763,1531165166757,1373070,0.00003525,619.00000000,1
1531165167482,1531165167476,1373071,0.00003525,855.00000000,1
1531165170485,1531165170479,1373072,0.00003525,121.00000000,1
1531165214655,1531165214650,1373073,0.00003527,1817.00000000,0
1531165220251,1531165220247,1373074,0.00003527,1210.00000000,0
1531165228899,1531165228893,1373075,0.00003527,808.00000000,0
1531165233396,1531165233390,1373076,0.00003527,1136.00000000,0
1531165237985,1531165237983,1373077,0.00003527,142.00000000,0
1531165245446,1531165245440,1373078,0.00003526,62.00000000,1
1531165267046,1531165267040,1373079,0.00003527,144.00000000,0
1531165333249,1531165333243,1373080,0.00003526,779.00000000,1
1531165385285,1531165385279,1373081,0.00003526,85.00000000,0
1531165394968,1531165394962,1373082,0.00003526,15.00000000,1
1531165421243,1531165421239,1373083,0.00003525,122.00000000,1
1531165423429,1531165423424,1373084,0.00003525,122.00000000,1
1531165424353,1531165424351,1373085,0.00003525,122.00000000,1
1531165424694,1531165424688,1373086,0.00003525,122.00000000,1
1531165425025,1531165425018,1373087,0.00003525,122.00000000,1
1531165425141,1531165425136,1373088,0.00003525,122.00000000,1
1531165427093,1531165427091,1373089,0.00003525,135.00000000,1
1531165451927,1531165451922,1373090,0.00003525,751.00000000,1
1531165465751,1531165465745,1373091,0.00003534,67.00000000,0
1531165471720,1531165471715,1373092,0.00003526,364.00000000,0
1531165476174,1531165476168,1373093,0.00003534,1075.00000000,0
1531165488468,1531165488464,1373094,0.00003535,106.00000000,1
1531165488519,1531165488514,1373095,0.00003535,91.00000000,1
1531165600093,1531165600086,1373096,0.00003538,170.00000000,1
1531165604397,1531165604393,1373097,0.00003538,57.00000000,1
1531165606992,1531165606985,1373098,0.00003542,100.00000000,0
1531165606992,1531165606985,1373099,0.00003543,144.00000000,0
1531165606992,1531165606985,1373100,0.00003545,1077.00000000,0
1531165606992,1531165606985,1373101,0.00003546,455.00000000,0
1531165615851,1531165615844,1373102,0.00003546,266.00000000,1
1531165636209,1531165636204,1373103,0.00003547,42.00000000,0
1531165636209,1531165636204,1373104,0.00003549,119.00000000,0
1531165636259,1531165636255,1373105,0.00003550,76.00000000,1
1531165648117,1531165648111,1373106,0.00003556,356.00000000,0
1531165660074,1531165660069,1373107,0.00003561,426.00000000,0
1531165675721,1531165675713,1373108,0.00003567,606.00000000,0
1531165675721,1531165675713,1373109,0.00003568,319.00000000,0
1531165675721,1531165675713,1373110,0.00003569,680.00000000,0
1531165686286,1531165686281,1373111,0.00003569,2296.00000000,1
1531165742957,1531165742950,1373112,0.00003569,285.00000000,1
1531165748169,1531165748163,1373113,0.00003553,187.00000000,1
1531165748169,1531165748163,1373114,0.00003550,678.00000000,1
1531165750208,1531165750202,1373115,0.00003550,244.00000000,1
1531165750404,1531165750398,1373116,0.00003550,97.00000000,1
1531165751211,1531165751206,1373117,0.00003550,31.00000000,1
1531165753103,1531165753098,1373118,0.00003550,143.00000000,1
1531165754402,1531165754396,1373119,0.00003550,867.00000000,1
1531165755253,1531165755247,1373120,0.00003550,57.00000000,1
1531165755591,1531165755587,1373121,0.00003550,883.00000000,1
1531165756889,1531165756882,1373122,0.00003545,564.00000000,1
1531165756889,1531165756882,1373123,0.00003539,417.00000000,1
1531165758571,1531165758567,1373124,0.00003539,1491.00000000,1
1531165763127,1531165763120,1373125,0.00003539,115.00000000,1
1531165763127,1531165763120,1373126,0.00003538,172.00000000,1
1531165763322,1531165763319,1373127,0.00003538,287.00000000,1
1531165764094,1531165764089,1373128,0.00003538,130.00000000,1
1531165764094,1531165764089,1373129,0.00003537,157.00000000,1
1531165766223,1531165766217,1373130,0.00003536,248.00000000,1
1531165783502,1531165783497,1373131,0.00003536,104.00000000,1
1531165788203,1531165788197,1373132,0.00003536,58.00000000,1
1531165802362,1531165802355,1373133,0.00003536,4067.00000000,1
1531165802362,1531165802355,1373134,0.00003535,511.00000000,1
1531165802362,1531165802355,1373135,0.00003527,15472.00000000,1
1531165802362,1531165802355,1373136,0.00003525,1646.00000000,1
1531165825311,1531165825305,1373137,0.00003530,1113.00000000,1
1531165825311,1531165825305,1373138,0.00003527,3000.00000000,1
1531165825311,1531165825305,1373139,0.00003525,5390.00000000,1
1531165826657,1531165826652,1373140,0.00003537,57.00000000,0
1531165836635,1531165836629,1373141,0.00003543,32.00000000,0
1531165852583,1531165852577,1373142,0.00003543,24.00000000,0
1531165852583,1531165852577,1373143,0.00003546,33.00000000,0
1531165852583,1531165852577,1373144,0.00003553,591.00000000,0
1531165872783,1531165872777,1373145,0.00003553,29.00000000,0
1531165884933,1531165884928,1373146,0.00003538,31.00000000,1
1531165892784,1531165892779,1373147,0.00003553,29.00000000,0
1531165998004,1531165997997,1373148,0.00003539,268.00000000,1
1531165998004,1531165997997,1373149,0.00003537,97.00000000,1
1531166031584,1531166031577,1373150,0.00003538,177.00000000,1
1531166031584,1531166031577,1373151,0.00003537,415.00000000,1
1531166051935,1531166051928,1373152,0.00003537,69.00000000,1
1531166055165,1531166055160,1373153,0.00003544,29.00000000,0
1531166119065,1531166119058,1373154,0.00003544,128.00000000,0
1531166119065,1531166119058,1373155,0.00003550,154.00000000,0
1531166146667,1531166146661,1373156,0.00003543,269.00000000,0
1531166152892,1531166152885,1373157,0.00003537,143.00000000,1
1531166210611,1531166210604,1373158,0.00003538,101.00000000,1
1531166257539,1531166257534,1373159,0.00003539,864.00000000,0
1531166257556,1531166257553,1373160,0.00003539,1.00000000,0
1531166257556,1531166257553,1373161,0.00003544,207.00000000,0
1531166257563,1531166257557,1373162,0.00003544,1768.00000000,0
1531166270642,1531166270636,1373163,0.00003539,270.00000000,1
1531166313817,1531166313812,1373164,0.00003539,578.00000000,1
1531166326603,1531166326597,1373165,0.00003538,5580.00000000,1
1531166332641,1531166332634,1373166,0.00003538,2186.00000000,1
1531166388308,1531166388302,1373167,0.00003538,33.00000000,0
1531166428430,1531166428428,1373168,0.00003538,924.00000000,0
1531166464370,1531166464365,1373169,0.00003537,9.00000000,1
1531166467094,1531166467088,1373170,0.00003544,82.00000000,0
1531166467094,1531166467088,1373171,0.00003549,229.00000000,0
1531166472969,1531166472961,1373172,0.00003539,485.00000000,1
1531166472969,1531166472961,1373173,0.00003537,76.00000000,1
1531166472969,1531166472961,1373174,0.00003533,235.00000000,1
1531166472980,1531166472975,1373175,0.00003530,114.00000000,1
1531166472980,1531166472975,1373176,0.00003528,371.00000000,1
1531166472986,1531166472979,1373177,0.00003528,560.00000000,1
1531166550445,1531166550443,1373178,0.00003530,515.00000000,1
1531166551387,1531166551381,1373179,0.00003530,87.00000000,1
1531166585280,1531166585273,1373180,0.00003541,235.00000000,0
1531166585280,1531166585273,1373181,0.00003547,74.00000000,0
1531166587565,1531166587559,1373182,0.00003547,125.00000000,0
1531166587565,1531166587559,1373183,0.00003549,182.00000000,0
1531166622812,1531166622806,1373184,0.00003537,45.00000000,1
1531166629274,1531166629267,1373185,0.00003537,190.00000000,1
1531166629274,1531166629267,1373186,0.00003530,286.00000000,1
1531166629274,1531166629267,1373187,0.00003529,905.00000000,1
1531166629274,1531166629267,1373188,0.00003528,1616.00000000,1
1531166637897,1531166637891,1373189,0.00003550,19.00000000,0
1531166671081,1531166671076,1373190,0.00003550,215.00000000,0
1531166671081,1531166671076,1373191,0.00003557,66.00000000,0
1531166710739,1531166710734,1373192,0.00003557,445.00000000,0
1531166722574,1531166722568,1373193,0.00003557,29.00000000,0
1531166722785,1531166722778,1373194,0.00003557,18.00000000,0
1531166722829,1531166722821,1373195,0.00003558,11.00000000,1
1531166728947,1531166728945,1373196,0.00003550,47.00000000,1
1531166735169,1531166735163,1373197,0.00003557,140.00000000,1
1531166780356,1531166780351,1373198,0.00003550,564.00000000,1
1531166883394,1531166883387,1373199,0.00003550,362.00000000,1
1531166883394,1531166883387,1373200,0.00003548,234.00000000,1
1531166883394,1531166883387,1373201,0.00003543,62.00000000,1
1531166945310,1531166945305,1373202,0.00003543,82.00000000,1
1531166945310,1531166945305,1373203,0.00003542,234.00000000,1
1531166998554,1531166998548,1373204,0.00003536,3000.00000000,1
1531166998592,1531166998586,1373205,0.00003536,928.00000000,0
1531167044906,1531167044902,1373206,0.00003548,234.00000000,0
1531167146492,1531167146490,1373207,0.00003557,57.00000000,0
1531167183622,1531167183615,1373208,0.00003557,97.00000000,0
1531167202103,1531167202098,1373209,0.00003548,1000.00000000,1
1531167257100,1531167257097,1373210,0.00003548,530.00000000,1
1531167257100,1531167257097,1373211,0.00003547,117.00000000,1
1531167284813,1531167284807,1373212,0.00003553,468.00000000,0
1531167287642,1531167287636,1373213,0.00003552,155.00000000,0
1531167319760,1531167319753,1373214,0.00003541,176.00000000,1
1531167319760,1531167319753,1373215,0.00003540,57.00000000,1
1531167319760,1531167319753,1373216,0.00003539,235.00000000,1
1531167319760,1531167319753,1373217,0.00003535,85.00000000,1
1531167319760,1531167319753,1373218,0.00003528,857.00000000,1
1531167319760,1531167319753,1373219,0.00003526,5871.00000000,1
1531167320177,1531167320170,1373220,0.00003530,1470.00000000,0
1531167383623,1531167383620,1373221,0.00003531,688.00000000,0
1531167385172,1531167385167,1373222,0.00003531,344.00000000,0
1531167385936,1531167385931,1373223,0.00003530,175.00000000,0
1531167387357,1531167387353,1373224,0.00003527,1.00000000,1
1531167394758,1531167394753,1373225,0.00003526,78.00000000,1
1531167421996,1531167421989,1373226,0.00003527,1113.00000000,1
1531167421996,1531167421989,1373227,0.00003526,627.00000000,1
1531167551983,1531167551978,1373228,0.00003526,161.00000000,1
1531167565861,1531167565855,1373229,0.00003533,39.00000000,0
1531167577711,1531167577705,1373230,0.00003526,70.00000000,1
1531167739751,1531167739751,1373231,0.00003533,383.00000000,0
1531167739752,1531167739751,1373232,0.00003533,278.00000000,0
1531167820343,1531167820340,1373233,0.00003541,234.00000000,0
1531167854413,1531167854406,1373234,0.00003541,1.00000000,0
1531167874030,1531167874025,1373235,0.00003542,28.00000000,1
1531167940506,1531167940500,1373236,0.00003530,49.00000000,1
1531167940596,1531167940591,1373237,0.00003530,14.00000000,1
1531167995783,1531167995782,1373238,0.00003530,799.00000000,1
1531167997718,1531167997712,1373239,0.00003530,484.00000000,1
1531168051601,1531168051583,1373240,0.00003538,1113.00000000,0
1531168159612,1531168159606,1373241,0.00003527,226.00000000,1
1531168159612,1531168159606,1373242,0.00003526,722.00000000,1
1531168361545,1531168361537,1373243,0.00003526,982.00000000,1
1531168361545,1531168361537,1373244,0.00003522,57.00000000,1
1531168361545,1531168361537,1373245,0.00003520,116.00000000,1
1531168361545,1531168361537,1373246,0.00003513,2451.00000000,1
1531168361545,1531168361537,1373247,0.00003510,299.00000000,1
1531168361545,1531168361537,1373248,0.00003505,86.00000000,1
1531168361545,1531168361537,1373249,0.00003504,58.00000000,1
1531168361545,1531168361537,1373250,0.00003503,951.00000000,1
1531168361841,1531168361836,1373251,0.00003503,21.00000000,1
1531168480720,1531168480714,1373252,0.00003510,165.00000000,1
1531168485556,1531168485550,1373253,0.00003509,227.00000000,1
1531168485587,1531168485584,1373254,0.00003503,800.00000000,0
1531168485588,1531168485584,1373255,0.00003503,267.00000000,0
1531168497114,1531168497110,1373256,0.00003517,895.00000000,0
1531168562096,1531168562093,1373257,0.00003517,77.00000000,0
1531168562096,1531168562093,1373258,0.00003518,227.00000000,0
1531168562096,1531168562093,1373259,0.00003519,2530.00000000,0
1531168649738,1531168649735,1373260,0.00003516,654.00000000,0
1531168654880,1531168654874,1373261,0.00003516,1.00000000,0
1531168718311,1531168718306,1373262,0.00003512,50.00000000,0
1531168824456,1531168824450,1373263,0.00003500,104.00000000,1
1531168824456,1531168824450,1373264,0.00003500,465.00000000,1
1531168886434,1531168886432,1373265,0.00003500,417.00000000,1
1531168893471,1531168893466,1373266,0.00003500,269.00000000,1
1531168936877,1531168936871,1373267,0.00003500,503.00000000,1
1531168936878,1531168936871,1373268,0.00003498,86.00000000,1
1531168936878,1531168936871,1373269,0.00003497,29.00000000,1
1531168936878,1531168936871,1373270,0.00003494,228.00000000,1
1531168936878,1531168936871,1373271,0.00003490,74.00000000,1
1531168964312,1531168964308,1373272,0.00003490,12.00000000,1
1531168964312,1531168964308,1373273,0.00003489,20.00000000,1
1531168981171,1531168981166,1373274,0.00003489,145.00000000,1
1531169009005,1531169009000,1373275,0.00003488,34.00000000,0
1531169013298,1531169013291,1373276,0.00003486,58.00000000,1
1531169014189,1531169014187,1373277,0.00003486,37.00000000,0
1531169015301,1531169015299,1373278,0.00003485,20.00000000,1
1531169023839,1531169023835,1373279,0.00003485,12.00000000,1
1531169024184,1531169024178,1373280,0.00003485,525.00000000,0
1531169030863,1531169030857,1373281,0.00003482,227.00000000,1
1531169057574,1531169057567,1373282,0.00003485,250.00000000,0
1531169068248,1531169068245,1373283,0.00003485,923.00000000,0
1531169073332,1531169073326,1373284,0.00003485,268.00000000,1
1531169113994,1531169113988,1373285,0.00003486,29.00000000,0
1531169122994,1531169122988,1373286,0.00003485,1764.00000000,1
1531169156373,1531169156367,1373287,0.00003485,35.00000000,0
1531169198835,1531169198830,1373288,0.00003482,491.00000000,1
1531169198835,1531169198830,1373289,0.00003470,2308.00000000,1
1531169198860,1531169198858,1373290,0.00003470,68.00000000,0
1531169198865,1531169198859,1373291,0.00003470,68.00000000,0
1531169198869,1531169198865,1373292,0.00003470,584.00000000,0
1531169198900,1531169198895,1373293,0.00003470,141.00000000,0
1531169198900,1531169198895,1373294,0.00003470,141.00000000,0
1531169198901,1531169198897,1373295,0.00003470,141.00000000,0
1531169198902,1531169198897,1373296,0.00003470,141.00000000,0
1531169198904,1531169198899,1373297,0.00003470,137.00000000,0
1531169198909,1531169198904,1373298,0.00003470,141.00000000,0
1531169198914,1531169198912,1373299,0.00003470,141.00000000,0
1531169198917,1531169198912,1373300,0.00003470,141.00000000,0
1531169198917,1531169198912,1373301,0.00003470,141.00000000,0
1531169198919,1531169198912,1373302,0.00003470,141.00000000,0
1531169198925,1531169198920,1373303,0.00003470,141.00000000,0
1531169198966,1531169198961,1373304,0.00003470,2356.00000000,0
1531169239790,1531169239785,1373305,0.00003483,250.00000000,0
1531169487545,1531169487539,1373306,0.00003470,56.00000000,1
1531169487545,1531169487539,1373307,0.00003469,58.00000000,1
1531169487545,1531169487539,1373308,0.00003465,45.00000000,1
1531169524957,1531169524951,1373309,0.00003470,19.00000000,1
1531169557767,1531169557761,1373310,0.00003471,119.00000000,1
1531169569656,1531169569650,1373311,0.00003471,208.00000000,0
1531169569662,1531169569660,1373312,0.00003471,70.00000000,0
1531169569684,1531169569681,1373313,0.00003471,412.00000000,0
1531169598926,1531169598922,1373314,0.00003480,87.00000000,0
1531169601926,1531169601921,1373315,0.00003480,273.00000000,0
1531169767045,1531169767040,1373316,0.00003469,174.00000000,1
1531169767058,1531169767052,1373317,0.00003469,49.00000000,0
1531169768800,1531169768792,1373318,0.00003479,174.00000000,0
1531169820080,1531169820075,1373319,0.00003479,70.00000000,1
1531169917060,1531169917054,1373320,0.00003479,145.00000000,1
1531169917079,1531169917074,1373321,0.00003470,1036.00000000,0
1531169917171,1531169917169,1373322,0.00003470,2119.00000000,0
1531169917180,1531169917174,1373323,0.00003470,918.00000000,0
1531169919878,1531169919874,1373324,0.00003469,247.00000000,0
1531169944591,1531169944585,1373325,0.00003465,174.00000000,1
1531169970012,1531169970007,1373326,0.00003468,836.00000000,0
1531169978761,1531169978756,1373327,0.00003468,539.00000000,0
1531170017356,1531170017350,1373328,0.00003468,43.00000000,0
1531170034220,1531170034216,1373329,0.00003465,942.00000000,1
1531170034220,1531170034216,1373330,0.00003463,1102.00000000,1
1531170041185,1531170041182,1373331,0.00003463,4740.00000000,0
1531170046661,1531170046655,1373332,0.00003468,163.00000000,0
1531170046743,1531170046737,1373333,0.00003469,100.00000000,0
1531170066452,1531170066446,1373334,0.00003475,204.00000000,0
1531170069573,1531170069567,1373335,0.00003475,26.00000000,0
1531170108009,1531170108003,1373336,0.00003495,86.00000000,0
1531170108758,1531170108756,1373337,0.00003482,34.00000000,1
1531170236957,1531170236952,1373338,0.00003483,43.00000000,1
1531170290571,1531170290565,1373339,0.00003493,173.00000000,1
1531170326874,1531170326869,1373340,0.00003495,29.00000000,1
1531170382973,1531170382970,1373341,0.00003491,40.00000000,0
1531170587803,1531170587796,1373342,0.00003483,6.00000000,1
1531170649760,1531170649754,1373343,0.00003483,239.00000000,1
1531170953080,1531170953077,1373344,0.00003465,2408.00000000,1
1531170975736,1531170975730,1373345,0.00003461,212.00000000,1
1531170975832,1531170975828,1373346,0.00003461,72.00000000,0
1531170976078,1531170976073,1373347,0.00003461,54.00000000,0
1531170977264,1531170977261,1373348,0.00003467,29.00000000,0
1531170983682,1531170983677,1373349,0.00003467,30.00000000,0
1531171007110,1531171007103,1373350,0.00003460,4441.00000000,1
1531171007110,1531171007103,1373351,0.00003459,184.00000000,1
1531171007110,1531171007103,1373352,0.00003458,231.00000000,1
1531171007110,1531171007103,1373353,0.00003456,128.00000000,1
1531171007110,1531171007103,1373354,0.00003455,29.00000000,1
1531171007110,1531171007103,1373355,0.00003451,204.00000000,1
1531171007110,1531171007103,1373356,0.00003450,265.00000000,1
1531171064207,1531171064202,1373357,0.00003458,147.00000000,1
1531171103202,1531171103196,1373358,0.00003465,34.00000000,0
1531171155682,1531171155679,1373359,0.00003459,1148.00000000,1
1531171155682,1531171155679,1373360,0.00003458,38.00000000,1
1531171155701,1531171155697,1373361,0.00003458,1704.00000000,0
1531171179204,1531171179198,1373362,0.00003455,130.00000000,0
1531171189577,1531171189572,1373363,0.00003454,34.00000000,0
1531171209561,1531171209555,1373364,0.00003455,17.00000000,0
1531171315715,1531171315710,1373365,0.00003458,40.00000000,0
1531171383699,1531171383695,1373366,0.00003472,31.00000000,0
1531171395096,1531171395093,1373367,0.00003472,199.00000000,0
1531171395122,1531171395117,1373368,0.00003472,52.00000000,1
1531171409419,1531171409414,1373369,0.00003472,84.00000000,1
1531171453065,1531171453060,1373370,0.00003472,300.00000000,0
1531171611484,1531171611480,1373371,0.00003472,1938.00000000,0
1531171821565,1531171821563,1373372,0.00003475,191.00000000,1
1531171901666,1531171901663,1373373,0.00003476,288.00000000,0
1531171909680,1531171909676,1373374,0.00003476,113.00000000,1
1531171946899,1531171946896,1373375,0.00003478,30.00000000,0
1531171995964,1531171995960,1373376,0.00003494,29.00000000,0
1531172018978,1531172018974,1373377,0.00003481,1346.00000000,1
1531172060593,1531172060587,1373378,0.00003491,181.00000000,0
1531172060593,1531172060587,1373379,0.00003494,199.00000000,0
1531172060593,1531172060587,1373380,0.00003496,304.00000000,0
1531172060593,1531172060587,1373381,0.00003501,82.00000000,0
1531172060593,1531172060587,1373382,0.00003502,41.00000000,0
1531172060593,1531172060587,1373383,0.00003505,29.00000000,0
1531172060593,1531172060587,1373384,0.00003507,8790.00000000,0
1531172065640,1531172065636,1373385,0.00003505,921.00000000,0
1531172099754,1531172099750,1373386,0.00003503,97.00000000,0
1531172204628,1531172204624,1373387,0.00003503,45.00000000,0
1531172288259,1531172288255,1373388,0.00003503,39.00000000,0
1531172404083,1531172404078,1373389,0.00003503,47.00000000,0
1531172404083,1531172404078,1373390,0.00003508,1479.00000000,0
1531172404083,1531172404078,1373391,0.00003509,384.00000000,0
1531172404083,1531172404078,1373392,0.00003512,3000.00000000,0
1531172404083,1531172404078,1373393,0.00003516,90.00000000,0
1531172418522,1531172418517,1373394,0.00003513,41.00000000,0
1531172427244,1531172427241,1373395,0.00003513,41.00000000,0
1531172523781,1531172523777,1373396,0.00003513,18.00000000,0
1531172524201,1531172524198,1373397,0.00003513,425.00000000,1
1531172540215,1531172540211,1373398,0.00003516,290.00000000,0
1531172610001,1531172609996,1373399,0.00003516,250.00000000,1
1531172610288,1531172610284,1373400,0.00003516,250.00000000,1
1531172621147,1531172621142,1373401,0.00003516,42.00000000,1
1531172668880,1531172668876,1373402,0.00003516,63.00000000,1
1531172678656,1531172678653,1373403,0.00003517,403.00000000,0
1531172818033,1531172818029,1373404,0.00003518,58.00000000,0
1531172834337,1531172834333,1373405,0.00003523,887.00000000,0
1531172848801,1531172848799,1373406,0.00003523,30.00000000,1
1531172872282,1531172872280,1373407,0.00003524,288.00000000,0
1531172881203,1531172881198,1373408,0.00003530,82.00000000,0
1531172881203,1531172881198,1373409,0.00003533,120.00000000,0
1531172881203,1531172881198,1373410,0.00003534,3000.00000000,0
1531172881229,1531172881225,1373411,0.00003534,312.00000000,1
1531172881634,1531172881631,1373412,0.00003537,21.00000000,0
1531172902454,1531172902449,1373413,0.00003537,29.00000000,0
1531172903291,1531172903287,1373414,0.00003537,58.00000000,0
1531172915763,1531172915760,1373415,0.00003537,229.00000000,0
1531172915763,1531172915760,1373416,0.00003538,53.00000000,0
1531172923168,1531172923164,1373417,0.00003538,29.00000000,0
1531173021506,1531173021503,1373418,0.00003531,55.00000000,1
1531173093160,1531173093158,1373419,0.00003530,85.00000000,1
1531173093160,1531173093158,1373420,0.00003528,5.00000000,1
1531173093168,1531173093165,1373421,0.00003537,55.00000000,0
1531173093168,1531173093165,1373422,0.00003538,26.00000000,0
1531173099491,1531173099488,1373423,0.00003538,1592.00000000,0
1531173102996,1531173102993,1373424,0.00003538,64.00000000,1
1531173124054,1531173124050,1373425,0.00003531,214.00000000,1
1531173164390,1531173164386,1373426,0.00003531,134.00000000,1
1531173174154,1531173174150,1373427,0.00003526,1132.00000000,1
1531173175350,1531173175347,1373428,0.00003526,380.00000000,0
1531173191932,1531173191929,1373429,0.00003524,193.00000000,1
1531173253297,1531173253295,1373430,0.00003523,115.00000000,1
1531173310022,1531173310018,1373431,0.00003516,58.00000000,1
1531173310022,1531173310018,1373432,0.00003515,86.00000000,1
1531173310022,1531173310018,1373433,0.00003512,227.00000000,1
1531173310022,1531173310018,1373434,0.00003510,1513.00000000,1
1531173310038,1531173310034,1373435,0.00003510,302.00000000,0
1531173310041,1531173310038,1373436,0.00003510,303.00000000,0
1531173310067,1531173310064,1373437,0.00003510,302.00000000,0
1531173310176,1531173310173,1373438,0.00003510,203.00000000,0
1531173339035,1531173339031,1373439,0.00003512,122.00000000,1
1531173489439,1531173489435,1373440,0.00003508,71.00000000,1
1531173511584,1531173511581,1373441,0.00003508,15.00000000,1
1531173511648,1531173511647,1373442,0.00003507,167.00000000,0
1531173511648,1531173511647,1373443,0.00003507,2563.00000000,0
1531173511661,1531173511658,1373444,0.00003507,232.00000000,0
1531173511669,1531173511666,1373445,0.00003507,1280.00000000,0
1531173515789,1531173515787,1373446,0.00003507,1280.00000000,1
1531173515989,1531173515984,1373447,0.00003507,227.00000000,1
1531173515989,1531173515984,1373448,0.00003506,84.00000000,1
1531173515989,1531173515984,1373449,0.00003501,446.00000000,1
1531173544374,1531173544371,1373450,0.00003501,228.00000000,1
1531173547450,1531173547446,1373451,0.00003500,302.00000000,1
1531173548033,1531173548029,1373452,0.00003500,232.00000000,1
1531173573435,1531173573433,1373453,0.00003494,86.00000000,1
1531173573710,1531173573708,1373454,0.00003494,25.00000000,1
1531173598931,1531173598929,1373455,0.00003494,1165.00000000,1
1531173628594,1531173628592,1373456,0.00003494,59.00000000,1
1531173674622,1531173674620,1373457,0.00003496,3000.00000000,1
1531173721487,1531173721483,1373458,0.00003510,1000.00000000,0
1531173722494,1531173722492,1373459,0.00003510,580.00000000,0
1531173722959,1531173722957,1373460,0.00003513,9.00000000,1
1531173723031,1531173723028,1373461,0.00003513,9.00000000,1
1531173736048,1531173736045,1373462,0.00003513,56.00000000,1
1531174302912,1531174302908,1373463,0.00003511,227.00000000,1
1531174315250,1531174315247,1373464,0.00003495,3210.00000000,1
1531174470629,1531174470627,1373465,0.00003517,227.00000000,0
1531174470629,1531174470627,1373466,0.00003523,132.00000000,0
1531174519453,1531174519450,1373467,0.00003496,571.00000000,1
1531174532952,1531174532950,1373468,0.00003520,122.00000000,0
1531174532952,1531174532950,1373469,0.00003521,571.00000000,0
1531174532952,1531174532950,1373470,0.00003523,1425.00000000,0
1531174533674,1531174533672,1373471,0.00003523,69.00000000,1
1531174539848,1531174539845,1373472,0.00003523,261.00000000,1
1531174544561,1531174544559,1373473,0.00003523,864.00000000,1
1531174594137,1531174594135,1373474,0.00003523,349.00000000,1
1531174600905,1531174600901,1373475,0.00003524,458.00000000,0
1531174600905,1531174600901,1373476,0.00003529,88.00000000,0
1531174600905,1531174600901,1373477,0.00003531,226.00000000,0
1531174600905,1531174600901,1373478,0.00003535,41.00000000,0
1531174600905,1531174600901,1373479,0.00003539,163.00000000,0
1531174600905,1531174600901,1373480,0.00003550,3115.00000000,0
1531174600905,1531174600901,1373481,0.00003555,1328.00000000,0
1531174600905,1531174600901,1373482,0.00003556,41.00000000,0
1531174600905,1531174600901,1373483,0.00003560,355.00000000,0
1531174600905,1531174600901,1373484,0.00003566,317.00000000,0
1531174601323,1531174601320,1373485,0.00003564,21.00000000,0
1531174611694,1531174611691,1373486,0.00003564,224.00000000,0
1531174611753,1531174611750,1373487,0.00003564,57.00000000,1
1531174611753,1531174611750,1373488,0.00003534,191.00000000,1
1531174620345,1531174620342,1373489,0.00003565,29.00000000,0
1531174712194,1531174712190,1373490,0.00003557,28.00000000,0
1531174729607,1531174729605,1373491,0.00003557,134.00000000,0
1531174729778,1531174729776,1373492,0.00003557,256.00000000,1
1531174730656,1531174730653,1373493,0.00003557,256.00000000,1
1531174731109,1531174731107,1373494,0.00003557,122.00000000,1
1531174752676,1531174752665,1373495,0.00003565,28.00000000,0
1531174789930,1531174789929,1373496,0.00003559,208.00000000,1
1531174789945,1531174789944,1373497,0.00003559,100.00000000,1
1531174808363,1531174808361,1373498,0.00003559,52.00000000,1
1531174816860,1531174816857,1373499,0.00003559,523.00000000,1
1531174822417,1531174822414,1373500,0.00003566,29.00000000,0
1531174863067,1531174863065,1373501,0.00003566,29.00000000,0
1531174915864,1531174915862,1373502,0.00003562,99.00000000,0
1531174927099,1531174927098,1373503,0.00003559,410.00000000,1
1531174961727,1531174961726,1373504,0.00003561,490.00000000,0
1531175087893,1531175087890,1373505,0.00003559,459.00000000,1
1531175087893,1531175087890,1373506,0.00003557,2123.00000000,1
1531175087893,1531175087890,1373507,0.00003554,2663.00000000,1
1531175136059,1531175136056,1373508,0.00003561,222.00000000,0
1531175137216,1531175137214,1373509,0.00003561,225.00000000,0
1531175177768,1531175177766,1373510,0.00003551,29.00000000,1
1531175177768,1531175177766,1373511,0.00003542,41.00000000,1
1531175177768,1531175177766,1373512,0.00003540,29.00000000,1
1531175177768,1531175177766,1373513,0.00003537,205.00000000,1
1531175195296,1531175195294,1373514,0.00003554,224.00000000,0
1531175195296,1531175195294,1373515,0.00003561,218.00000000,0
1531175196223,1531175196221,1373516,0.00003561,1296.00000000,1
1531175558618,1531175558615,1373517,0.00003557,224.00000000,0
1531175558618,1531175558615,1373518,0.00003564,58.00000000,0
1531175558618,1531175558615,1373519,0.00003565,754.00000000,0
1531175558618,1531175558615,1373520,0.00003566,293.00000000,0
1531175609826,1531175609823,1373521,0.00003565,29.00000000,0
1531175611790,1531175611790,1373522,0.00003565,29.00000000,0
1531175618230,1531175618228,1373523,0.00003550,186.00000000,1
1531175618411,1531175618409,1373524,0.00003550,1.00000000,1
1531175618411,1531175618409,1373525,0.00003549,29.00000000,1
1531175618411,1531175618409,1373526,0.00003547,225.00000000,1
1531175618411,1531175618409,1373527,0.00003538,545.00000000,1
1531175618426,1531175618424,1373528,0.00003538,125.00000000,1
1531175618625,1531175618623,1373529,0.00003538,84.00000000,1
1531175621309,1531175621306,1373530,0.00003541,141.00000000,1
1531175623219,1531175623217,1373531,0.00003541,84.00000000,1
1531175623760,1531175623758,1373532,0.00003541,1.00000000,0
1531175625715,1531175625714,1373533,0.00003534,29.00000000,1
1531175625715,1531175625714,1373534,0.00003533,198.00000000,1
1531175626736,1531175626734,1373535,0.00003533,29.00000000,1
1531175626736,1531175626734,1373536,0.00003530,29.00000000,1
1531175626736,1531175626734,1373537,0.00003528,30.00000000,1
1531175626753,1531175626752,1373538,0.00003528,53.00000000,0
1531175627048,1531175627045,1373539,0.00003524,307.00000000,1
1531175627593,1531175627592,1373540,0.00003526,540.00000000,1
1531175629438,1531175629436,1373541,0.00003532,122.00000000,1
1531175630102,1531175630100,1373542,0.00003532,56.00000000,1
1531175630155,1531175630154,1373543,0.00003532,48.00000000,1
1531175630258,1531175630256,1373544,0.00003531,93.00000000,0
1531175630646,1531175630643,1373545,0.00003527,620.00000000,1
1531175631233,1531175631230,1373546,0.00003527,56.00000000,1
1531175633547,1531175633544,1373547,0.00003528,48.00000000,1
1531175633547,1531175633544,1373548,0.00003527,93.00000000,1
1531175636627,1531175636626,1373549,0.00003529,46.00000000,1
1531175636627,1531175636626,1373550,0.00003527,34.00000000,1
1531175636654,1531175636652,1373551,0.00003525,61.00000000,0
1531175638022,1531175638019,1373552,0.00003530,806.00000000,0
1531175639708,1531175639706,1373553,0.00003527,589.00000000,1
1531175651046,1531175651043,1373554,0.00003542,48.00000000,0
1531175651046,1531175651043,1373555,0.00003543,160.00000000,0
1531175651076,1531175651074,1373556,0.00003543,282.00000000,0
1531175651109,1531175651107,1373557,0.00003543,312.00000000,0
1531175671290,1531175671289,1373558,0.00003544,171.00000000,0
1531175671333,1531175671330,1373559,0.00003544,171.00000000,0
1531175671944,1531175671943,1373560,0.00003544,71.00000000,0
1531175672017,1531175672016,1373561,0.00003545,172.00000000,0
1531175796249,1531175796248,1373562,0.00003530,226.00000000,1
1531175796249,1531175796248,1373563,0.00003525,1610.00000000,1
1531175796249,1531175796248,1373564,0.00003523,4158.00000000,1
1531175800060,1531175800057,1373565,0.00003545,53.00000000,0
1531175800199,1531175800198,1373566,0.00003545,147.00000000,1
1531175859738,1531175859735,1373567,0.00003527,88.00000000,1
1531175902363,1531175902362,1373568,0.00003527,138.00000000,1
1531175902363,1531175902362,1373569,0.00003523,169.00000000,1
1531175916321,1531175916320,1373570,0.00003523,450.00000000,1
1531175919596,1531175919595,1373571,0.00003523,36.00000000,1
1531175929716,1531175929715,1373572,0.00003523,42.00000000,1
1531176154118,1531176154115,1373573,0.00003523,40.00000000,1
1531176164200,1531176164197,1373574,0.00003523,86.00000000,1
1531176231342,1531176231339,1373575,0.00003535,29.00000000,0
1531176236565,1531176236562,1373576,0.00003523,26.00000000,1
1531176466817,1531176466814,1373577,0.00003523,151.00000000,1
1531176526326,1531176526324,1373578,0.00003523,155.00000000,1
1531176526327,1531176526324,1373579,0.00003506,292.00000000,1
1531176526327,1531176526324,1373580,0.00003505,29.00000000,1
1531176526327,1531176526324,1373581,0.00003504,1756.00000000,1
1531176526327,1531176526324,1373582,0.00003502,3000.00000000,1
1531176526340,1531176526339,1373583,0.00003502,150.00000000,0
1531176526341,1531176526339,1373584,0.00003502,532.00000000,0
1531176526367,1531176526365,1373585,0.00003528,150.00000000,0
1531176526390,1531176526389,1373586,0.00003511,150.00000000,1
1531176526632,1531176526629,1373587,0.00003501,20.00000000,1
1531176594933,1531176594931,1373588,0.00003500,2888.00000000,1
1531176597747,1531176597745,1373589,0.00003500,8.00000000,1
1531176801210,1531176801209,1373590,0.00003521,227.00000000,0
1531176801210,1531176801209,1373591,0.00003528,1558.00000000,0
1531176916685,1531176916684,1373592,0.00003531,3000.00000000,0
1531176916722,1531176916722,1373593,0.00003531,424.00000000,1
1531177095169,1531177095168,1373594,0.00003523,166.00000000,1
1531177105367,1531177105366,1373595,0.00003523,4.00000000,1
1531177152390,1531177152389,1373596,0.00003537,12.00000000,0
1531177181554,1531177181552,1373597,0.00003537,8.00000000,0
1531177214235,1531177214235,1373598,0.00003537,5.00000000,0
1531177244352,1531177244350,1373599,0.00003523,1.00000000,1
1531177251919,1531177251918,1373600,0.00003523,16.00000000,1
1531177350791,1531177350790,1373601,0.00003537,13.00000000,0
1531177443114,1531177443113,1373602,0.00003537,4.00000000,0
1531177478747,1531177478747,1373603,0.00003537,4.00000000,0
1531177529601,1531177529600,1373604,0.00003522,144.00000000,1
1531177766490,1531177766492,1373605,0.00003536,187.00000000,0
1531177812338,1531177812340,1373606,0.00003536,3000.00000000,0
1531177821918,1531177821919,1373607,0.00003536,161.00000000,0
1531177826953,1531177826955,1373608,0.00003523,4.00000000,1
1531177828424,1531177828426,1373609,0.00003522,4.00000000,1
1531177838820,1531177838822,1373610,0.00003536,1626.00000000,0
1531177880014,1531177880014,1373611,0.00003537,1718.00000000,0
1531177899742,1531177899744,1373612,0.00003523,22.00000000,1
1531177903402,1531177903403,1373613,0.00003522,22.00000000,1
1531177949878,1531177949880,1373614,0.00003531,50.00000000,0
1531177968638,1531177968641,1373615,0.00003531,23.00000000,0
1531178032149,1531178032149,1373616,0.00003531,30.00000000,0
1531178112504,1531178112506,1373617,0.00003531,943.00000000,0
1531178117859,1531178117863,1373618,0.00003531,220.00000000,0
1531178253795,1531178253798,1373619,0.00003522,200.00000000,1
1531178295584,1531178295586,1373620,0.00003503,10.00000000,1
1531178297421,1531178297425,1373621,0.00003502,10.00000000,1
1531178384399,1531178384403,1373622,0.00003515,11.00000000,0
1531178428193,1531178428198,1373623,0.00003505,201.00000000,1
1531178430107,1531178430111,1373624,0.00003504,740.00000000,1
1531178434603,1531178434608,1373625,0.00003504,320.00000000,1
1531178438260,1531178438263,1373626,0.00003503,100.00000000,1
1531178438287,1531178438292,1373627,0.00003502,218.00000000,1
1531178445027,1531178445029,1373628,0.00003498,894.00000000,1
1531178551041,1531178551045,1373629,0.00003502,631.00000000,1
1531178551059,1531178551064,1373630,0.00003502,636.00000000,0
1531178551060,1531178551064,1373631,0.00003502,636.00000000,0
1531178551066,1531178551071,1373632,0.00003502,637.00000000,0
1531178551105,1531178551110,1373633,0.00003502,636.00000000,0
1531178551123,1531178551126,1373634,0.00003502,631.00000000,0
1531178551143,1531178551147,1373635,0.00003502,161.00000000,0
1531178556367,1531178556371,1373636,0.00003502,101.00000000,0
1531178589038,1531178589042,1373637,0.00003500,77.00000000,1
1531178593210,1531178593215,1373638,0.00003498,200.00000000,1
1531178596197,1531178596202,1373639,0.00003496,1.00000000,1
1531178606210,1531178606215,1373640,0.00003500,250.00000000,0
1531178637883,1531178637888,1373641,0.00003500,5.00000000,0
1531178667128,1531178667133,1373642,0.00003500,42.00000000,0
1531178692435,1531178692438,1373643,0.00003496,5148.00000000,1
1531178707971,1531178707975,1373644,0.00003500,4.00000000,0
1531178750315,1531178750320,1373645,0.00003496,2311.00000000,1
1531178750319,1531178750322,1373646,0.00003495,2715.00000000,1
1531178750329,1531178750334,1373647,0.00003495,1020.00000000,1
1531178751061,1531178751066,1373648,0.00003500,219.00000000,0
1531178760474,1531178760479,1373649,0.00003500,39.00000000,0
1531178760474,1531178760479,1373650,0.00003502,246.00000000,0
1531178813196,1531178813200,1373651,0.00003494,365.00000000,1
1531178813196,1531178813200,1373652,0.00003493,9252.00000000,1
1531178846455,1531178846460,1373653,0.00003502,10.00000000,0
1531178848561,1531178848566,1373654,0.00003493,13.00000000,1
1531178903599,1531178903603,1373655,0.00003502,170.00000000,0
1531178957115,1531178957120,1373656,0.00003499,285.00000000,0
1531178967210,1531178967214,1373657,0.00003493,288.00000000,1
1531178979566,1531178979572,1373658,0.00003499,3.00000000,0
1531179000111,1531179000115,1373659,0.00003493,575.00000000,1
1531179028843,1531179028848,1373660,0.00003495,250.00000000,0
1531179038194,1531179038199,1373661,0.00003493,733.00000000,1
1531179044283,1531179044289,1373662,0.00003493,5000.00000000,1
1531179093123,1531179093127,1373663,0.00003494,193.00000000,0
1531179137559,1531179137564,1373664,0.00003493,100.00000000,1
1531179138065,1531179138072,1373665,0.00003493,4.00000000,1
1531179152666,1531179152671,1373666,0.00003494,2.00000000,0
1531179172711,1531179172715,1373667,0.00003493,222.00000000,1
1531179179879,1531179179884,1373668,0.00003490,773.00000000,1
1531179179880,1531179179886,1373669,0.00003490,774.00000000,1
1531179179888,1531179179894,1373670,0.00003490,208.00000000,1
1531179192251,1531179192257,1373671,0.00003490,384.00000000,1
1531179202912,1531179202916,1373672,0.00003490,1464.00000000,1
1531179206336,1531179206342,1373673,0.00003490,300.00000000,1
1531179233104,1531179233107,1373674,0.00003490,1174.00000000,1
1531179275328,1531179275334,1373675,0.00003484,200.00000000,1
1531179275347,1531179275352,1373676,0.00003484,195.00000000,1
1531179275347,1531179275352,1373677,0.00003465,4.00000000,1
1531179291122,1531179291129,1373678,0.00003485,229.00000000,0
1531179340863,1531179340868,1373679,0.00003485,98.00000000,1
1531179350304,1531179350311,1373680,0.00003480,146.00000000,1
1531179353970,1531179353975,1373681,0.00003480,298.00000000,1
1531179353970,1531179353975,1373682,0.00003478,118.00000000,1
1531179353970,1531179353975,1373683,0.00003465,167.00000000,1
1531179353970,1531179353975,1373684,0.00003464,29.00000000,1
1531179353970,1531179353975,1373685,0.00003461,109.00000000,1
1531179353970,1531179353975,1373686,0.00003460,1576.00000000,1
1531179361173,1531179361180,1373687,0.00003478,50.00000000,0
1531179374243,1531179374247,1373688,0.00003476,2.00000000,0
1531179378516,1531179378522,1373689,0.00003471,30.00000000,0
1531179384363,1531179384369,1373690,0.00003468,586.00000000,0
1531179387068,1531179387072,1373691,0.00003468,75.00000000,0
1531179387079,1531179387085,1373692,0.00003468,207.00000000,0
1531179395195,1531179395202,1373693,0.00003462,203.00000000,0
1531179395772,1531179395776,1373694,0.00003462,1.00000000,0
1531179395772,1531179395776,1373695,0.00003463,727.00000000,0
1531179395801,1531179395806,1373696,0.00003463,1.00000000,0
1531179399238,1531179399243,1373697,0.00003463,1.00000000,1
1531179435896,1531179435901,1373698,0.00003473,12.00000000,0
1531179441385,1531179441390,1373699,0.00003459,179.00000000,1
1531179441385,1531179441390,1373700,0.00003451,77.00000000,1
1531179441385,1531179441390,1373701,0.00003450,21453.00000000,1
1531179441393,1531179441390,1373702,0.00003445,39.00000000,1
1531179441393,1531179441390,1373703,0.00003442,180.00000000,1
1531179441393,1531179441390,1373704,0.00003440,435.00000000,1
1531179441393,1531179441390,1373705,0.00003439,59.00000000,1
1531179441393,1531179441390,1373706,0.00003438,5846.00000000,1
1531179441393,1531179441390,1373707,0.00003430,1005.00000000,1
1531179441393,1531179441390,1373708,0.00003428,124.00000000,1
1531179441393,1531179441390,1373709,0.00003427,94.00000000,1
1531179441393,1531179441390,1373710,0.00003426,204.00000000,1
1531179441393,1531179441390,1373711,0.00003424,2891.00000000,1
1531179441393,1531179441390,1373712,0.00003423,975.00000000,1
1531179441393,1531179441390,1373713,0.00003422,4000.00000000,1
1531179441393,1531179441390,1373714,0.00003420,7665.00000000,1
1531179441393,1531179441390,1373715,0.00003418,910.00000000,1
1531179441393,1531179441390,1373716,0.00003417,2211.00000000,1
1531179441393,1531179441390,1373717,0.00003416,415.00000000,1
1531179441393,1531179441390,1373718,0.00003414,285.00000000,1
1531179441393,1531179441390,1373719,0.00003413,40.00000000,1
1531179441393,1531179441390,1373720,0.00003412,175.00000000,1
1531179441393,1531179441390,1373721,0.00003410,452.00000000,1
1531179441393,1531179441390,1373722,0.00003407,1287.00000000,1
1531179441393,1531179441390,1373723,0.00003406,708.00000000,1
1531179441393,1531179441390,1373724,0.00003406,1394.00000000,1
1531179441393,1531179441390,1373725,0.00003404,800.00000000,1
1531179441393,1531179441390,1373726,0.00003403,149.00000000,1
1531179441393,1531179441390,1373727,0.00003402,13512.00000000,1
1531179441393,1531179441390,1373728,0.00003402,1570.00000000,1
1531179441394,1531179441390,1373729,0.00003402,7082.00000000,1
1531179441408,1531179441414,1373730,0.00003407,561.00000000,0
1531179441408,1531179441414,1373731,0.00003450,183.00000000,0
1531179441411,1531179441418,1373732,0.00003450,746.00000000,0
1531179441412,1531179441418,1373733,0.00003450,744.00000000,0
1531179441450,1531179441456,1373734,0.00003440,149.00000000,0
1531179441450,1531179441456,1373735,0.00003450,595.00000000,0
1531179442137,1531179442142,1373736,0.00003443,72.00000000,1
1531179442168,1531179442170,1373737,0.00003443,60.00000000,1
1531179442226,1531179442231,1373738,0.00003443,42.00000000,1
1531179442322,1531179442327,1373739,0.00003436,67.00000000,0
1531179442372,1531179442376,1373740,0.00003439,800.00000000,0
1531179443277,1531179443282,1373741,0.00003439,209.00000000,0
1531179444483,1531179444487,1373742,0.00003438,244.00000000,0
1531179444694,1531179444698,1373743,0.00003437,179.00000000,0
1531179447421,1531179447427,1373744,0.00003431,204.00000000,0
1531179449086,1531179449091,1373745,0.00003438,2519.00000000,0
1531179449171,1531179449176,1373746,0.00003438,3083.00000000,0
1531179450181,1531179450186,1373747,0.00003438,1301.00000000,0
1531179450708,1531179450713,1373748,0.00003429,1029.00000000,1
1531179450708,1531179450713,1373749,0.00003421,2242.00000000,1
1531179450708,1531179450713,1373750,0.00003420,2923.00000000,1
1531179450708,1531179450713,1373751,0.00003419,511.00000000,1
1531179450708,1531179450713,1373752,0.00003418,975.00000000,1
1531179450708,1531179450713,1373753,0.00003411,176.00000000,1
1531179450708,1531179450713,1373754,0.00003408,555.00000000,1
1531179450708,1531179450713,1373755,0.00003404,11750.00000000,1
1531179450722,1531179450728,1373756,0.00003404,21237.00000000,0
1531179451763,1531179451770,1373757,0.00003439,174.00000000,0
1531179452739,1531179452746,1373758,0.00003433,1282.00000000,0
1531179452747,1531179452753,1373759,0.00003433,5.00000000,0
1531179452906,1531179452910,1373760,0.00003437,102.00000000,0
1531179455570,1531179455574,1373761,0.00003431,204.00000000,0
1531179455576,1531179455579,1373762,0.00003431,29.00000000,0
1531179456684,1531179456691,1373763,0.00003437,44.00000000,0
1531179457566,1531179457573,1373764,0.00003435,124.00000000,0
1531179458971,1531179458977,1373765,0.00003427,29.00000000,1
1531179463268,1531179463274,1373766,0.00003437,99.00000000,0
1531179466344,1531179466349,1373767,0.00003427,200.00000000,1
1531179471616,1531179471623,1373768,0.00003427,4.00000000,1
1531179471616,1531179471623,1373769,0.00003406,251.00000000,1
1531179484048,1531179484051,1373770,0.00003436,1080.00000000,0
1531179484881,1531179484887,1373771,0.00003436,4116.00000000,0
1531179489370,1531179489376,1373772,0.00003436,673.00000000,0
1531179497010,1531179497017,1373773,0.00003431,34.00000000,0
1531179497010,1531179497017,1373774,0.00003437,365.00000000,0
1531179497307,1531179497312,1373775,0.00003437,1890.00000000,0
1531179497307,1531179497312,1373776,0.00003439,407.00000000,0
1531179497307,1531179497312,1373777,0.00003442,176.00000000,0
1531179497307,1531179497312,1373778,0.00003447,555.00000000,0
1531179497307,1531179497312,1373779,0.00003448,208.00000000,0
1531179497307,1531179497312,1373780,0.00003451,44.00000000,0
1531179501922,1531179501929,1373781,0.00003420,149.00000000,0
1531179503244,1531179503249,1373782,0.00003420,291.00000000,0
1531179503624,1531179503629,1373783,0.00003416,149.00000000,1
1531179504069,1531179504075,1373784,0.00003420,175.00000000,0
1531179505582,1531179505585,1373785,0.00003419,149.00000000,0
1531179505597,1531179505602,1373786,0.00003420,1421.00000000,0
1531179505597,1531179505602,1373787,0.00003422,1247.00000000,0
1531179505620,1531179505626,1373788,0.00003422,74.00000000,0
1531179505625,1531179505631,1373789,0.00003422,2667.00000000,0
1531179506701,1531179506706,1373790,0.00003422,250.00000000,0
1531179508481,1531179508487,1373791,0.00003422,362.00000000,0
1531179532547,1531179532550,1373792,0.00003437,147.00000000,1
1531179557961,1531179557966,1373793,0.00003439,30.00000000,1
1531179557962,1531179557966,1373794,0.00003438,146.00000000,1
1531179557962,1531179557966,1373795,0.00003437,77.00000000,1
1531179557962,1531179557966,1373796,0.00003436,534.00000000,1
1531179557962,1531179557966,1373797,0.00003417,511.00000000,1
1531179557962,1531179557966,1373798,0.00003416,131.00000000,1
1531179557962,1531179557966,1373799,0.00003412,60.00000000,1
1531179557962,1531179557966,1373800,0.00003410,249.00000000,1
1531179557962,1531179557966,1373801,0.00003409,1597.00000000,1
1531179557962,1531179557966,1373802,0.00003408,2791.00000000,1
1531179559643,1531179559649,1373803,0.00003424,1331.00000000,0
1531179560223,1531179560227,1373804,0.00003424,215.00000000,0
1531179572756,1531179572759,1373805,0.00003424,12.00000000,0
1531179589003,1531179589008,1373806,0.00003424,13.00000000,0
1531179593999,1531179594003,1373807,0.00003424,26.00000000,0
1531179593999,1531179594003,1373808,0.00003426,60.00000000,0
1531179593999,1531179594003,1373809,0.00003432,465.00000000,0
1531179593999,1531179594003,1373810,0.00003433,131.00000000,0
1531179593999,1531179594003,1373811,0.00003434,99.00000000,0
1531179594014,1531179594015,1373812,0.00003434,150.00000000,0
1531179634836,1531179634842,1373813,0.00003429,4.00000000,1
1531179653535,1531179653541,1373814,0.00003447,130.00000000,0
1531179730651,1531179730656,1373815,0.00003447,17.00000000,0
1531179730651,1531179730656,1373816,0.00003448,10.00000000,0
1531179774167,1531179774171,1373817,0.00003439,107.00000000,1
1531179774167,1531179774171,1373818,0.00003434,62.00000000,1
1531179781777,1531179781784,1373819,0.00003448,19.00000000,0
1531179838021,1531179838026,1373820,0.00003435,179.00000000,1
1531179845756,1531179845762,1373821,0.00003435,77.00000000,1
1531179845756,1531179845762,1373822,0.00003434,113.00000000,1
1531179845756,1531179845762,1373823,0.00003429,365.00000000,1
1531179845773,1531179845777,1373824,0.00003426,205.00000000,0
1531179845789,1531179845795,1373825,0.00003426,204.00000000,0
1531179845809,1531179845814,1373826,0.00003426,11.00000000,0
1531179891761,1531179891768,1373827,0.00003427,1225.00000000,1
1531179907447,1531179907454,1373828,0.00003426,1029.00000000,1
1531179907459,1531179907466,1373829,0.00003423,1887.00000000,0
1531179915435,1531179915440,1373830,0.00003426,1029.00000000,1
1531179915435,1531179915440,1373831,0.00003423,126.00000000,1
1531179915447,1531179915454,1373832,0.00003421,3220.00000000,0
1531179919175,1531179919182,1373833,0.00003426,1029.00000000,1
1531179919175,1531179919182,1373834,0.00003424,1159.00000000,1
1531179923604,1531179923611,1373835,0.00003426,1029.00000000,1
1531179923604,1531179923611,1373836,0.00003422,65.00000000,1
1531179927457,1531179927464,1373837,0.00003427,1029.00000000,1
1531179927457,1531179927464,1373838,0.00003421,65.00000000,1
1531179963942,1531179963948,1373839,0.00003438,290.00000000,0
1531179980911,1531179980915,1373840,0.00003426,77.00000000,1
1531179980911,1531179980915,1373841,0.00003418,3000.00000000,1
1531179980911,1531179980915,1373842,0.00003414,252.00000000,1
1531179980911,1531179980915,1373843,0.00003411,175.00000000,1
1531179980911,1531179980915,1373844,0.00003410,500.00000000,1
1531179980911,1531179980915,1373845,0.00003409,410.00000000,1
1531179980911,1531179980915,1373846,0.00003408,212.00000000,1
1531179980911,1531179980915,1373847,0.00003407,811.00000000,1
1531179981409,1531179981414,1373848,0.00003423,175.00000000,0
1531179981775,1531179981783,1373849,0.00003426,174.00000000,0
1531179982154,1531179982161,1373850,0.00003426,1.00000000,0
1531179982154,1531179982161,1373851,0.00003429,176.00000000,0
1531179982339,1531179982346,1373852,0.00003423,58.00000000,0
1531179983233,1531179983238,1373853,0.00003429,175.00000000,0
1531179983442,1531179983447,1373854,0.00003429,1.00000000,0
1531179984485,1531179984490,1373855,0.00003438,5.00000000,0
1531180007491,1531180007498,1373856,0.00003438,55.00000000,0
1531180049200,1531180049208,1373857,0.00003428,175.00000000,0
1531180055265,1531180055271,1373858,0.00003434,643.00000000,0
1531180056236,1531180056243,1373859,0.00003434,505.00000000,0
1531180090419,1531180090424,1373860,0.00003434,3013.00000000,0
1531180090425,1531180090432,1373861,0.00003439,232.00000000,0
1531180091440,1531180091447,1373862,0.00003443,435.00000000,0
1531180091440,1531180091447,1373863,0.00003446,2578.00000000,0
1531180105633,1531180105640,1373864,0.00003447,126.00000000,0
1531180113545,1531180113553,1373865,0.00003443,4633.00000000,0
1531180147119,1531180147124,1373866,0.00003442,3.00000000,0
1531180222062,1531180222067,1373867,0.00003438,592.00000000,1
1531180231778,1531180231784,1373868,0.00003441,992.00000000,0
1531180231809,1531180231816,1373869,0.00003441,1.00000000,0
1531180235880,1531180235885,1373870,0.00003442,55.00000000,0
1531180235880,1531180235885,1373871,0.00003445,235.00000000,0
1531180269978,1531180269986,1373872,0.00003445,292.00000000,0
1531180375403,1531180375411,1373873,0.00003438,1.00000000,1
1531180403336,1531180403343,1373874,0.00003445,1164.00000000,0
1531180465614,1531180465621,1373875,0.00003443,1271.00000000,0
1531180483052,1531180483060,1373876,0.00003441,77.00000000,1
1531180483060,1531180483068,1373877,0.00003441,77.00000000,0
1531180483840,1531180483847,1373878,0.00003440,112.00000000,1
1531180484515,1531180484523,1373879,0.00003440,174.00000000,1
1531180485641,1531180485649,1373880,0.00003440,163.00000000,1
1531180519195,1531180519203,1373881,0.00003440,181.00000000,1
1531180520277,1531180520283,1373882,0.00003440,204.00000000,1
1531180520740,1531180520750,1373883,0.00003440,56.00000000,1
1531180523569,1531180523577,1373884,0.00003440,1.00000000,0
1531180564975,1531180564983,1373885,0.00003438,43.00000000,1
1531180602672,1531180602680,1373886,0.00003440,49.00000000,0
1531180611343,1531180611349,1373887,0.00003438,40.00000000,1
1531180699455,1531180699453,1373888,0.00003438,824.00000000,1
1531180699455,1531180699453,1373889,0.00003436,309.00000000,1
1531180699455,1531180699453,1373890,0.00003427,77.00000000,1
1531180699455,1531180699453,1373891,0.00003425,77.00000000,1
1531180699455,1531180699453,1373892,0.00003418,2305.00000000,1
1531180699455,1531180699453,1373893,0.00003417,3000.00000000,1
1531180699455,1531180699453,1373894,0.00003415,235.00000000,1
1531180699455,1531180699453,1373895,0.00003414,5887.00000000,1
1531180699455,1531180699453,1373896,0.00003413,43.00000000,1
1531180699455,1531180699453,1373897,0.00003409,975.00000000,1
1531180699455,1531180699453,1373898,0.00003407,3428.00000000,1
1531180699455,1531180699453,1373899,0.00003406,761.00000000,1
1531180699455,1531180699453,1373900,0.00003405,20617.00000000,1
1531180699455,1531180699453,1373901,0.00003404,994.00000000,1
1531180699455,1531180699453,1373902,0.00003403,126.00000000,1
1531180699455,1531180699453,1373903,0.00003402,481.00000000,1
1531180699455,1531180699453,1373904,0.00003401,984.00000000,1
1531180699472,1531180699479,1373905,0.00003401,38946.00000000,0
1531180699481,1531180699487,1373906,0.00003401,209.00000000,0
1531180699482,1531180699487,1373907,0.00003401,183.00000000,0
1531180699487,1531180699493,1373908,0.00003401,18620.00000000,0
1531180700330,1531180700337,1373909,0.00003422,204.00000000,0
1531180700909,1531180700915,1373910,0.00003419,175.00000000,0
1531180701500,1531180701506,1373911,0.00003419,1.00000000,0
1531180701625,1531180701631,1373912,0.00003403,1029.00000000,1
1531180701640,1531180701645,1373913,0.00003403,1040.00000000,0
1531180702439,1531180702446,1373914,0.00003418,213.00000000,0
1531180702620,1531180702627,1373915,0.00003417,8.00000000,0
1531180703716,1531180703723,1373916,0.00003417,72.00000000,0
1531180704807,1531180704814,1373917,0.00003417,239.00000000,0
1531180706222,1531180706229,1373918,0.00003417,44.00000000,0
1531180706405,1531180706414,1373919,0.00003416,118.00000000,0
1531180706481,1531180706489,1373920,0.00003416,118.00000000,0
1531180708236,1531180708243,1373921,0.00003414,499.00000000,0
1531180711627,1531180711632,1373922,0.00003408,357.00000000,1
1531180713862,1531180713868,1373923,0.00003412,1474.00000000,0
1531180715250,1531180715258,1373924,0.00003412,623.00000000,0
1531180716998,1531180717005,1373925,0.00003409,126.00000000,0
1531180736999,1531180736991,1373926,0.00003417,351.00000000,0
1531180747667,1531180747670,1373927,0.00003408,800.00000000,1
1531180747667,1531180747670,1373928,0.00003401,2324.00000000,1
1531180747667,1531180747670,1373929,0.00003400,33009.00000000,1
1531180747667,1531180747670,1373930,0.00003399,199.00000000,1
1531180747667,1531180747670,1373931,0.00003395,295.00000000,1
1531180747667,1531180747670,1373932,0.00003392,300.00000000,1
1531180747667,1531180747670,1373933,0.00003391,158.00000000,1
1531180747668,1531180747670,1373934,0.00003391,817.00000000,1
1531180747668,1531180747670,1373935,0.00003390,283.00000000,1
1531180747687,1531180747694,1373936,0.00003390,8340.00000000,0
1531180747689,1531180747694,1373937,0.00003390,5536.00000000,0
1531180747689,1531180747694,1373938,0.00003391,2755.00000000,0
1531180747690,1531180747697,1373939,0.00003391,276.00000000,0
1531180747690,1531180747697,1373940,0.00003399,465.00000000,0
1531180747694,1531180747698,1373941,0.00003399,7875.00000000,0
1531180747698,1531180747705,1373942,0.00003400,1000.00000000,0
1531180747704,1531180747708,1373943,0.00003409,860.00000000,1
1531180747704,1531180747708,1373944,0.00003397,1039.00000000,1
1531180747704,1531180747708,1373945,0.00003389,177.00000000,1
1531180747704,1531180747708,1373946,0.00003384,1525.00000000,1
1531180747704,1531180747708,1373947,0.00003383,177.00000000,1
1531180747704,1531180747708,1373948,0.00003382,756.00000000,1
1531180747704,1531180747708,1373949,0.00003380,3341.00000000,1
1531180747705,1531180747708,1373950,0.00003380,420.00000000,1
1531180747705,1531180747708,1373951,0.00003380,1602.00000000,1
1531180747706,1531180747708,1373952,0.00003380,1329.00000000,1
1531180747714,1531180747720,1373953,0.00003387,276.00000000,0
1531180747716,1531180747722,1373954,0.00003387,738.00000000,0
1531180747719,1531180747725,1373955,0.00003387,276.00000000,0
1531180747724,1531180747730,1373956,0.00003387,1000.00000000,0
1531180747726,1531180747732,1373957,0.00003387,295.00000000,0
1531180747727,1531180747733,1373958,0.00003387,915.00000000,0
1531180747730,1531180747736,1373959,0.00003387,915.00000000,0
1531180747730,1531180747736,1373960,0.00003387,915.00000000,0
1531180747761,1531180747768,1373961,0.00003387,800.00000000,0
1531180747762,1531180747770,1373962,0.00003387,631.00000000,0
1531180748357,1531180748364,1373963,0.00003418,5.00000000,0
1531180766572,1531180766578,1373964,0.00003399,2860.00000000,0
1531180767173,1531180767179,1373965,0.00003398,1622.00000000,0
1531180772642,1531180772648,1373966,0.00003396,702.00000000,0
1531180773340,1531180773347,1373967,0.00003397,2210.00000000,0
1531180773469,1531180773474,1373968,0.00003397,32.00000000,0
1531180777670,1531180777675,1373969,0.00003390,285.00000000,1
1531180781571,1531180781576,1373970,0.00003397,221.00000000,0
1531180781571,1531180781576,1373971,0.00003400,73.00000000,0
1531180788671,1531180788676,1373972,0.00003395,275.00000000,0
1531180789656,1531180789661,1373973,0.00003397,157.00000000,0
1531180793458,1531180793465,1373974,0.00003397,532.00000000,0
1531180794443,1531180794450,1373975,0.00003397,424.00000000,0
1531180795154,1531180795160,1373976,0.00003397,2762.00000000,0
1531180795167,1531180795173,1373977,0.00003397,2759.00000000,0
1531180800302,1531180800306,1373978,0.00003396,594.00000000,0
1531180800461,1531180800468,1373979,0.00003396,1018.00000000,0
1531180806360,1531180806365,1373980,0.00003391,77.00000000,1
1531180807340,1531180807346,1373981,0.00003391,38.00000000,0
1531180807471,1531180807475,1373982,0.00003391,34.00000000,0
1531180807471,1531180807475,1373983,0.00003395,34.00000000,0
1531180807471,1531180807475,1373984,0.00003396,4.00000000,0
1531180816204,1531180816211,1373985,0.00003396,58.00000000,0
1531180820934,1531180820940,1373986,0.00003390,403.00000000,1
1531180821185,1531180821192,1373987,0.00003390,304.00000000,1
1531180845539,1531180845544,1373988,0.00003394,2.00000000,0
1531180847719,1531180847726,1373989,0.00003382,116.00000000,1
1531180849981,1531180849987,1373990,0.00003382,1.00000000,1
1531180895695,1531180895701,1373991,0.00003390,2.00000000,0
1531180910798,1531180910802,1373992,0.00003389,37.00000000,1
1531180910798,1531180910802,1373993,0.00003385,198.00000000,1
1531180910798,1531180910802,1373994,0.00003382,134.00000000,1
1531180910798,1531180910802,1373995,0.00003381,518.00000000,1
1531180910798,1531180910802,1373996,0.00003380,168.00000000,1
1531180910798,1531180910802,1373997,0.00003379,262.00000000,1
1531180910798,1531180910802,1373998,0.00003379,309.00000000,1
1531180918372,1531180918378,1373999,0.00003389,17.00000000,0
1531180926625,1531180926631,1374000,0.00003379,408.00000000,1
1531180926625,1531180926631,1374001,0.00003375,296.00000000,1
1531180926626,1531180926631,1374002,0.00003375,418.00000000,1
1531180926626,1531180926631,1374003,0.00003371,195.00000000,1
1531180926627,1531180926631,1374004,0.00003370,208.00000000,1
1531180926627,1531180926631,1374005,0.00003365,800.00000000,1
1531180926627,1531180926631,1374006,0.00003364,299.00000000,1
1531180926628,1531180926631,1374007,0.00003361,298.00000000,1
1531180926638,1531180926644,1374008,0.00003360,242.00000000,0
1531180926639,1531180926645,1374009,0.00003360,1090.00000000,0
1531180926639,1531180926645,1374010,0.00003361,593.00000000,0
1531180926640,1531180926646,1374011,0.00003361,1683.00000000,0
1531180926641,1531180926647,1374012,0.00003361,1683.00000000,0
1531180926651,1531180926656,1374013,0.00003361,131.00000000,0
1531180926657,1531180926660,1374014,0.00003358,178.00000000,1
1531180926657,1531180926660,1374015,0.00003357,178.00000000,1
1531180926657,1531180926660,1374016,0.00003356,178.00000000,1
1531180926657,1531180926660,1374017,0.00003355,314.00000000,1
1531180926657,1531180926660,1374018,0.00003354,622.00000000,1
1531180926657,1531180926660,1374019,0.00003353,1789.00000000,1
1531180926657,1531180926660,1374020,0.00003352,107.00000000,1
1531180926658,1531180926661,1374021,0.00003361,1462.00000000,0
1531180926658,1531180926663,1374022,0.00003361,1462.00000000,0
1531180926662,1531180926667,1374023,0.00003361,131.00000000,0
1531180926667,1531180926671,1374024,0.00003361,1416.00000000,0
1531180926667,1531180926671,1374025,0.00003363,131.00000000,0
1531180926667,1531180926671,1374026,0.00003370,18.00000000,0
1531180926668,1531180926675,1374027,0.00003370,243.00000000,0
1531180926726,1531180926731,1374028,0.00003370,800.00000000,0
1531180926860,1531180926866,1374029,0.00003370,104.00000000,0
1531180926982,1531180926987,1374030,0.00003370,88.00000000,0
1531180927237,1531180927243,1374031,0.00003371,199.00000000,0
1531180927343,1531180927349,1374032,0.00003371,800.00000000,0
1531180927796,1531180927802,1374033,0.00003371,200.00000000,0
1531180931210,1531180931213,1374034,0.00003361,174.00000000,0
1531180934285,1531180934291,1374035,0.00003370,808.00000000,0
1531180935581,1531180935586,1374036,0.00003369,242.00000000,0
1531180935581,1531180935586,1374037,0.00003370,246.00000000,0
1531180939536,1531180939541,1374038,0.00003370,476.00000000,0
1531180939621,1531180939627,1374039,0.00003362,99.00000000,1
1531180942641,1531180942647,1374040,0.00003354,49.00000000,1
1531180942641,1531180942647,1374041,0.00003352,11.00000000,1
1531180946656,1531180946660,1374042,0.00003352,240.00000000,1
1531180946656,1531180946660,1374043,0.00003351,42.00000000,1
1531180947724,1531180947729,1374044,0.00003351,285.00000000,1
1531180948559,1531180948565,1374045,0.00003351,187.00000000,1
1531180952005,1531180952012,1374046,0.00003351,281.00000000,1
1531180953148,1531180953151,1374047,0.00003362,297.00000000,0
1531180966937,1531180966944,1374048,0.00003362,1142.00000000,0
1531180980357,1531180980363,1374049,0.00003362,543.00000000,0
1531180984175,1531180984181,1374050,0.00003362,6.00000000,0
1531181002188,1531181002194,1374051,0.00003353,80.00000000,1
1531181002478,1531181002484,1374052,0.00003353,80.00000000,1
1531181021650,1531181021655,1374053,0.00003357,148.00000000,0
1531181026734,1531181026739,1374054,0.00003353,151.00000000,1
1531181029115,1531181029121,1374055,0.00003361,22.00000000,0
1531181032886,1531181032890,1374056,0.00003361,13.00000000,0
1531181032886,1531181032890,1374057,0.00003362,10983.00000000,0
1531181064847,1531181064852,1374058,0.00003364,1565.00000000,0
1531181064847,1531181064852,1374059,0.00003365,32020.00000000,0
1531181072565,1531181072568,1374060,0.00003362,223.00000000,1
1531181072583,1531181072588,1374061,0.00003355,122.00000000,1
1531181072583,1531181072588,1374062,0.00003353,3.00000000,1
1531181072583,1531181072588,1374063,0.00003352,57.00000000,1
1531181078957,1531181078961,1374064,0.00003351,9361.00000000,1
1531181078957,1531181078961,1374065,0.00003350,1226.00000000,1
1531181078957,1531181078961,1374066,0.00003346,14371.00000000,1
1531181078957,1531181078961,1374067,0.00003342,265.00000000,1
1531181078957,1531181078961,1374068,0.00003341,1563.00000000,1
1531181078979,1531181078985,1374069,0.00003344,543.00000000,0
1531181080446,1531181080449,1374070,0.00003365,4.00000000,0
1531181093134,1531181093137,1374071,0.00003351,272.00000000,1
1531181093134,1531181093137,1374072,0.00003349,1148.00000000,1
1531181093134,1531181093137,1374073,0.00003345,686.00000000,1
1531181093134,1531181093137,1374074,0.00003341,2604.00000000,1
1531181093134,1531181093137,1374075,0.00003340,3200.00000000,1
1531181093134,1531181093137,1374076,0.00003337,390.00000000,1
1531181093134,1531181093137,1374077,0.00003336,535.00000000,1
1531181093134,1531181093137,1374078,0.00003335,12000.00000000,1
1531181093134,1531181093137,1374079,0.00003333,1015.00000000,1
1531181093407,1531181093413,1374080,0.00003350,748.00000000,0
1531181099375,1531181099380,1374081,0.00003346,64.00000000,0
1531181099381,1531181099386,1374082,0.00003346,295.00000000,0
1531181100145,1531181100151,1374083,0.00003349,37.00000000,0
1531181101509,1531181101513,1374084,0.00003341,1049.00000000,1
1531181101509,1531181101513,1374085,0.00003340,1749.00000000,1
1531181101509,1531181101513,1374086,0.00003331,2535.00000000,1
1531181104004,1531181104009,1374087,0.00003346,220.00000000,0
1531181104108,1531181104113,1374088,0.00003333,240.00000000,1
1531181104108,1531181104113,1374089,0.00003331,893.00000000,1
1531181104312,1531181104317,1374090,0.00003331,170.00000000,1
1531181104350,1531181104356,1374091,0.00003331,1.00000000,1
1531181104397,1531181104402,1374092,0.00003346,178.00000000,0
1531181104889,1531181104893,1374093,0.00003345,233.00000000,0
1531181105260,1531181105265,1374094,0.00003345,376.00000000,0
1531181105490,1531181105496,1374095,0.00003333,1180.00000000,1
1531181105915,1531181105919,1374096,0.00003344,213.00000000,0
1531181107184,1531181107188,1374097,0.00003344,195.00000000,0
1531181108899,1531181108904,1374098,0.00003343,240.00000000,0
1531181110015,1531181110021,1374099,0.00003333,1.00000000,1
1531181111472,1531181111477,1374100,0.00003333,16991.00000000,1
1531181121992,1531181121996,1374101,0.00003331,240.00000000,1
1531181125755,1531181125761,1374102,0.00003332,141.00000000,1
1531181126520,1531181126521,1374103,0.00003330,355.00000000,1
1531181126520,1531181126521,1374104,0.00003329,752.00000000,1
1531181126520,1531181126521,1374105,0.00003328,301.00000000,1
1531181126520,1531181126521,1374106,0.00003327,135.00000000,1
1531181126520,1531181126521,1374107,0.00003326,150.00000000,1
1531181126520,1531181126521,1374108,0.00003325,421.00000000,1
1531181126520,1531181126521,1374109,0.00003323,945.00000000,1
1531181126520,1531181126521,1374110,0.00003321,3035.00000000,1
1531181126520,1531181126521,1374111,0.00003320,1070.00000000,1
1531181126521,1531181126521,1374112,0.00003319,603.00000000,1
1531181126521,1531181126521,1374113,0.00003318,50.00000000,1
1531181126521,1531181126521,1374114,0.00003316,50.00000000,1
1531181126521,1531181126521,1374115,0.00003312,218.00000000,1
1531181126532,1531181126536,1374116,0.00003320,820.00000000,0
1531181127658,1531181127662,1374117,0.00003340,230.00000000,0
1531181128120,1531181128124,1374118,0.00003337,438.00000000,0
1531181128932,1531181128937,1374119,0.00003336,78.00000000,0
1531181128936,1531181128942,1374120,0.00003336,78.00000000,0
1531181128936,1531181128942,1374121,0.00003336,85.00000000,0
1531181133572,1531181133577,1374122,0.00003326,40.00000000,1
1531181133572,1531181133577,1374123,0.00003313,150.00000000,1
1531181133572,1531181133577,1374124,0.00003312,85.00000000,1
1531181133598,1531181133603,1374125,0.00003337,1.00000000,0
1531181134271,1531181134269,1374126,0.00003338,3236.00000000,1
1531181134271,1531181134269,1374127,0.00003313,150.00000000,1
1531181134271,1531181134269,1374128,0.00003312,147.00000000,1
1531181134271,1531181134269,1374129,0.00003311,283.00000000,1
1531181134271,1531181134269,1374130,0.00003310,2290.00000000,1
1531181134271,1531181134269,1374131,0.00003308,754.00000000,1
1531181134271,1531181134269,1374132,0.00003307,720.00000000,1
1531181134271,1531181134269,1374133,0.00003305,435.00000000,1
1531181134271,1531181134269,1374134,0.00003304,340.00000000,1
1531181134271,1531181134269,1374135,0.00003303,2440.00000000,1
1531181134271,1531181134269,1374136,0.00003301,4960.00000000,1
1531181134271,1531181134269,1374137,0.00003300,194090.00000000,1
1531181134287,1531181134292,1374138,0.00003300,390.00000000,0
1531181134287,1531181134292,1374139,0.00003300,390.00000000,0
1531181134294,1531181134298,1374140,0.00003300,894.00000000,0
1531181134296,1531181134301,1374141,0.00003300,335.00000000,0
1531181134318,1531181134322,1374142,0.00003299,725.00000000,1
1531181134575,1531181134579,1374143,0.00003325,751.00000000,0
1531181134611,1531181134615,1374144,0.00003325,3.00000000,0
1531181134663,1531181134667,1374145,0.00003329,232.00000000,0
1531181134813,1531181134817,1374146,0.00003325,300.00000000,1
1531181135006,1531181135011,1374147,0.00003329,129.00000000,0
1531181135010,1531181135016,1374148,0.00003326,140.00000000,1
1531181135090,1531181135096,1374149,0.00003329,423.00000000,0
1531181135229,1531181135232,1374150,0.00003326,136.00000000,1
1531181135233,1531181135238,1374151,0.00003327,151.00000000,0
1531181135233,1531181135238,1374152,0.00003333,25.00000000,0
1531181135315,1531181135319,1374153,0.00003333,151.00000000,0
1531181135353,1531181135357,1374154,0.00003326,439.00000000,1
1531181135367,1531181135370,1374155,0.00003326,226.00000000,0
1531181135403,1531181135408,1374156,0.00003325,43.00000000,1
1531181135412,1531181135416,1374157,0.00003329,994.00000000,0
1531181135603,1531181135608,1374158,0.00003329,277.00000000,0
1531181135697,1531181135701,1374159,0.00003325,140.00000000,1
1531181135867,1531181135872,1374160,0.00003325,122.00000000,1
1531181136079,1531181136082,1374161,0.00003325,149.00000000,1
1531181136315,1531181136318,1374162,0.00003321,15.00000000,0
1531181136940,1531181136943,1374163,0.00003317,135.00000000,0
1531181138052,1531181138057,1374164,0.00003309,1.00000000,1
1531181138324,1531181138325,1374165,0.00003336,141.00000000,0
1531181138633,1531181138638,1374166,0.00003310,35.00000000,1
1531181138887,1531181138892,1374167,0.00003333,174.00000000,0
1531181140031,1531181140036,1374168,0.00003337,324.00000000,0
1531181142159,1531181142164,1374169,0.00003327,131.00000000,0
1531181143216,1531181143216,1374170,0.00003318,1060.00000000,1
1531181143216,1531181143216,1374171,0.00003316,1139.00000000,1
1531181143216,1531181143216,1374172,0.00003314,1138.00000000,1
1531181143216,1531181143216,1374173,0.00003311,457.00000000,1
1531181143216,1531181143216,1374174,0.00003310,23934.00000000,1
1531181143216,1531181143216,1374175,0.00003304,136.00000000,1
1531181143216,1531181143216,1374176,0.00003300,459.00000000,1
1531181143216,1531181143216,1374177,0.00003298,7974.00000000,1
1531181143216,1531181143216,1374178,0.00003297,7492.00000000,1
1531181144153,1531181144158,1374179,0.00003336,53.00000000,0
1531181144603,1531181144607,1374180,0.00003319,174.00000000,0
1531181144603,1531181144607,1374181,0.00003334,58.00000000,0
1531181144883,1531181144889,1374182,0.00003336,2224.00000000,0
1531181145258,1531181145263,1374183,0.00003323,42.00000000,1
1531181145258,1531181145263,1374184,0.00003306,94.00000000,1
1531181149088,1531181149090,1374185,0.00003323,207.00000000,1
1531181149088,1531181149090,1374186,0.00003322,200.00000000,1
1531181149088,1531181149090,1374187,0.00003320,257.00000000,1
1531181149088,1531181149090,1374188,0.00003309,15110.00000000,1
1531181149088,1531181149090,1374189,0.00003306,1148.00000000,1
1531181149088,1531181149090,1374190,0.00003299,181.00000000,1
1531181149088,1531181149090,1374191,0.00003297,628.00000000,1
1531181149560,1531181149565,1374192,0.00003322,181.00000000,0
1531181149690,1531181149694,1374193,0.00003321,136.00000000,0
1531181153207,1531181153211,1374194,0.00003313,457.00000000,1
1531181153207,1531181153211,1374195,0.00003312,1148.00000000,1
1531181153207,1531181153211,1374196,0.00003310,2205.00000000,1
1531181153640,1531181153644,1374197,0.00003335,147.00000000,0
1531181153975,1531181153980,1374198,0.00003335,1092.00000000,0
1531181156568,1531181156572,1374199,0.00003334,9.00000000,0
1531181157560,1531181157565,1374200,0.00003311,170.00000000,1
1531181159220,1531181159224,1374201,0.00003332,209.00000000,0
1531181159904,1531181159908,1374202,0.00003332,498.00000000,0
1531181161213,1531181161217,1374203,0.00003323,42.00000000,0
1531181161213,1531181161217,1374204,0.00003337,1.00000000,0
1531181161904,1531181161909,1374205,0.00003332,1788.00000000,0
1531181173553,1531181173558,1374206,0.00003329,604.00000000,0
1531181173553,1531181173558,1374207,0.00003330,35.00000000,0
1531181187072,1531181187076,1374208,0.00003335,180.00000000,0
1531181187072,1531181187076,1374209,0.00003337,287.00000000,0
1531181195734,1531181195738,1374210,0.00003337,405.00000000,0
1531181201419,1531181201423,1374211,0.00003337,449.00000000,0
1531181208783,1531181208788,1374212,0.00003337,754.00000000,0
1531181212026,1531181212032,1374213,0.00003335,22.00000000,0
1531181221786,1531181221791,1374214,0.00003334,8.00000000,0
1531181226926,1531181226928,1374215,0.00003334,5777.00000000,0
1531181226926,1531181226928,1374216,0.00003335,12035.00000000,0
1531181226926,1531181226928,1374217,0.00003336,5846.00000000,0
1531181226926,1531181226928,1374218,0.00003337,6666.00000000,0
1531181226950,1531181226955,1374219,0.00003337,170.00000000,1
1531181226962,1531181226965,1374220,0.00003337,208.00000000,1
1531181226993,1531181226998,1374221,0.00003337,15000.00000000,1
1531181227022,1531181227027,1374222,0.00003337,349.00000000,1
1531181227045,1531181227050,1374223,0.00003337,423.00000000,1
1531181227160,1531181227164,1374224,0.00003337,62.00000000,1
1531181232711,1531181232715,1374225,0.00003337,399.00000000,1
1531181239788,1531181239794,1374226,0.00003337,1269.00000000,1
1531181256882,1531181256887,1374227,0.00003337,181.00000000,1
1531181257662,1531181257666,1374228,0.00003337,180.00000000,1
1531181265400,1531181265405,1374229,0.00003337,181.00000000,1
1531181267005,1531181267009,1374230,0.00003337,569.00000000,1
1531181267323,1531181267328,1374231,0.00003337,181.00000000,1
1531181268655,1531181268657,1374232,0.00003337,37.00000000,1
1531181276087,1531181276092,1374233,0.00003338,66.00000000,0
1531181278539,1531181278543,1374234,0.00003337,1026.00000000,1
1531181283252,1531181283257,1374235,0.00003337,223.00000000,0
1531181298589,1531181298593,1374236,0.00003323,77.00000000,1
1531181298598,1531181298601,1374237,0.00003306,135.00000000,1
1531181298598,1531181298601,1374238,0.00003305,135.00000000,1
1531181298598,1531181298601,1374239,0.00003304,1.00000000,1
1531181300213,1531181300218,1374240,0.00003317,77.00000000,0
1531181300238,1531181300242,1374241,0.00003317,42.00000000,1
1531181301196,1531181301201,1374242,0.00003317,240.00000000,1
1531181301221,1531181301225,1374243,0.00003304,240.00000000,1
1531181308602,1531181308606,1374244,0.00003308,199.00000000,1
1531181308602,1531181308606,1374245,0.00003307,151.00000000,1
1531181309629,1531181309631,1374246,0.00003307,52.00000000,1
1531181309629,1531181309631,1374247,0.00003305,200.00000000,1
1531181309629,1531181309631,1374248,0.00003304,48.00000000,1
1531181348121,1531181348125,1374249,0.00003320,199.00000000,0
1531181349940,1531181349944,1374250,0.00003320,72.00000000,1
1531181349940,1531181349944,1374251,0.00003312,801.00000000,1
1531181366541,1531181366544,1374252,0.00003312,833.00000000,1
1531181369485,1531181369488,1374253,0.00003312,781.00000000,1
1531181412269,1531181412271,1374254,0.00003320,426.00000000,0
1531181426004,1531181426008,1374255,0.00003306,148.00000000,1
1531181427943,1531181427942,1374256,0.00003320,8539.00000000,0
1531181427943,1531181427942,1374257,0.00003321,241.00000000,0
1531181427943,1531181427942,1374258,0.00003322,135.00000000,0
1531181427943,1531181427942,1374259,0.00003323,135.00000000,0
1531181427943,1531181427942,1374260,0.00003327,180.00000000,0
1531181427943,1531181427942,1374261,0.00003330,675.00000000,0
1531181427943,1531181427942,1374262,0.00003332,360.00000000,0
1531181427943,1531181427942,1374263,0.00003334,135.00000000,0
1531181427943,1531181427942,1374264,0.00003337,2667.00000000,0
1531181427955,1531181427960,1374265,0.00003337,4249.00000000,1
1531181427958,1531181427963,1374266,0.00003337,2017.00000000,1
1531181427987,1531181427991,1374267,0.00003337,209.00000000,1
1531181428026,1531181428029,1374268,0.00003338,2.00000000,0
1531181428026,1531181428029,1374269,0.00003346,1.00000000,0
1531181428026,1531181428029,1374270,0.00003349,3.00000000,0
1531181428026,1531181428029,1374271,0.00003353,114.00000000,0
1531181428026,1531181428029,1374272,0.00003356,154.00000000,0
1531181428026,1531181428029,1374273,0.00003361,810.00000000,0
1531181428042,1531181428046,1374274,0.00003337,2016.00000000,1
1531181428125,1531181428129,1374275,0.00003337,800.00000000,1
1531181428562,1531181428564,1374276,0.00003337,148.00000000,1
1531181428828,1531181428830,1374277,0.00003337,364.00000000,1
1531181428991,1531181428994,1374278,0.00003337,2016.00000000,1
1531181429066,1531181429070,1374279,0.00003361,938.00000000,0
1531181429066,1531181429070,1374280,0.00003362,210.00000000,0
1531181429200,1531181429202,1374281,0.00003338,475.00000000,1
1531181430265,1531181430269,1374282,0.00003339,1647.00000000,1
1531181430464,1531181430468,1374283,0.00003339,749.00000000,1
1531181430464,1531181430468,1374284,0.00003337,362.00000000,1
1531181430464,1531181430468,1374285,0.00003321,44.00000000,1
1531181430464,1531181430468,1374286,0.00003319,59.00000000,1
1531181430464,1531181430468,1374287,0.00003316,179.00000000,1
1531181430464,1531181430468,1374288,0.00003315,35.00000000,1
1531181431202,1531181431206,1374289,0.00003341,181.00000000,1
1531181433914,1531181433918,1374290,0.00003345,44.00000000,0
1531181433944,1531181433947,1374291,0.00003345,107.00000000,1
1531181434352,1531181434356,1374292,0.00003345,35.00000000,1
1531181435065,1531181435066,1374293,0.00003345,97.00000000,1
1531181439722,1531181439724,1374294,0.00003341,973.00000000,1
1531181440666,1531181440671,1374295,0.00003341,296.00000000,1
1531181442748,1531181442749,1374296,0.00003340,237.00000000,0
1531181442748,1531181442749,1374297,0.00003341,179.00000000,0
1531181442748,1531181442749,1374298,0.00003347,59.00000000,0
1531181442772,1531181442775,1374299,0.00003350,37.00000000,1
1531181443305,1531181443308,1374300,0.00003350,404.00000000,1
1531181443472,1531181443475,1374301,0.00003350,215.00000000,1
1531181457766,1531181457763,1374302,0.00003361,63.00000000,0
1531181465478,1531181465481,1374303,0.00003353,362.00000000,1
1531181465478,1531181465481,1374304,0.00003351,370.00000000,1
1531181470984,1531181470987,1374305,0.00003361,78.00000000,0
1531181470984,1531181470987,1374306,0.00003362,476.00000000,0
1531181480246,1531181480250,1374307,0.00003364,178.00000000,0
1531181480246,1531181480250,1374308,0.00003365,42.00000000,0
1531181481254,1531181481258,1374309,0.00003370,21.00000000,0
1531181486334,1531181486338,1374310,0.00003370,25.00000000,0
1531181495873,1531181495877,1374311,0.00003370,1348.00000000,0
1531181495874,1531181495877,1374312,0.00003371,549.00000000,0
1531181495905,1531181495910,1374313,0.00003371,46.00000000,1
1531181496141,1531181496143,1374314,0.00003371,46.00000000,1
1531181502388,1531181502392,1374315,0.00003371,11.00000000,1
1531181502388,1531181502392,1374316,0.00003365,364.00000000,1
1531181502388,1531181502392,1374317,0.00003353,126.00000000,1
1531181507822,1531181507826,1374318,0.00003378,183.00000000,0
1531181507822,1531181507826,1374319,0.00003379,148.00000000,0
1531181507822,1531181507826,1374320,0.00003383,122.00000000,0
1531181507822,1531181507826,1374321,0.00003388,47.00000000,0
1531181529360,1531181529362,1374322,0.00003388,127.00000000,0
1531181529589,1531181529593,1374323,0.00003389,178.00000000,0
1531181532468,1531181532472,1374324,0.00003389,359.00000000,1
1531181538406,1531181538410,1374325,0.00003389,37.00000000,1
1531181542594,1531181542598,1374326,0.00003389,271.00000000,1
1531181545995,1531181545995,1374327,0.00003389,288.00000000,1
1531181545995,1531181545995,1374328,0.00003388,175.00000000,1
1531181545995,1531181545995,1374329,0.00003361,63.00000000,1
1531181545995,1531181545995,1374330,0.00003360,390.00000000,1
1531181545995,1531181545995,1374331,0.00003359,77.00000000,1
1531181545995,1531181545995,1374332,0.00003355,103.00000000,1
1531181545995,1531181545995,1374333,0.00003354,179.00000000,1
1531181545995,1531181545995,1374334,0.00003353,177.00000000,1
1531181545995,1531181545995,1374335,0.00003352,3078.00000000,1
1531181577199,1531181577201,1374336,0.00003372,103.00000000,1
1531181580156,1531181580160,1374337,0.00003372,63.00000000,1
1531181580606,1531181580610,1374338,0.00003372,43.00000000,1
1531181609939,1531181609942,1374339,0.00003356,196.00000000,1
1531181610198,1531181610201,1374340,0.00003355,833.00000000,1
1531181611047,1531181611049,1374341,0.00003358,1539.00000000,1
1531181611234,1531181611239,1374342,0.00003358,378.00000000,1
1531181626584,1531181626587,1374343,0.00003364,12.00000000,0
1531181659235,1531181659238,1374344,0.00003358,53.00000000,0
1531181679089,1531181679091,1374345,0.00003356,177.00000000,0
1531181694285,1531181694251,1374346,0.00003357,6.00000000,0
1531181697254,1531181697257,1374347,0.00003357,1.00000000,0
1531181732361,1531181732362,1374348,0.00003357,3.00000000,0
1531181748396,1531181748401,1374349,0.00003352,63.00000000,1
1531181751416,1531181751419,1374350,0.00003353,1245.00000000,0
1531181751416,1531181751419,1374351,0.00003355,912.00000000,0
1531181751416,1531181751419,1374352,0.00003357,2725.00000000,0
1531181758961,1531181758964,1374353,0.00003359,1969.00000000,1
1531181762596,1531181762600,1374354,0.00003357,1.00000000,1
1531181766789,1531181766791,1374355,0.00003366,196.00000000,0
1531181766789,1531181766791,1374356,0.00003367,28.00000000,0
1531181767686,1531181767689,1374357,0.00003367,224.00000000,0
1531181768580,1531181768583,1374358,0.00003367,195.00000000,0
1531181768580,1531181768583,1374359,0.00003371,29.00000000,0
1531181769636,1531181769641,1374360,0.00003371,224.00000000,0
1531181770683,1531181770687,1374361,0.00003371,207.00000000,0
1531181770683,1531181770687,1374362,0.00003373,17.00000000,0
1531181771586,1531181771590,1374363,0.00003373,224.00000000,0
1531181772483,1531181772487,1374364,0.00003373,56.00000000,0
1531181772483,1531181772487,1374365,0.00003378,168.00000000,0
1531181773535,1531181773538,1374366,0.00003378,224.00000000,0
1531181774439,1531181774443,1374367,0.00003378,224.00000000,0
1531181775482,1531181775485,1374368,0.00003378,224.00000000,0
1531181785102,1531181785106,1374369,0.00003377,20.00000000,0
1531181800297,1531181800300,1374370,0.00003377,17.00000000,0
1531181819360,1531181819362,1374371,0.00003361,32.00000000,1
1531181820255,1531181820258,1374372,0.00003361,302.00000000,1
1531181834857,1531181834861,1374373,0.00003359,167.00000000,1
1531181839686,1531181839668,1374374,0.00003357,77.00000000,1
1531181839686,1531181839668,1374375,0.00003352,91.00000000,1
1531181839686,1531181839668,1374376,0.00003350,59.00000000,1
1531181839686,1531181839668,1374377,0.00003349,598.00000000,1
1531181839686,1531181839668,1374378,0.00003341,695.00000000,1
1531181842217,1531181842221,1374379,0.00003341,717.00000000,1
1531181842784,1531181842786,1374380,0.00003359,986.00000000,0
1531181842784,1531181842786,1374381,0.00003360,1187.00000000,0
1531181842784,1531181842786,1374382,0.00003365,33.00000000,0
1531181842784,1531181842786,1374383,0.00003373,197.00000000,0
1531181842784,1531181842786,1374384,0.00003375,1130.00000000,0
1531181842784,1531181842786,1374385,0.00003381,833.00000000,0
1531181842784,1531181842786,1374386,0.00003388,179.00000000,0
1531181842797,1531181842800,1374387,0.00003388,4454.00000000,1
1531181847946,1531181847950,1374388,0.00003386,178.00000000,0
1531181849117,1531181849120,1374389,0.00003350,177.00000000,1
1531181849117,1531181849120,1374390,0.00003349,356.00000000,1
1531181856625,1531181856627,1374391,0.00003351,132.00000000,1
