event_time,trade_time,trade_id,price,quantity,maker
1531160343241,1531160343238,1046009,0.00002446,294.00000000,0
1531160384850,1531160384846,1046010,0.00002446,45.00000000,0
1531160619435,1531160619430,1046011,0.00002446,85.00000000,0
1531160686400,1531160686396,1046012,0.00002446,1778.00000000,0
1531160687751,1531160687746,1046013,0.00002446,608.00000000,0
1531160696549,1531160696544,1046014,0.00002446,2451.00000000,0
1531160697800,1531160697797,1046015,0.00002446,91.00000000,0
1531160719559,1531160719554,1046016,0.00002445,222.00000000,0
1531160763611,1531160763607,1046017,0.00002445,81.00000000,0
1531161006081,1531161006077,1046018,0.00002445,592.00000000,0
1531161053325,1531161053321,1046019,0.00002445,2452.00000000,0
1531161098677,1531161098672,1046020,0.00002443,65.00000000,1
1531161102155,1531161102152,1046021,0.00002443,1048.00000000,1
1531161114361,1531161114359,1046022,0.00002443,21.00000000,0
1531161150220,1531161150217,1046023,0.00002445,16628.00000000,0
1531161151373,1531161151370,1046024,0.00002446,457.00000000,0
1531161157936,1531161157933,1046025,0.00002446,51.00000000,0
1531161166142,1531161166140,1046026,0.00002446,472.00000000,0
1531161166142,1531161166140,1046027,0.00002447,1126.00000000,0
1531161166142,1531161166140,1046028,0.00002448,1126.00000000,0
1531161212131,1531161212128,1046029,0.00002449,750.00000000,0
1531161212189,1531161212185,1046030,0.00002448,294.00000000,1
1531161240854,1531161240850,1046031,0.00002449,49.00000000,1
1531161249663,1531161249657,1046032,0.00002452,41.00000000,0
1531161249663,1531161249657,1046033,0.00002453,188.00000000,0
1531161249663,1531161249657,1046034,0.00002455,64.00000000,0
1531161249681,1531161249677,1046035,0.00002455,233.00000000,0
1531161249693,1531161249689,1046036,0.00002455,1.00000000,0
1531161251994,1531161251989,1046037,0.00002461,915.00000000,0
1531161252056,1531161252051,1046038,0.00002461,918.00000000,0
1531161267667,1531161267661,1046039,0.00002452,75.00000000,1
1531161309876,1531161309876,1046040,0.00002452,419.00000000,0
1531161325341,1531161325338,1046041,0.00002450,57.00000000,1
1531161519760,1531161519756,1046042,0.00002451,404.00000000,0
1531161520019,1531161520013,1046043,0.00002451,329.00000000,0
1531161520019,1531161520013,1046044,0.00002452,74.00000000,0
1531161619350,1531161619346,1046045,0.00002452,86.00000000,0
1531161661453,1531161661449,1046046,0.00002457,397.00000000,1
1531161680232,1531161680231,1046047,0.00002455,1456.00000000,1
1531161681731,1531161681727,1046048,0.00002455,609.00000000,1
1531161681776,1531161681775,1046049,0.00002455,995.00000000,1
1531161707481,1531161707479,1046050,0.00002457,75.00000000,0
1531161785194,1531161785189,1046051,0.00002460,453.00000000,0
1531161785194,1531161785189,1046052,0.00002462,589.00000000,0
1531161785194,1531161785189,1046053,0.00002463,440.00000000,0
1531161830148,1531161830144,1046054,0.00002466,43.00000000,0
1531161830171,1531161830168,1046055,0.00002470,41.00000000,1
1531161840244,1531161840239,1046056,0.00002470,45.00000000,1
1531161859171,1531161859167,1046057,0.00002466,45.00000000,1
1531161947530,1531161947527,1046058,0.00002467,50.00000000,1
1531162043392,1531162043387,1046059,0.00002468,41.00000000,1
1531162105795,1531162105790,1046060,0.00002466,233.00000000,1
1531162183224,1531162183220,1046061,0.00002466,64.00000000,1
1531162183224,1531162183220,1046062,0.00002465,13436.00000000,1
1531162185327,1531162185323,1046063,0.00002465,90.00000000,1
1531162188205,1531162188202,1046064,0.00002462,37.00000000,1
1531162244039,1531162244034,1046065,0.00002455,1393.00000000,1
1531162263004,1531162263000,1046066,0.00002459,3000.00000000,0
1531162267858,1531162267854,1046067,0.00002458,608.00000000,0
1531162362554,1531162362550,1046068,0.00002451,2114.00000000,1
1531162388138,1531162388134,1046069,0.00002451,1000.00000000,1
1531162412204,1531162412199,1046070,0.00002457,524.00000000,0
1531162412214,1531162412209,1046071,0.00002457,523.00000000,0
1531162415316,1531162415311,1046072,0.00002451,523.00000000,1
1531162436089,1531162436084,1046073,0.00002457,282.00000000,0
1531162436089,1531162436084,1046074,0.00002459,125.00000000,0
1531162508040,1531162508036,1046075,0.00002451,586.00000000,1
1531162571493,1531162571488,1046076,0.00002451,585.00000000,1
1531162585934,1531162585929,1046077,0.00002456,305.00000000,0
1531162594469,1531162594464,1046078,0.00002455,571.00000000,0
1531162596323,1531162596319,1046079,0.00002455,482.00000000,0
1531162621386,1531162621383,1046080,0.00002451,996.00000000,1
1531162638379,1531162638374,1046081,0.00002451,747.00000000,1
1531162644009,1531162644004,1046082,0.00002451,83.00000000,1
1531162688862,1531162688856,1046083,0.00002453,50.00000000,0
1531162688862,1531162688856,1046084,0.00002454,757.00000000,0
1531162689078,1531162689073,1046085,0.00002454,339.00000000,0
1531162689078,1531162689073,1046086,0.00002456,2433.00000000,0
1531162689837,1531162689831,1046087,0.00002459,232.00000000,0
1531162689976,1531162689969,1046088,0.00002459,114.00000000,0
1531162689976,1531162689969,1046089,0.00002462,88.00000000,0
1531162689976,1531162689969,1046090,0.00002465,1146.00000000,0
1531162690107,1531162690104,1046091,0.00002465,1616.00000000,0
1531162690653,1531162690648,1046092,0.00002465,126.00000000,0
1531162701334,1531162701329,1046093,0.00002454,280.00000000,1
1531162886220,1531162886216,1046094,0.00002455,254.00000000,1
1531162938394,1531162938390,1046095,0.00002447,2219.00000000,1
1531163188497,1531163188492,1046096,0.00002455,50.00000000,0
1531163219664,1531163219660,1046097,0.00002447,1544.00000000,1
1531163220946,1531163220941,1046098,0.00002447,581.00000000,0
1531163222365,1531163222359,1046099,0.00002447,42.00000000,0
1531163223870,1531163223864,1046100,0.00002446,46.00000000,1
1531163223910,1531163223904,1046101,0.00002446,43.00000000,0
1531163223929,1531163223923,1046102,0.00002446,165.00000000,0
1531163223929,1531163223923,1046103,0.00002447,42.00000000,0
1531163242096,1531163242090,1046104,0.00002445,2557.00000000,1
1531163287231,1531163287225,1046105,0.00002445,2340.00000000,1
1531163309759,1531163309755,1046106,0.00002442,186.00000000,1
1531163326413,1531163326408,1046107,0.00002442,51.00000000,1
1531163327606,1531163327601,1046108,0.00002445,109.00000000,0
1531163437657,1531163437650,1046109,0.00002445,1.00000000,0
1531163599150,1531163599144,1046110,0.00002451,184.00000000,0
1531163599166,1531163599159,1046111,0.00002451,155.00000000,0
1531163631850,1531163631845,1046112,0.00002453,125.00000000,1
1531163734434,1531163734429,1046113,0.00002453,347.00000000,1
1531163734460,1531163734454,1046114,0.00002446,257.00000000,1
1531163734980,1531163734974,1046115,0.00002445,205.00000000,1
1531163795066,1531163795061,1046116,0.00002448,346.00000000,0
1531163795073,1531163795068,1046117,0.00002448,1.00000000,0
1531163795073,1531163795068,1046118,0.00002451,339.00000000,0
1531163795073,1531163795068,1046119,0.00002456,7.00000000,0
1531163825951,1531163825949,1046120,0.00002449,339.00000000,1
1531163825951,1531163825949,1046121,0.00002445,932.00000000,1
1531163829651,1531163829646,1046122,0.00002458,338.00000000,0
1531163829657,1531163829653,1046123,0.00002462,288.00000000,0
1531163829667,1531163829663,1046124,0.00002462,3185.00000000,0
1531163829667,1531163829663,1046125,0.00002465,759.00000000,0
1531163829675,1531163829671,1046126,0.00002465,154.00000000,0
1531163829816,1531163829810,1046127,0.00002447,204.00000000,1
1531163829816,1531163829810,1046128,0.00002446,136.00000000,1
1531163897023,1531163897017,1046129,0.00002445,129.00000000,1
1531163900294,1531163900288,1046130,0.00002445,119.00000000,0
1531164125672,1531164125666,1046131,0.00002448,216.00000000,0
1531164125674,1531164125669,1046132,0.00002448,123.00000000,0
1531164125674,1531164125669,1046133,0.00002460,457.00000000,0
1531164126223,1531164126219,1046134,0.00002460,166.00000000,0
1531164126450,1531164126444,1046135,0.00002460,271.00000000,0
1531164126677,1531164126672,1046136,0.00002460,341.00000000,0
1531164199663,1531164199657,1046137,0.00002449,203.00000000,1
1531164251789,1531164251785,1046138,0.00002449,43.00000000,1
1531164446115,1531164446109,1046139,0.00002449,93.00000000,1
1531164446115,1531164446109,1046140,0.00002448,339.00000000,1
1531164446115,1531164446109,1046141,0.00002444,2422.00000000,1
1531164536456,1531164536450,1046142,0.00002450,2573.00000000,0
1531164536460,1531164536455,1046143,0.00002450,4.00000000,0
1531164536460,1531164536455,1046144,0.00002452,339.00000000,0
1531164536499,1531164536493,1046145,0.00002459,136.00000000,0
1531164536499,1531164536493,1046146,0.00002460,207.00000000,0
1531164539674,1531164539669,1046147,0.00002460,406.00000000,0
1531164540683,1531164540677,1046148,0.00002460,406.00000000,0
1531164540742,1531164540740,1046149,0.00002460,407.00000000,0
1531164541692,1531164541686,1046150,0.00002460,406.00000000,0
1531164542690,1531164542686,1046151,0.00002460,406.00000000,0
1531164549315,1531164549309,1046152,0.00002460,108.00000000,0
1531164549323,1531164549318,1046153,0.00002460,605.00000000,0
1531164597899,1531164597894,1046154,0.00002456,939.00000000,1
1531164607160,1531164607155,1046155,0.00002458,192.00000000,1
1531164662223,1531164662217,1046156,0.00002458,736.00000000,1
1531164662249,1531164662245,1046157,0.00002458,47.00000000,0
1531164662343,1531164662340,1046158,0.00002458,87.00000000,0
1531164685208,1531164685201,1046159,0.00002456,264.00000000,1
1531164741000,1531164740995,1046160,0.00002458,367.00000000,1
1531164741028,1531164741026,1046161,0.00002458,337.00000000,0
1531164765759,1531164765755,1046162,0.00002460,1.00000000,0
1531164770096,1531164770090,1046163,0.00002463,150.00000000,0
1531164774600,1531164774597,1046164,0.00002463,68.00000000,0
1531164925129,1531164925128,1046165,0.00002463,1956.00000000,0
1531165048525,1531165048523,1046166,0.00002460,141.00000000,1
1531165151163,1531165151159,1046167,0.00002460,45.00000000,0
1531165160570,1531165160563,1046168,0.00002458,424.00000000,1
1531165217214,1531165217208,1046169,0.00002456,618.00000000,1
1531165244008,1531165244002,1046170,0.00002452,339.00000000,1
1531165244008,1531165244002,1046171,0.00002450,661.00000000,1
1531165316759,1531165316757,1046172,0.00002456,61.00000000,0
1531165576943,1531165576939,1046173,0.00002451,300.00000000,0
1531165705889,1531165705883,1046174,0.00002450,270.00000000,1
1531165733589,1531165733587,1046175,0.00002450,187.00000000,1
1531165734563,1531165734556,1046176,0.00002450,374.00000000,1
1531165866057,1531165866050,1046177,0.00002450,174.00000000,0
1531165927520,1531165927513,1046178,0.00002448,478.00000000,1
1531165927585,1531165927580,1046179,0.00002448,346.00000000,1
1531165927585,1531165927580,1046180,0.00002447,30.00000000,1
1531165927588,1531165927582,1046181,0.00002447,284.00000000,1
1531165972623,1531165972617,1046182,0.00002447,150.00000000,1
1531165984926,1531165984921,1046183,0.00002448,189.00000000,0
1531166023295,1531166023289,1046184,0.00002448,268.00000000,0
1531166172020,1531166172014,1046185,0.00002448,556.00000000,1
1531166259968,1531166259964,1046186,0.00002447,1446.00000000,1
1531166260080,1531166260074,1046187,0.00002447,913.00000000,0
1531166321971,1531166321965,1046188,0.00002447,1500.00000000,0
1531166395015,1531166395008,1046189,0.00002444,340.00000000,1
1531166395015,1531166395008,1046190,0.00002442,95.00000000,1
1531166395015,1531166395008,1046191,0.00002441,812.00000000,1
1531166436107,1531166436101,1046192,0.00002443,176.00000000,0
1531166437089,1531166437080,1046193,0.00002440,1428.00000000,1
1531166437089,1531166437080,1046194,0.00002439,340.00000000,1
1531166437089,1531166437080,1046195,0.00002436,3509.00000000,1
1531166437089,1531166437080,1046196,0.00002435,7112.00000000,1
1531166437089,1531166437080,1046197,0.00002434,7378.00000000,1
1531166437089,1531166437080,1046198,0.00002430,682.00000000,1
1531166437089,1531166437080,1046199,0.00002429,83.00000000,1
1531166437089,1531166437080,1046200,0.00002428,2346.00000000,1
1531166437089,1531166437080,1046201,0.00002426,782.00000000,1
1531166437458,1531166437452,1046202,0.00002442,567.00000000,0
1531166500486,1531166500481,1046203,0.00002431,42.00000000,1
1531166501098,1531166501093,1046204,0.00002431,42.00000000,0
1531166541487,1531166541479,1046205,0.00002439,2984.00000000,0
1531166541487,1531166541479,1046206,0.00002440,340.00000000,0
1531166541487,1531166541479,1046207,0.00002442,148.00000000,0
1531166541487,1531166541479,1046208,0.00002443,3600.00000000,0
1531166541487,1531166541479,1046209,0.00002444,782.00000000,0
1531166541487,1531166541479,1046210,0.00002447,7911.00000000,0
1531166605229,1531166605223,1046211,0.00002447,4935.00000000,1
1531166723558,1531166723552,1046212,0.00002451,136.00000000,0
1531166723558,1531166723552,1046213,0.00002453,19232.00000000,0
1531166724528,1531166724522,1046214,0.00002448,172.00000000,1
1531166924930,1531166924927,1046215,0.00002449,332.00000000,1
1531166929244,1531166929238,1046216,0.00002449,606.00000000,1
1531166945666,1531166945660,1046217,0.00002449,15.00000000,1
1531167008995,1531167008994,1046218,0.00002451,256.00000000,1
1531167034705,1531167034698,1046219,0.00002455,489.00000000,0
1531167214138,1531167214136,1046220,0.00002450,396.00000000,1
1531167225169,1531167225141,1046221,0.00002455,407.00000000,0
1531167305791,1531167305787,1046222,0.00002455,42.00000000,0
1531167305791,1531167305787,1046223,0.00002456,149.00000000,0
1531167312695,1531167312692,1046224,0.00002451,2692.00000000,1
1531167312758,1531167312755,1046225,0.00002451,15.00000000,1
1531167312782,1531167312775,1046226,0.00002451,170.00000000,1
1531167312791,1531167312785,1046227,0.00002451,168.00000000,1
1531167312806,1531167312800,1046228,0.00002451,118.00000000,1
1531167313348,1531167313342,1046229,0.00002451,2426.00000000,1
1531167313348,1531167313342,1046230,0.00002450,408.00000000,1
1531167313348,1531167313342,1046231,0.00002449,2755.00000000,1
1531167314247,1531167314241,1046232,0.00002449,337.00000000,1
1531167324323,1531167324319,1046233,0.00002449,2454.00000000,1
1531167338502,1531167338500,1046234,0.00002449,44.00000000,1
1531167339106,1531167339100,1046235,0.00002449,102.00000000,1
1531167349315,1531167349309,1046236,0.00002449,2294.00000000,1
1531167435196,1531167435190,1046237,0.00002449,658.00000000,1
1531167435898,1531167435893,1046238,0.00002448,1937.00000000,1
1531167436153,1531167436150,1046239,0.00002448,658.00000000,1
1531167437512,1531167437505,1046240,0.00002448,658.00000000,1
1531167438458,1531167438454,1046241,0.00002449,558.00000000,0
1531167441030,1531167441022,1046242,0.00002449,396.00000000,1
1531167441537,1531167441532,1046243,0.00002449,396.00000000,1
1531167494243,1531167494239,1046244,0.00002453,339.00000000,0
1531167494243,1531167494239,1046245,0.00002455,68.00000000,0
1531167499401,1531167499399,1046246,0.00002449,1232.00000000,1
1531167499401,1531167499399,1046247,0.00002448,4792.00000000,1
1531167499499,1531167499498,1046248,0.00002448,658.00000000,1
1531167501108,1531167501101,1046249,0.00002449,3000.00000000,1
1531167501620,1531167501616,1046250,0.00002449,657.00000000,1
1531167502159,1531167502153,1046251,0.00002449,102.00000000,1
1531167570905,1531167570898,1046252,0.00002449,1000.00000000,1
1531167574648,1531167574642,1046253,0.00002449,105.00000000,0
1531167618315,1531167618312,1046254,0.00002449,1349.00000000,0
1531167625571,1531167625565,1046255,0.00002449,3.00000000,1
1531167630286,1531167630280,1046256,0.00002449,2303.00000000,1
1531167633094,1531167633088,1046257,0.00002448,221.00000000,1
1531167677973,1531167677967,1046258,0.00002448,11543.00000000,1
1531167838841,1531167838834,1046259,0.00002448,326.00000000,1
1531167923419,1531167923414,1046260,0.00002448,4106.00000000,1
1531167982920,1531167982914,1046261,0.00002448,887.00000000,1
1531168018110,1531168018104,1046262,0.00002448,274.00000000,1
1531168150784,1531168150778,1046263,0.00002448,15514.00000000,1
1531168205497,1531168205491,1046264,0.00002448,12025.00000000,0
1531168255357,1531168255352,1046265,0.00002447,222.00000000,1
1531168349515,1531168349510,1046266,0.00002454,325.00000000,0
1531168349516,1531168349510,1046267,0.00002455,175.00000000,0
1531168452490,1531168452485,1046268,0.00002447,86.00000000,1
1531168453173,1531168453172,1046269,0.00002447,1136.00000000,1
1531168453215,1531168453212,1046270,0.00002447,86.00000000,1
1531168453336,1531168453331,1046271,0.00002447,1050.00000000,1
1531168454185,1531168454179,1046272,0.00002447,86.00000000,1
1531168455108,1531168455102,1046273,0.00002453,157.00000000,0
1531168523166,1531168523160,1046274,0.00002448,6395.00000000,0
1531168539473,1531168539467,1046275,0.00002447,81.00000000,1
1531168609354,1531168609352,1046276,0.00002448,100.00000000,0
1531168650231,1531168650225,1046277,0.00002447,2997.00000000,1
1531168712506,1531168712501,1046278,0.00002447,299.00000000,1
1531168733351,1531168733345,1046279,0.00002447,4834.00000000,1
1531168774728,1531168774724,1046280,0.00002447,9461.00000000,1
1531168787236,1531168787231,1046281,0.00002447,1235.00000000,1
1531168795211,1531168795206,1046282,0.00002447,1180.00000000,1
1531168804069,1531168804063,1046283,0.00002447,4565.00000000,1
1531168806169,1531168806162,1046284,0.00002447,1202.00000000,1
1531168818631,1531168818627,1046285,0.00002447,1024.00000000,1
1531168833371,1531168833370,1046286,0.00002447,1387.00000000,1
1531168837936,1531168837930,1046287,0.00002447,500.00000000,1
1531168847302,1531168847297,1046288,0.00002447,1348.00000000,1
1531168858417,1531168855081,1046289,0.00002447,269.00000000,1
1531168859090,1531168859083,1046290,0.00002447,515.00000000,1
1531168877087,1531168877081,1046291,0.00002448,131.00000000,0
1531168915871,1531168915865,1046292,0.00002447,407.00000000,1
1531168973235,1531168973229,1046293,0.00002447,152.00000000,1
1531169061608,1531169061603,1046294,0.00002448,120.00000000,0
1531169139243,1531169139237,1046295,0.00002448,50.00000000,0
1531169250397,1531169250391,1046296,0.00002448,842.00000000,0
1531169357499,1531169357494,1046297,0.00002447,2588.00000000,1
1531169363835,1531169363830,1046298,0.00002447,2384.00000000,1
1531169363855,1531169363849,1046299,0.00002447,1471.00000000,1
1531169363903,1531169363900,1046300,0.00002447,1226.00000000,1
1531169364074,1531169364068,1046301,0.00002447,3000.00000000,1
1531169369046,1531169369042,1046302,0.00002447,2037.00000000,1
1531169374413,1531169374406,1046303,0.00002447,4693.00000000,1
1531169377232,1531169377226,1046304,0.00002447,306.00000000,1
1531169415580,1531169415574,1046305,0.00002447,744.00000000,1
1531169426624,1531169426618,1046306,0.00002447,59.00000000,1
1531169609333,1531169609328,1046307,0.00002441,135.00000000,1
1531169613537,1531169613531,1046308,0.00002441,191.00000000,1
1531169626786,1531169626782,1046309,0.00002447,41.00000000,0
1531169628383,1531169628377,1046310,0.00002441,1.00000000,1
1531169628383,1531169628377,1046311,0.00002425,622.00000000,1
1531169628974,1531169628969,1046312,0.00002447,41.00000000,0
1531169645725,1531169645719,1046313,0.00002443,41.00000000,0
1531169888248,1531169888242,1046314,0.00002431,185.00000000,1
1531169943499,1531169943493,1046315,0.00002435,379.00000000,0
1531169947099,1531169947093,1046316,0.00002432,146.00000000,1
1531169947128,1531169947122,1046317,0.00002431,847.00000000,0
1531169948892,1531169948887,1046318,0.00002431,61.00000000,0
1531170136622,1531170136616,1046319,0.00002432,82.00000000,1
1531170136622,1531170136616,1046320,0.00002430,328.00000000,1
1531170136622,1531170136616,1046321,0.00002425,6670.00000000,1
1531170136622,1531170136616,1046322,0.00002423,53.00000000,1
1531170136622,1531170136616,1046323,0.00002421,56.00000000,1
1531170136622,1531170136616,1046324,0.00002420,625.00000000,1
1531170138188,1531170138184,1046325,0.00002439,11.00000000,0
1531170211091,1531170211086,1046326,0.00002426,105.00000000,1
1531170245134,1531170245130,1046327,0.00002431,105.00000000,0
1531170253468,1531170253462,1046328,0.00002432,49.00000000,0
1531170255405,1531170255399,1046329,0.00002432,2.00000000,0
1531170285608,1531170285603,1046330,0.00002432,124.00000000,1
1531170310578,1531170310572,1046331,0.00002434,48.00000000,1
1531170312311,1531170312304,1046332,0.00002446,326.00000000,0
1531170312311,1531170312304,1046333,0.00002448,179.00000000,0
1531170312311,1531170312304,1046334,0.00002453,535.00000000,0
1531170312581,1531170312575,1046335,0.00002446,48.00000000,1
1531170324595,1531170324589,1046336,0.00002446,93.00000000,1
1531170330511,1531170330505,1046337,0.00002438,190.00000000,1
1531170348115,1531170348108,1046338,0.00002438,137.00000000,1
1531170362792,1531170362785,1046339,0.00002432,364.00000000,1
1531170569232,1531170569226,1046340,0.00002432,168.00000000,1
1531170575222,1531170575216,1046341,0.00002432,2176.00000000,1
1531170606387,1531170606381,1046342,0.00002432,650.00000000,1
1531170612413,1531170612407,1046343,0.00002438,195.00000000,0
1531170901053,1531170901048,1046344,0.00002438,3009.00000000,0
1531170981429,1531170981421,1046345,0.00002432,1803.00000000,1
1531170981429,1531170981421,1046346,0.00002429,328.00000000,1
1531170981429,1531170981421,1046347,0.00002421,246.00000000,1
1531170981429,1531170981421,1046348,0.00002420,431.00000000,1
1531170981429,1531170981421,1046349,0.00002418,392.00000000,1
1531171189040,1531171189034,1046350,0.00002421,278.00000000,1
1531171189040,1531171189034,1046351,0.00002420,247.00000000,1
1531171189040,1531171189034,1046352,0.00002418,1125.00000000,1
1531171207193,1531171207187,1046353,0.00002431,182.00000000,0
1531171209680,1531171209676,1046354,0.00002418,4515.00000000,1
1531171215699,1531171215694,1046355,0.00002418,712.00000000,1
1531171215705,1531171215701,1046356,0.00002418,712.00000000,1
1531171249075,1531171249065,1046357,0.00002431,96.00000000,0
1531171249075,1531171249065,1046358,0.00002432,246.00000000,0
1531171249075,1531171249065,1046359,0.00002433,328.00000000,0
1531171249075,1531171249065,1046360,0.00002442,409.00000000,0
1531171249075,1531171249065,1046361,0.00002455,151.00000000,0
1531171249075,1531171249065,1046362,0.00002456,162.00000000,0
1531171249075,1531171249065,1046363,0.00002457,136.00000000,0
1531171249075,1531171249065,1046364,0.00002459,5706.00000000,0
1531171249075,1531171249065,1046365,0.00002460,2300.00000000,0
1531171249075,1531171249065,1046366,0.00002466,222.00000000,0
1531171249075,1531171249065,1046367,0.00002467,287.00000000,0
1531171249075,1531171249065,1046368,0.00002468,98.00000000,0
1531171249075,1531171249065,1046369,0.00002472,407.00000000,0
1531171249075,1531171249065,1046370,0.00002479,140.00000000,0
1531171249075,1531171249065,1046371,0.00002481,149.00000000,0
1531171249075,1531171249065,1046372,0.00002485,450.00000000,0
1531171249075,1531171249065,1046373,0.00002487,2809.00000000,0
1531171249075,1531171249065,1046374,0.00002490,939.00000000,0
1531171249075,1531171249065,1046375,0.00002495,2247.00000000,0
1531171249075,1531171249065,1046376,0.00002497,416.00000000,0
1531171249075,1531171249065,1046377,0.00002498,277.00000000,0
1531171249183,1531171249178,1046378,0.00002448,203.00000000,0
1531171249467,1531171249462,1046379,0.00002441,244.00000000,1
1531171249665,1531171249660,1046380,0.00002441,157.00000000,0
1531171249738,1531171249734,1046381,0.00002441,63.00000000,0
1531171249752,1531171249747,1046382,0.00002441,152.00000000,0
1531171264971,1531171264965,1046383,0.00002438,117.00000000,1
1531171344736,1531171344733,1046384,0.00002435,257.00000000,1
1531171344736,1531171344733,1046385,0.00002433,328.00000000,1
1531171344736,1531171344733,1046386,0.00002431,75.00000000,1
1531171345172,1531171345168,1046387,0.00002431,205.00000000,1
1531171347893,1531171347887,1046388,0.00002431,3000.00000000,1
1531171349652,1531171349648,1046389,0.00002431,242.00000000,1
1531171349652,1531171349648,1046390,0.00002430,409.00000000,1
1531171349652,1531171349648,1046391,0.00002429,409.00000000,1
1531171349652,1531171349648,1046392,0.00002428,83.00000000,1
1531171349652,1531171349648,1046393,0.00002420,52.00000000,1
1531171408294,1531171408290,1046394,0.00002420,42.00000000,1
1531171431745,1531171431741,1046395,0.00002424,244.00000000,0
1531171512855,1531171512850,1046396,0.00002424,124.00000000,1
1531171538461,1531171538455,1046397,0.00002424,257.00000000,1
1531171664397,1531171664393,1046398,0.00002424,11.00000000,1
1531172023753,1531172023748,1046399,0.00002424,76.00000000,1
1531172023753,1531172023748,1046400,0.00002420,4.00000000,1
1531172023753,1531172023748,1046401,0.00002416,182.00000000,1
1531172023753,1531172023748,1046402,0.00002415,65.00000000,1
1531172023754,1531172023748,1046403,0.00002415,1509.00000000,1
1531172023754,1531172023748,1046404,0.00002414,42.00000000,1
1531172023754,1531172023748,1046405,0.00002413,497.00000000,1
1531172024687,1531172024683,1046406,0.00002413,203.00000000,1
1531172025740,1531172025735,1046407,0.00002413,1.00000000,1
1531172055030,1531172054995,1046408,0.00002413,138.00000000,0
1531172055673,1531172055669,1046409,0.00002412,63.00000000,1
1531172056776,1531172056773,1046410,0.00002412,157.00000000,1
1531172057394,1531172057392,1046411,0.00002412,152.00000000,1
1531172057467,1531172057463,1046412,0.00002412,118.00000000,1
1531172058255,1531172058251,1046413,0.00002413,1106.00000000,0
1531172064221,1531172064217,1046414,0.00002421,141.00000000,0
1531172071758,1531172071752,1046415,0.00002421,619.00000000,0
1531172073838,1531172073834,1046416,0.00002421,40.00000000,0
1531172076093,1531172076089,1046417,0.00002413,42.00000000,1
1531172085490,1531172085485,1046418,0.00002413,141.00000000,1
1531172094951,1531172094947,1046419,0.00002414,84.00000000,1
1531172095310,1531172095306,1046420,0.00002414,42.00000000,1
1531172124767,1531172124763,1046421,0.00002418,3568.00000000,0
1531172138140,1531172138135,1046422,0.00002419,454.00000000,0
1531172167991,1531172167988,1046423,0.00002426,489.00000000,0
1531172168018,1531172168016,1046424,0.00002426,249.00000000,1
1531172253640,1531172253637,1046425,0.00002431,293.00000000,1
1531172268143,1531172268139,1046426,0.00002426,166.00000000,1
1531172322768,1531172322764,1046427,0.00002426,1243.00000000,1
1531172388818,1531172388814,1046428,0.00002433,56.00000000,0
1531172459187,1531172459184,1046429,0.00002426,365.00000000,1
1531172472081,1531172472077,1046430,0.00002426,165.00000000,1
1531172497412,1531172497408,1046431,0.00002426,188.00000000,1
1531172497412,1531172497408,1046432,0.00002423,329.00000000,1
1531172497412,1531172497408,1046433,0.00002421,143.00000000,1
1531172498797,1531172498792,1046434,0.00002421,40.00000000,1
1531172617716,1531172617712,1046435,0.00002422,78.00000000,1
1531172705956,1531172705953,1046436,0.00002422,57.00000000,0
1531172747964,1531172747960,1046437,0.00002421,420.00000000,1
1531172834749,1531172834746,1046438,0.00002428,329.00000000,0
1531172869307,1531172869303,1046439,0.00002428,3.00000000,1
1531173412878,1531173412875,1046440,0.00002429,82.00000000,1
1531173507699,1531173507695,1046441,0.00002432,78.00000000,0
1531173507699,1531173507695,1046442,0.00002436,373.00000000,0
1531173507699,1531173507695,1046443,0.00002437,295.00000000,0
1531173567619,1531173567615,1046444,0.00002431,47.00000000,1
1531173567619,1531173567615,1046445,0.00002429,48.00000000,1
1531173689741,1531173689739,1046446,0.00002439,83.00000000,0
1531173750550,1531173750548,1046447,0.00002443,46.00000000,0
1531173752074,1531173752071,1046448,0.00002443,390.00000000,1
1531173841807,1531173841806,1046449,0.00002443,1.00000000,1
1531173841807,1531173841806,1046450,0.00002440,677.00000000,1
1531173843073,1531173843071,1046451,0.00002440,676.00000000,1
1531173850715,1531173850712,1046452,0.00002445,41.00000000,0
1531173878586,1531173878583,1046453,0.00002440,297.00000000,1
1531173907489,1531173907486,1046454,0.00002442,454.00000000,0
1531173907489,1531173907486,1046455,0.00002443,3547.00000000,0
1531173931848,1531173931846,1046456,0.00002443,166.00000000,1
1531173966712,1531173966709,1046457,0.00002445,215.00000000,0
1531173980125,1531173980120,1046458,0.00002445,695.00000000,0
1531174103499,1531174103497,1046459,0.00002446,117.00000000,0
1531174103765,1531174103763,1046460,0.00002446,258.00000000,1
1531174108308,1531174108304,1046461,0.00002446,198.00000000,1
1531174121388,1531174121384,1046462,0.00002449,136.00000000,0
1531174121388,1531174121384,1046463,0.00002451,325.00000000,0
1531174121388,1531174121384,1046464,0.00002465,82.00000000,0
1531174121388,1531174121384,1046465,0.00002467,158.00000000,0
1531174121550,1531174121548,1046466,0.00002467,99.00000000,0
1531174144159,1531174144157,1046467,0.00002451,262.00000000,1
1531174176231,1531174176229,1046468,0.00002457,201.00000000,0
1531174176420,1531174176417,1046469,0.00002457,599.00000000,1
1531174176945,1531174176942,1046470,0.00002457,1.00000000,1
1531174196712,1531174196701,1046471,0.00002456,262.00000000,0
1531174196712,1531174196701,1046472,0.00002457,488.00000000,0
1531174196712,1531174196701,1046473,0.00002461,3000.00000000,0
1531174196712,1531174196701,1046474,0.00002462,324.00000000,0
1531174196712,1531174196701,1046475,0.00002467,2032.00000000,0
1531174196712,1531174196701,1046476,0.00002469,43.00000000,0
1531174196712,1531174196701,1046477,0.00002473,149.00000000,0
1531174196712,1531174196701,1046478,0.00002482,41.00000000,0
1531174196712,1531174196701,1046479,0.00002485,500.00000000,0
1531174196712,1531174196701,1046480,0.00002487,336.00000000,0
1531174196712,1531174196701,1046481,0.00002490,3666.00000000,0
1531174196712,1531174196701,1046482,0.00002491,273.00000000,0
1531174196712,1531174196701,1046483,0.00002492,3045.00000000,0
1531174196712,1531174196701,1046484,0.00002493,1233.00000000,0
1531174196712,1531174196701,1046485,0.00002494,5979.00000000,0
1531174196712,1531174196701,1046486,0.00002495,3666.00000000,0
1531174196712,1531174196701,1046487,0.00002496,4485.00000000,0
1531174196712,1531174196701,1046488,0.00002497,4004.00000000,0
1531174196712,1531174196701,1046489,0.00002498,6266.00000000,0
1531174196712,1531174196701,1046490,0.00002499,26246.00000000,0
1531174196712,1531174196701,1046491,0.00002500,4088.00000000,0
1531174196712,1531174196701,1046492,0.00002503,235.00000000,0
1531174196712,1531174196701,1046493,0.00002504,40.00000000,0
1531174196712,1531174196701,1046494,0.00002505,3614.00000000,0
1531174196803,1531174196799,1046495,0.00002505,91.00000000,0
1531174197140,1531174197138,1046496,0.00002464,810.00000000,1
1531174197268,1531174197267,1046497,0.00002457,2.00000000,1
1531174197290,1531174197288,1046498,0.00002464,135.00000000,0
1531174197854,1531174197851,1046499,0.00002469,240.00000000,1
1531174197854,1531174197851,1046500,0.00002466,2148.00000000,1
1531174198054,1531174198050,1046501,0.00002467,61.00000000,1
1531174198054,1531174198050,1046502,0.00002466,43.00000000,1
1531174198629,1531174198626,1046503,0.00002467,153.00000000,1
1531174198629,1531174198626,1046504,0.00002466,197.00000000,1
1531174198629,1531174198626,1046505,0.00002464,130.00000000,1
1531174198910,1531174198908,1046506,0.00002464,431.00000000,1
1531174207261,1531174207256,1046507,0.00002457,2388.00000000,1
1531174219070,1531174219066,1046508,0.00002459,153.00000000,0
1531174219070,1531174219066,1046509,0.00002462,431.00000000,0
1531174219070,1531174219066,1046510,0.00002465,291.00000000,0
1531174219070,1531174219066,1046511,0.00002478,84.00000000,0
1531174221450,1531174221448,1046512,0.00002458,189.00000000,1
1531174224120,1531174224117,1046513,0.00002458,97.00000000,1
1531174224662,1531174224658,1046514,0.00002457,81.00000000,1
1531174236270,1531174236267,1046515,0.00002451,50.00000000,0
1531174241677,1531174241675,1046516,0.00002448,123.00000000,1
1531174255590,1531174255587,1046517,0.00002447,62.00000000,0
1531174255590,1531174255587,1046518,0.00002451,11.00000000,0
1531174255590,1531174255587,1046519,0.00002458,522.00000000,0
1531174255590,1531174255587,1046520,0.00002460,81.00000000,0
1531174255590,1531174255587,1046521,0.00002462,241.00000000,0
1531174255590,1531174255587,1046522,0.00002468,2046.00000000,0
1531174255590,1531174255587,1046523,0.00002470,142.00000000,0
1531174276349,1531174276347,1046524,0.00002460,48.00000000,0
1531174276349,1531174276347,1046525,0.00002468,452.00000000,0
1531174277882,1531174277880,1046526,0.00002470,2811.00000000,0
1531174298591,1531174298588,1046527,0.00002464,466.00000000,0
1531174339634,1531174339630,1046528,0.00002464,121.00000000,0
1531174339634,1531174339630,1046529,0.00002470,230.00000000,0
1531174351771,1531174351769,1046530,0.00002467,87.00000000,0
1531174356667,1531174356664,1046531,0.00002467,146.00000000,0
1531174356667,1531174356664,1046532,0.00002470,900.00000000,0
1531174357666,1531174357663,1046533,0.00002475,29.00000000,0
1531174360006,1531174360004,1046534,0.00002470,403.00000000,1
1531174360107,1531174360104,1046535,0.00002470,105.00000000,1
1531174360357,1531174360353,1046536,0.00002470,54.00000000,1
1531174371740,1531174371738,1046537,0.00002470,50.00000000,0
1531174385436,1531174385434,1046538,0.00002470,78.00000000,0
1531174385436,1531174385434,1046539,0.00002475,764.00000000,0
1531174388239,1531174388236,1046540,0.00002475,1253.00000000,0
1531174388859,1531174388857,1046541,0.00002475,418.00000000,1
1531174388975,1531174388973,1046542,0.00002476,211.00000000,1
1531174388985,1531174388983,1046543,0.00002476,211.00000000,1
1531174393177,1531174393174,1046544,0.00002477,100.00000000,1
1531174393177,1531174393174,1046545,0.00002476,63.00000000,1
1531174397286,1531174397282,1046546,0.00002476,19.00000000,1
1531174397286,1531174397282,1046547,0.00002467,32.00000000,1
1531174399956,1531174399953,1046548,0.00002468,134.00000000,1
1531174399956,1531174399953,1046549,0.00002467,90.00000000,1
1531174399956,1531174399953,1046550,0.00002457,181.00000000,1
1531174399956,1531174399953,1046551,0.00002455,3158.00000000,1
1531174407312,1531174407309,1046552,0.00002466,67.00000000,0
1531174407312,1531174407309,1046553,0.00002467,454.00000000,0
1531174408893,1531174408889,1046554,0.00002466,87.00000000,0
1531174408893,1531174408889,1046555,0.00002467,124.00000000,0
1531174408893,1531174408889,1046556,0.00002469,181.00000000,0
1531174408893,1531174408889,1046557,0.00002475,1994.00000000,0
1531174416252,1531174416248,1046558,0.00002467,731.00000000,1
1531174448352,1531174448350,1046559,0.00002465,549.00000000,1
1531174448352,1531174448350,1046560,0.00002461,763.00000000,1
1531174457399,1531174457397,1046561,0.00002463,251.00000000,1
1531174460017,1531174460015,1046562,0.00002463,569.00000000,1
1531174476532,1531174476527,1046563,0.00002463,397.00000000,1
1531174476532,1531174476527,1046564,0.00002457,244.00000000,1
1531174503481,1531174503479,1046565,0.00002466,50.00000000,0
1531174538876,1531174538874,1046566,0.00002463,81.00000000,0
1531174555138,1531174555134,1046567,0.00002452,52.00000000,1
1531174555138,1531174555134,1046568,0.00002449,289.00000000,1
1531174569167,1531174569165,1046569,0.00002449,932.00000000,1
1531174575851,1531174575848,1046570,0.00002449,285.00000000,1
1531174575852,1531174575848,1046571,0.00002448,56.00000000,1
1531174602847,1531174602845,1046572,0.00002448,454.00000000,1
1531174644874,1531174644871,1046573,0.00002448,965.00000000,1
1531174668099,1531174668096,1046574,0.00002448,309.00000000,1
1531174668099,1531174668096,1046575,0.00002444,385.00000000,1
1531174684577,1531174684574,1046576,0.00002443,148.00000000,1
1531174704927,1531174704923,1046577,0.00002440,242.00000000,1
1531174725524,1531174725522,1046578,0.00002436,258.00000000,1
1531174780571,1531174780568,1046579,0.00002436,42.00000000,1
1531174887434,1531174887431,1046580,0.00002437,233.00000000,1
1531174890461,1531174890460,1046581,0.00002436,347.00000000,1
1531174927035,1531174927033,1046582,0.00002440,584.00000000,0
1531175044666,1531175044662,1046583,0.00002440,418.00000000,0
1531175154509,1531175154508,1046584,0.00002441,50.00000000,0
1531175207635,1531175207633,1046585,0.00002441,151.00000000,0
1531175361850,1531175361847,1046586,0.00002440,200.00000000,1
1531175361850,1531175361847,1046587,0.00002436,8.00000000,1
1531175361850,1531175361847,1046588,0.00002433,454.00000000,1
1531175361850,1531175361847,1046589,0.00002431,82.00000000,1
1531175361850,1531175361847,1046590,0.00002428,340.00000000,1
1531175363160,1531175363158,1046591,0.00002445,2.00000000,0
1531175428191,1531175428188,1046592,0.00002436,42.00000000,1
1531175449155,1531175449153,1046593,0.00002436,42.00000000,1
1531175468771,1531175468768,1046594,0.00002436,100.00000000,1
1531175512889,1531175512887,1046595,0.00002443,1.00000000,0
1531175665194,1531175665192,1046596,0.00002436,1147.00000000,1
1531175665211,1531175665210,1046597,0.00002436,104.00000000,0
1531175665219,1531175665216,1046598,0.00002436,104.00000000,0
1531175665244,1531175665243,1046599,0.00002436,249.00000000,0
1531175665409,1531175665405,1046600,0.00002436,419.00000000,1
1531175665409,1531175665405,1046601,0.00002434,458.00000000,1
1531175665409,1531175665405,1046602,0.00002427,83.00000000,1
1531175665409,1531175665405,1046603,0.00002426,182.00000000,1
1531175665409,1531175665405,1046604,0.00002423,5.00000000,1
1531175665979,1531175665976,1046605,0.00002423,63.00000000,1
1531175666442,1531175666439,1046606,0.00002435,174.00000000,0
1531175666600,1531175666599,1046607,0.00002424,174.00000000,1
1531175666600,1531175666599,1046608,0.00002423,260.00000000,1
1531175672879,1531175672876,1046609,0.00002431,56.00000000,0
1531175710696,1531175710695,1046610,0.00002423,42.00000000,1
1531175776334,1531175776332,1046611,0.00002419,42.00000000,1
1531175776334,1531175776332,1046612,0.00002418,198.00000000,1
1531175777943,1531175777939,1046613,0.00002422,810.00000000,0
1531175778650,1531175778648,1046614,0.00002418,1.00000000,1
1531175778722,1531175778720,1046615,0.00002424,84.00000000,0
1531175821440,1531175821437,1046616,0.00002420,262.00000000,1
1531175821440,1531175821437,1046617,0.00002418,43.00000000,1
1531175821440,1531175821437,1046618,0.00002417,330.00000000,1
1531175821440,1531175821437,1046619,0.00002416,1197.00000000,1
1531175833963,1531175833961,1046620,0.00002418,42.00000000,1
1531175863121,1531175863120,1046621,0.00002423,45.00000000,0
1531175931760,1531175931758,1046622,0.00002418,59.00000000,1
1531175931760,1531175931758,1046623,0.00002417,368.00000000,1
1531175931760,1531175931758,1046624,0.00002416,22.00000000,1
1531175950039,1531175950036,1046625,0.00002423,1.00000000,0
1531175965841,1531175965834,1046626,0.00002439,262.00000000,0
1531175965841,1531175965834,1046627,0.00002440,165.00000000,0
1531175987958,1531175987954,1046628,0.00002440,77.00000000,0
1531175987958,1531175987954,1046629,0.00002443,46.00000000,0
1531175996118,1531175996117,1046630,0.00002426,1.00000000,1
1531175997504,1531175997502,1046631,0.00002425,1.00000000,1
1531176109127,1531176109125,1046632,0.00002428,282.00000000,1
1531176109127,1531176109125,1046633,0.00002427,329.00000000,1
1531176109127,1531176109125,1046634,0.00002425,163.00000000,1
1531176109127,1531176109125,1046635,0.00002417,244.00000000,1
1531176109127,1531176109125,1046636,0.00002416,163.00000000,1
1531176109127,1531176109125,1046637,0.00002415,488.00000000,1
1531176146006,1531176146003,1046638,0.00002417,52.00000000,1
1531176168021,1531176168019,1046639,0.00002426,97.00000000,0
1531176194300,1531176194299,1046640,0.00002426,50.00000000,0
1531176302197,1531176302194,1046641,0.00002418,67.00000000,1
1531176302197,1531176302194,1046642,0.00002417,33.00000000,1
1531176310168,1531176310166,1046643,0.00002419,206.00000000,0
1531176328425,1531176328423,1046644,0.00002417,651.00000000,1
1531176328425,1531176328423,1046645,0.00002415,1907.00000000,1
1531176342013,1531176342012,1046646,0.00002416,1381.00000000,1
1531176423535,1531176423534,1046647,0.00002416,150.00000000,0
1531176429979,1531176429978,1046648,0.00002422,156.00000000,0
1531176431195,1531176431193,1046649,0.00002416,5.00000000,1
1531176431195,1531176431193,1046650,0.00002415,3605.00000000,1
1531176431195,1531176431193,1046651,0.00002414,3630.00000000,1
1531176431195,1531176431193,1046652,0.00002413,134.00000000,1
1531176514422,1531176514421,1046653,0.00002422,26.00000000,0
1531176710717,1531176710715,1046654,0.00002422,102.00000000,0
1531176848649,1531176848647,1046655,0.00002422,45.00000000,0
1531176888746,1531176888744,1046656,0.00002435,123.00000000,0
1531176952267,1531176952265,1046657,0.00002435,11.00000000,0
1531176966699,1531176966697,1046658,0.00002423,207.00000000,1
1531177039591,1531177039590,1046659,0.00002422,329.00000000,1
1531177039591,1531177039590,1046660,0.00002417,246.00000000,1
1531177039591,1531177039590,1046661,0.00002413,1014.00000000,1
1531177172376,1531177172376,1046662,0.00002417,162.00000000,1
1531177306204,1531177306204,1046663,0.00002417,168.00000000,1
1531177306204,1531177306204,1046664,0.00002413,475.00000000,1
1531177401803,1531177401803,1046665,0.00002425,460.00000000,0
1531177402939,1531177402937,1046666,0.00002425,115.00000000,0
1531177402939,1531177402937,1046667,0.00002435,164.00000000,0
1531177402939,1531177402937,1046668,0.00002439,207.00000000,0
1531177402939,1531177402937,1046669,0.00002440,163.00000000,0
1531177402939,1531177402937,1046670,0.00002443,76.00000000,0
1531177402939,1531177402937,1046671,0.00002445,240.00000000,0
1531177402939,1531177402937,1046672,0.00002448,193.00000000,0
1531177402939,1531177402937,1046673,0.00002449,265.00000000,0
1531177409978,1531177409979,1046674,0.00002459,15.00000000,0
1531177428352,1531177428350,1046675,0.00002442,327.00000000,1
1531177430194,1531177430194,1046676,0.00002443,244.00000000,1
1531177578085,1531177578086,1046677,0.00002447,9.00000000,0
1531177601086,1531177601086,1046678,0.00002435,340.00000000,1
1531177607411,1531177607412,1046679,0.00002435,111.00000000,1
1531177753619,1531177753621,1046680,0.00002455,343.00000000,0
1531177753636,1531177753637,1046681,0.00002455,64.00000000,1
1531177817098,1531177817099,1046682,0.00002455,71.00000000,1
1531177826596,1531177826597,1046683,0.00002437,49.00000000,1
1531177858217,1531177858218,1046684,0.00002446,246.00000000,1
1531177858217,1531177858218,1046685,0.00002436,285.00000000,1
1531177892352,1531177892354,1046686,0.00002436,206.00000000,1
1531177923992,1531177923992,1046687,0.00002450,8.00000000,0
1531178023114,1531178023117,1046688,0.00002447,26.00000000,0
1531178144888,1531178144890,1046689,0.00002435,9.00000000,0
1531178268659,1531178268661,1046690,0.00002422,265.00000000,1
1531178269391,1531178269394,1046691,0.00002422,2815.00000000,0
1531178269664,1531178269667,1046692,0.00002422,2747.00000000,0
1531178353862,1531178353866,1046693,0.00002422,61.00000000,1
1531178438531,1531178438536,1046694,0.00002422,16.00000000,0
1531178485947,1531178485950,1046695,0.00002415,123.00000000,1
1531178485993,1531178485998,1046696,0.00002413,293.00000000,1
1531178486000,1531178486004,1046697,0.00002413,166.00000000,1
1531178486035,1531178486040,1046698,0.00002413,1.00000000,1
1531178517263,1531178517267,1046699,0.00002413,1320.00000000,1
1531178569828,1531178569833,1046700,0.00002412,5682.00000000,1
1531178569828,1531178569833,1046701,0.00002411,1281.00000000,1
1531178622086,1531178622091,1046702,0.00002411,42.00000000,1
1531178689759,1531178689764,1046703,0.00002411,125.00000000,1
1531178762013,1531178762019,1046704,0.00002412,3300.00000000,1
1531178765417,1531178765422,1046705,0.00002420,330.00000000,0
1531178765417,1531178765422,1046706,0.00002436,83.00000000,0
1531178769072,1531178769077,1046707,0.00002436,96.00000000,0
1531178769072,1531178769077,1046708,0.00002457,317.00000000,0
1531178786793,1531178786797,1046709,0.00002415,624.00000000,1
1531178789713,1531178789718,1046710,0.00002426,245.00000000,1
1531178790132,1531178790136,1046711,0.00002428,244.00000000,1
1531178790951,1531178790957,1046712,0.00002427,245.00000000,1
1531178847992,1531178847997,1046713,0.00002427,205.00000000,0
1531179280660,1531179280666,1046714,0.00002414,297.00000000,1
1531179300649,1531179300654,1046715,0.00002412,656.00000000,1
1531179302766,1531179302772,1046716,0.00002411,624.00000000,1
1531179350769,1531179350774,1046717,0.00002412,1244.00000000,0
1531179350812,1531179350819,1046718,0.00002412,100.00000000,0
1531179351148,1531179351153,1046719,0.00002411,761.00000000,1
1531179352686,1531179352691,1046720,0.00002411,100.00000000,0
1531179354625,1531179354631,1046721,0.00002411,260.00000000,0
1531179357711,1531179357717,1046722,0.00002411,100.00000000,0
1531179386935,1531179386941,1046723,0.00002410,9.00000000,1
1531179391363,1531179391368,1046724,0.00002411,824.00000000,0
1531179394062,1531179394066,1046725,0.00002411,346.00000000,0
1531179527074,1531179527078,1046726,0.00002410,2495.00000000,1
1531179533638,1531179533644,1046727,0.00002411,3156.00000000,0
1531179561099,1531179561105,1046728,0.00002412,522.00000000,1
1531179573017,1531179573024,1046729,0.00002412,210.00000000,1
1531179576102,1531179576107,1046730,0.00002412,441.00000000,1
1531179576161,1531179576167,1046731,0.00002412,1.00000000,1
1531179621641,1531179621647,1046732,0.00002419,330.00000000,0
1531179643873,1531179643879,1046733,0.00002424,264.00000000,0
1531179699613,1531179699618,1046734,0.00002424,74.00000000,0
1531179713899,1531179713905,1046735,0.00002424,10.00000000,0
1531179730891,1531179730897,1046736,0.00002424,24.00000000,0
1531179832274,1531179832280,1046737,0.00002426,153.00000000,0
1531179893680,1531179893686,1046738,0.00002426,33.00000000,0
1531179931186,1531179931194,1046739,0.00002418,330.00000000,1
1531179931186,1531179931194,1046740,0.00002412,1466.00000000,1
1531179957188,1531179957194,1046741,0.00002415,278.00000000,1
1531179957188,1531179957194,1046742,0.00002413,331.00000000,1
1531179957188,1531179957194,1046743,0.00002411,1169.00000000,1
1531179957188,1531179957194,1046744,0.00002410,481.00000000,1
1531180180070,1531180180076,1046745,0.00002410,275.00000000,1
1531180186433,1531180186441,1046746,0.00002410,14.00000000,1
1531180216505,1531180216511,1046747,0.00002421,80.00000000,0
1531180289753,1531180289759,1046748,0.00002410,1000.00000000,1
1531180678000,1531180678007,1046749,0.00002421,1041.00000000,0
1531180678019,1531180678026,1046750,0.00002421,413.00000000,0
1531180678028,1531180678033,1046751,0.00002421,2207.00000000,0
1531180678066,1531180678073,1046752,0.00002423,329.00000000,0
1531180678158,1531180678165,1046753,0.00002427,2166.00000000,0
1531180687530,1531180687537,1046754,0.00002423,299.00000000,1
1531180751815,1531180751820,1046755,0.00002425,33.00000000,0
1531180799709,1531180799715,1046756,0.00002425,1743.00000000,0
1531180867598,1531180867604,1046757,0.00002425,25.00000000,0
1531180871936,1531180871941,1046758,0.00002423,337.00000000,1
1531180922746,1531180922750,1046759,0.00002423,278.00000000,1
1531180923316,1531180923323,1046760,0.00002421,23.00000000,1
1531180927596,1531180927602,1046761,0.00002421,1216.00000000,1
1531181003766,1531181003770,1046762,0.00002417,330.00000000,1
1531181011353,1531181011358,1046763,0.00002416,1203.00000000,1
1531181011431,1531181011436,1046764,0.00002416,712.00000000,1
1531181011520,1531181011525,1046765,0.00002414,606.00000000,1
1531181011520,1531181011525,1046766,0.00002411,97.00000000,1
1531181024563,1531181024569,1046767,0.00002411,3414.00000000,1
1531181067370,1531181067375,1046768,0.00002410,60.00000000,1
1531181096461,1531181096467,1046769,0.00002410,255.00000000,1
1531181103584,1531181103588,1046770,0.00002410,5844.00000000,1
1531181148712,1531181148715,1046771,0.00002409,428.00000000,1
1531181188990,1531181188994,1046772,0.00002409,42.00000000,1
1531181189488,1531181189492,1046773,0.00002409,42.00000000,1
1531181209991,1531181209996,1046774,0.00002409,42.00000000,1
1531181228541,1531181228546,1046775,0.00002409,1039.00000000,1
1531181228541,1531181228546,1046776,0.00002408,432.00000000,1
1531181237986,1531181237991,1046777,0.00002410,2034.00000000,0
1531181257055,1531181257060,1046778,0.00002408,492.00000000,1
1531181386447,1531181386450,1046779,0.00002409,271.00000000,0
1531181391855,1531181391859,1046780,0.00002407,2651.00000000,1
1531181394243,1531181394246,1046781,0.00002409,2488.00000000,0
1531181411635,1531181411640,1046782,0.00002409,98.00000000,0
1531181417113,1531181417118,1046783,0.00002406,3526.00000000,1
1531181432512,1531181432517,1046784,0.00002406,1790.00000000,1
1531181447892,1531181447896,1046785,0.00002406,241.00000000,1
1531181451526,1531181451529,1046786,0.00002406,84.00000000,0
1531181452711,1531181452715,1046787,0.00002405,5394.00000000,1
1531181452712,1531181452715,1046788,0.00002404,5051.00000000,1
1531181453366,1531181453370,1046789,0.00002409,330.00000000,0
1531181458182,1531181458186,1046790,0.00002404,2937.00000000,1
1531181463471,1531181463474,1046791,0.00002405,909.00000000,1
1531181463471,1531181463474,1046792,0.00002403,11242.00000000,1
1531181464843,1531181464847,1046793,0.00002408,46.00000000,0
1531181469990,1531181469994,1046794,0.00002406,181.00000000,0
1531181471089,1531181471093,1046795,0.00002405,324.00000000,0
1531181471089,1531181471093,1046796,0.00002406,603.00000000,0
1531181471154,1531181471159,1046797,0.00002406,822.00000000,0
1531181475753,1531181475756,1046798,0.00002411,784.00000000,0
1531181493667,1531181493669,1046799,0.00002404,205.00000000,1
1531181494628,1531181494630,1046800,0.00002404,141.00000000,1
1531181503901,1531181503902,1046801,0.00002404,131.00000000,1
1531181503901,1531181503902,1046802,0.00002403,909.00000000,1
1531181503901,1531181503902,1046803,0.00002402,248.00000000,1
1531181514301,1531181514303,1046804,0.00002402,5.00000000,1
1531181529969,1531181529971,1046805,0.00002404,1681.00000000,1
1531181529969,1531181529971,1046806,0.00002402,605.00000000,1
1531181563245,1531181563248,1046807,0.00002411,1.00000000,0
1531181625265,1531181625267,1046808,0.00002402,100.00000000,1
1531181657521,1531181657524,1046809,0.00002404,336.00000000,1
1531181657521,1531181657524,1046810,0.00002402,439.00000000,1
1531181657652,1531181657657,1046811,0.00002402,502.00000000,0
1531181729914,1531181729918,1046812,0.00002402,1.00000000,0
1531181729914,1531181729918,1046813,0.00002408,331.00000000,0
1531181729914,1531181729918,1046814,0.00002411,132.00000000,0
1531181908912,1531181908915,1046815,0.00002411,832.00000000,0
1531182015416,1531182015419,1046816,0.00002403,4.00000000,1
1531182027263,1531182027267,1046817,0.00002403,43.00000000,1
1531182027293,1531182027295,1046818,0.00002403,195.00000000,0
1531182027300,1531182027303,1046819,0.00002403,214.00000000,0
1531182060808,1531182060810,1046820,0.00002412,331.00000000,0
1531182060808,1531182060810,1046821,0.00002423,42.00000000,0
1531182060808,1531182060810,1046822,0.00002427,41.00000000,0
1531182062211,1531182062213,1046823,0.00002403,263.00000000,0
1531182062549,1531182062552,1046824,0.00002403,84.00000000,0
1531182065035,1531182065038,1046825,0.00002403,282.00000000,0
1531182074532,1531182074533,1046826,0.00002403,84.00000000,0
1531182078330,1531182078332,1046827,0.00002403,749.00000000,0
1531182352387,1531182352391,1046828,0.00002403,79.00000000,0
1531182359545,1531182359548,1046829,0.00002403,50.00000000,0
1531182717967,1531182717970,1046830,0.00002405,624.00000000,1
1531182733532,1531182733535,1046831,0.00002404,4510.00000000,1
1531182741950,1531182741951,1046832,0.00002402,60.00000000,1
1531182749312,1531182749313,1046833,0.00002402,54.00000000,1
1531182749512,1531182749514,1046834,0.00002402,49.00000000,0
1531182766152,1531182766155,1046835,0.00002401,5729.00000000,1
1531182766152,1531182766155,1046836,0.00002400,1770.00000000,1
1531182774365,1531182774365,1046837,0.00002402,112.00000000,0
1531182778289,1531182778291,1046838,0.00002401,46.00000000,0
1531182778653,1531182778656,1046839,0.00002401,45.00000000,0
1531182779118,1531182779119,1046840,0.00002400,488.00000000,1
1531182782169,1531182782170,1046841,0.00002401,412.00000000,0
1531182786827,1531182786829,1046842,0.00002401,6667.00000000,0
1531182786827,1531182786829,1046843,0.00002402,25.00000000,0
1531182786838,1531182786840,1046844,0.00002402,1.00000000,0
1531182815552,1531182815555,1046845,0.00002401,1249.00000000,1
1531182823871,1531182823873,1046846,0.00002400,43.00000000,1
1531183009959,1531183009958,1046847,0.00002400,4069.00000000,1
1531183022765,1531183022765,1046848,0.00002400,1153.00000000,1
1531183041222,1531183041224,1046849,0.00002400,1279.00000000,1
1531183136085,1531183136086,1046850,0.00002400,138.00000000,1
1531183136085,1531183136086,1046851,0.00002399,34.00000000,1
1531183212384,1531183212383,1046852,0.00002407,2.00000000,0
1531183230417,1531183230416,1046853,0.00002405,4.00000000,0
1531183247975,1531183247973,1046854,0.00002403,292.00000000,0
1531183247975,1531183247973,1046855,0.00002404,124.00000000,0
1531183503309,1531183503308,1046856,0.00002404,17.00000000,0
1531183504083,1531183504083,1046857,0.00002404,1938.00000000,0
1531183556876,1531183556876,1046858,0.00002400,8966.00000000,1
1531183573993,1531183573990,1046859,0.00002399,44.00000000,1
1531183573993,1531183573990,1046860,0.00002397,42.00000000,1
1531183573993,1531183573990,1046861,0.00002396,107.00000000,1
1531183589212,1531183589213,1046862,0.00002404,1.00000000,0
1531183744452,1531183744451,1046863,0.00002404,2.00000000,0
1531183776273,1531183776270,1046864,0.00002404,2043.00000000,0
1531183905443,1531183905443,1046865,0.00002404,80.00000000,0
1531183932156,1531183932155,1046866,0.00002404,427.00000000,0
1531183942967,1531183942964,1046867,0.00002400,978.00000000,1
1531184020568,1531184020567,1046868,0.00002404,587.00000000,0
1531184043848,1531184043847,1046869,0.00002404,118.00000000,0
1531184077739,1531184077737,1046870,0.00002404,827.00000000,0
1531184118844,1531184118842,1046871,0.00002404,86.00000000,0
1531184121555,1531184121554,1046872,0.00002400,372.00000000,1
1531184121555,1531184121554,1046873,0.00002396,112.00000000,1
1531184123932,1531184123930,1046874,0.00002400,372.00000000,0
1531184146825,1531184146821,1046875,0.00002397,5.00000000,1
1531184213847,1531184213844,1046876,0.00002401,5.00000000,0
1531184277424,1531184277421,1046877,0.00002401,80.00000000,0
1531184277424,1531184277421,1046878,0.00002401,65.00000000,0
1531184277951,1531184277950,1046879,0.00002402,69.00000000,0
1531184307253,1531184307251,1046880,0.00002402,1.00000000,0
1531184327735,1531184327731,1046881,0.00002397,727.00000000,0
1531184330907,1531184330906,1046882,0.00002397,1.00000000,0
1531184364002,1531184363999,1046883,0.00002399,444.00000000,0
1531184367048,1531184367044,1046884,0.00002397,355.00000000,1
1531184367048,1531184367044,1046885,0.00002396,43.00000000,1
1531184367048,1531184367044,1046886,0.00002395,637.00000000,1
1531184378189,1531184378186,1046887,0.00002399,175.00000000,0
1531184535633,1531184535628,1046888,0.00002398,126.00000000,0
1531184611313,1531184611310,1046889,0.00002400,416.00000000,0
1531184624953,1531184624950,1046890,0.00002400,610.00000000,0
1531184663386,1531184663383,1046891,0.00002398,1000.00000000,1
1531184667182,1531184667179,1046892,0.00002400,312.00000000,0
1531184670810,1531184670806,1046893,0.00002398,667.00000000,1
1531184670810,1531184670806,1046894,0.00002395,519.00000000,1
1531184690277,1531184690272,1046895,0.00002400,136.00000000,0
1531184729812,1531184729807,1046896,0.00002398,68.00000000,0
1531184744928,1531184744925,1046897,0.00002398,493.00000000,0
1531184882747,1531184882743,1046898,0.00002400,416.00000000,0
1531184938023,1531184938020,1046899,0.00002400,690.00000000,0
1531184938046,1531184938042,1046900,0.00002400,690.00000000,0
1531184938056,1531184938052,1046901,0.00002400,690.00000000,0
1531185020232,1531185020226,1046902,0.00002400,2588.00000000,0
1531185136492,1531185136486,1046903,0.00002395,444.00000000,1
1531185143004,1531185143000,1046904,0.00002395,305.00000000,1
1531185223447,1531185223443,1046905,0.00002400,1.00000000,0
1531185242550,1531185242546,1046906,0.00002395,325.00000000,1
1531185245252,1531185245247,1046907,0.00002395,398.00000000,1
1531185247707,1531185247701,1046908,0.00002395,208.00000000,1
1531185289172,1531185289168,1046909,0.00002395,43.00000000,1
1531185633946,1531185633939,1046910,0.00002400,142.00000000,0
1531185633946,1531185633939,1046911,0.00002401,4584.00000000,0
1531185635169,1531185635163,1046912,0.00002402,332.00000000,0
1531185668355,1531185668349,1046913,0.00002405,2289.00000000,1
1531185675255,1531185675250,1046914,0.00002406,202.00000000,1
1531185680017,1531185680010,1046915,0.00002413,331.00000000,0
1531185680017,1531185680010,1046916,0.00002417,54.00000000,0
1531185680017,1531185680010,1046917,0.00002419,60.00000000,0
1531185680017,1531185680010,1046918,0.00002422,138.00000000,0
1531185680031,1531185680024,1046919,0.00002425,1716.00000000,1
1531185680048,1531185680042,1046920,0.00002425,1249.00000000,1
1531185680070,1531185680065,1046921,0.00002425,293.00000000,1
1531185680182,1531185680177,1046922,0.00002425,999.00000000,1
1531185680226,1531185680221,1046923,0.00002425,2258.00000000,1
1531185680745,1531185680740,1046924,0.00002425,605.00000000,1
1531185682051,1531185682046,1046925,0.00002425,229.00000000,1
1531185683327,1531185683322,1046926,0.00002425,156.00000000,1
1531185683645,1531185683639,1046927,0.00002425,155.00000000,1
1531185684550,1531185684545,1046928,0.00002425,124.00000000,1
1531185686268,1531185686262,1046929,0.00002425,97.00000000,1
1531185687165,1531185687160,1046930,0.00002425,427.00000000,1
1531185711628,1531185711621,1046931,0.00002425,1197.00000000,1
1531185713353,1531185713349,1046932,0.00002420,45.00000000,1
1531185713388,1531185713383,1046933,0.00002420,45.00000000,1
1531185718240,1531185718231,1046934,0.00002407,331.00000000,1
1531185718240,1531185718231,1046935,0.00002403,347.00000000,1
1531185718240,1531185718231,1046936,0.00002402,53.00000000,1
1531185718240,1531185718231,1046937,0.00002400,2433.00000000,1
1531185718240,1531185718231,1046938,0.00002398,1828.00000000,1
1531185718241,1531185718231,1046939,0.00002397,768.00000000,1
1531185718241,1531185718231,1046940,0.00002395,907.00000000,1
1531185718241,1531185718231,1046941,0.00002390,82.00000000,1
1531185718241,1531185718231,1046942,0.00002389,2069.00000000,1
1531185718241,1531185718231,1046943,0.00002388,81508.00000000,1
1531185722397,1531185722392,1046944,0.00002401,1.00000000,0
1531185723957,1531185723951,1046945,0.00002397,240.00000000,0
1531185725208,1531185725204,1046946,0.00002400,707.00000000,0
1531185728283,1531185728277,1046947,0.00002397,82.00000000,0
1531185728380,1531185728374,1046948,0.00002399,173.00000000,0
1531185753005,1531185752998,1046949,0.00002400,85.00000000,1
1531185773411,1531185773405,1046950,0.00002399,1258.00000000,0
1531185796063,1531185796057,1046951,0.00002398,2576.00000000,0
1531185809563,1531185809558,1046952,0.00002398,293.00000000,0
1531185809596,1531185809591,1046953,0.00002398,1043.00000000,0
1531185812751,1531185812745,1046954,0.00002394,809.00000000,1
1531185823987,1531185823982,1046955,0.00002395,271.00000000,1
1531185823987,1531185823982,1046956,0.00002394,403.00000000,1
1531185838875,1531185838870,1046957,0.00002391,4182.00000000,1
1531185838875,1531185838870,1046958,0.00002390,334.00000000,1
1531185839012,1531185839006,1046959,0.00002390,861.00000000,0
1531185841645,1531185841639,1046960,0.00002389,240.00000000,1
1531185844324,1531185844317,1046961,0.00002390,414.00000000,0
1531185844634,1531185844629,1046962,0.00002390,47.00000000,0
1531185862895,1531185862887,1046963,0.00002389,424.00000000,1
1531185862895,1531185862887,1046964,0.00002388,2592.00000000,1
1531185862895,1531185862887,1046965,0.00002385,105.00000000,1
1531185862895,1531185862887,1046966,0.00002384,84.00000000,1
1531185862921,1531185862916,1046967,0.00002384,85.00000000,0
1531185862928,1531185862921,1046968,0.00002384,310.00000000,0
1531185863024,1531185863019,1046969,0.00002385,699.00000000,0
1531185863053,1531185863047,1046970,0.00002385,159.00000000,0
1531185864195,1531185864189,1046971,0.00002385,419.00000000,0
1531185864203,1531185864198,1046972,0.00002385,370.00000000,0
1531185915215,1531185915208,1046973,0.00002386,43.00000000,1
1531185924551,1531185924545,1046974,0.00002391,417.00000000,0
1531185925741,1531185925734,1046975,0.00002383,151.00000000,1
1531185927137,1531185927131,1046976,0.00002386,538.00000000,0
1531185928558,1531185928553,1046977,0.00002384,647.00000000,0
1531185928967,1531185928962,1046978,0.00002384,1.00000000,0
1531185930085,1531185930078,1046979,0.00002384,48.00000000,1
1531185930085,1531185930078,1046980,0.00002383,223.00000000,1
1531185930117,1531185930111,1046981,0.00002385,42.00000000,0
1531185930363,1531185930358,1046982,0.00002384,323.00000000,0
1531185930575,1531185930569,1046983,0.00002383,267.00000000,1
1531185930575,1531185930569,1046984,0.00002382,42.00000000,1
1531185930575,1531185930569,1046985,0.00002381,46.00000000,1
1531185930576,1531185930569,1046986,0.00002380,372.00000000,1
1531185930576,1531185930569,1046987,0.00002379,854.00000000,1
1531185930587,1531185930581,1046988,0.00002381,959.00000000,0
1531185930587,1531185930581,1046989,0.00002384,1.00000000,0
1531185963468,1531185963462,1046990,0.00002384,62.00000000,0
1531185974508,1531185974504,1046991,0.00002382,213.00000000,1
1531185974883,1531185974878,1046992,0.00002382,43.00000000,1
1531185975830,1531185975824,1046993,0.00002382,170.00000000,1
1531185994471,1531185994464,1046994,0.00002382,43.00000000,1
1531185995713,1531185995707,1046995,0.00002382,170.00000000,1
1531186024008,1531186024001,1046996,0.00002383,47.00000000,0
1531186024390,1531186024385,1046997,0.00002383,126.00000000,0
1531186051300,1531186051295,1046998,0.00002384,1.00000000,0
1531186082936,1531186082929,1046999,0.00002402,125.00000000,0
1531186228283,1531186228276,1047000,0.00002398,514.00000000,0
1531186228283,1531186228276,1047001,0.00002399,110.00000000,0
1531186692920,1531186692914,1047002,0.00002386,207.00000000,0
1531186693014,1531186693009,1047003,0.00002386,207.00000000,0
1531186693050,1531186693043,1047004,0.00002386,207.00000000,0
1531186697015,1531186697008,1047005,0.00002380,9987.00000000,1
1531186698814,1531186698809,1047006,0.00002389,141.00000000,0
1531186715947,1531186715941,1047007,0.00002381,141.00000000,1
1531186790147,1531186790137,1047008,0.00002384,60.00000000,1
1531186790147,1531186790137,1047009,0.00002380,5013.00000000,1
1531186790147,1531186790137,1047010,0.00002379,1648.00000000,1
1531186790147,1531186790137,1047011,0.00002378,2581.00000000,1
1531186790147,1531186790137,1047012,0.00002377,84.00000000,1
1531186790147,1531186790137,1047013,0.00002376,30063.00000000,1
1531186790147,1531186790137,1047014,0.00002375,4896.00000000,1
1531186790147,1531186790137,1047015,0.00002374,43.00000000,1
1531186790147,1531186790137,1047016,0.00002373,1299.00000000,1
1531186790147,1531186790137,1047017,0.00002371,53.00000000,1
1531186790147,1531186790137,1047018,0.00002370,7182.00000000,1
1531186790163,1531186790155,1047019,0.00002370,959.00000000,0
1531186790168,1531186790162,1047020,0.00002370,54.00000000,0
1531186790174,1531186790170,1047021,0.00002370,966.00000000,0
1531186790182,1531186790175,1047022,0.00002370,52.00000000,0
1531186790184,1531186790179,1047023,0.00002370,582.00000000,0
1531186790189,1531186790184,1047024,0.00002370,252.00000000,0
1531186790270,1531186790265,1047025,0.00002370,916.00000000,0
1531186790276,1531186790269,1047026,0.00002370,84.00000000,0
1531186790348,1531186790344,1047027,0.00002370,266.00000000,0
1531186790363,1531186790357,1047028,0.00002370,1666.00000000,0
1531186790378,1531186790372,1047029,0.00002370,560.00000000,0
1531186790619,1531186790615,1047030,0.00002370,2123.00000000,0
1531186791010,1531186791003,1047031,0.00002370,5599.00000000,0
1531186791202,1531186791197,1047032,0.00002370,2044.00000000,0
1531186791222,1531186791217,1047033,0.00002370,8000.00000000,0
1531186791263,1531186791258,1047034,0.00002370,3500.00000000,0
1531186791335,1531186791330,1047035,0.00002370,206.00000000,0
1531186791338,1531186791334,1047036,0.00002370,12195.00000000,0
1531186791478,1531186791471,1047037,0.00002370,2044.00000000,0
1531186791506,1531186791500,1047038,0.00002369,188.00000000,1
1531186791743,1531186791736,1047039,0.00002369,53.00000000,1
1531186791743,1531186791736,1047040,0.00002365,43.00000000,1
1531186791743,1531186791736,1047041,0.00002364,44.00000000,1
1531186791744,1531186791736,1047042,0.00002364,83.00000000,1
1531186791895,1531186791889,1047043,0.00002364,163.00000000,0
1531186791895,1531186791889,1047044,0.00002365,3564.00000000,0
1531186792016,1531186792012,1047045,0.00002365,419.00000000,0
1531186792190,1531186792185,1047046,0.00002365,85.00000000,0
1531186792718,1531186792713,1047047,0.00002363,1.00000000,1
1531186792800,1531186792795,1047048,0.00002363,505.00000000,1
1531186793234,1531186793228,1047049,0.00002363,216.00000000,0
1531186793368,1531186793362,1047050,0.00002363,47.00000000,0
1531186793368,1531186793362,1047051,0.00002365,2412.00000000,0
1531186793672,1531186793666,1047052,0.00002362,43.00000000,1
1531186793672,1531186793666,1047053,0.00002361,85.00000000,1
1531186793672,1531186793666,1047054,0.00002360,82.00000000,1
1531186793672,1531186793666,1047055,0.00002359,38.00000000,1
1531186794527,1531186794521,1047056,0.00002365,1062.00000000,0
1531186795437,1531186795431,1047057,0.00002363,135.00000000,0
1531186796335,1531186796328,1047058,0.00002365,2.00000000,0
1531186796335,1531186796328,1047059,0.00002370,119.00000000,0
1531186797338,1531186797332,1047060,0.00002370,141.00000000,0
1531186798638,1531186798633,1047061,0.00002370,495.00000000,0
1531186802767,1531186802762,1047062,0.00002368,77.00000000,0
1531186802988,1531186802983,1047063,0.00002358,250.00000000,1
1531186802988,1531186802983,1047064,0.00002356,82.00000000,1
1531186805758,1531186805751,1047065,0.00002366,64.00000000,0
1531186806272,1531186806265,1047066,0.00002366,23.00000000,0
1531186806272,1531186806265,1047067,0.00002368,41.00000000,0
1531186807212,1531186807208,1047068,0.00002365,141.00000000,0
1531186810460,1531186810455,1047069,0.00002363,367.00000000,1
1531186812924,1531186812919,1047070,0.00002365,239.00000000,0
1531186814709,1531186814703,1047071,0.00002358,603.00000000,1
1531186814709,1531186814703,1047072,0.00002356,189.00000000,1
1531186823403,1531186823398,1047073,0.00002356,393.00000000,1
1531186831097,1531186831092,1047074,0.00002362,1053.00000000,0
1531186832578,1531186832572,1047075,0.00002362,198.00000000,0
1531186832578,1531186832572,1047076,0.00002363,139.00000000,0
1531186837158,1531186837153,1047077,0.00002358,151.00000000,1
1531186837187,1531186837183,1047078,0.00002358,826.00000000,0
1531186843083,1531186843078,1047079,0.00002356,86.00000000,1
1531186843162,1531186843158,1047080,0.00002356,43.00000000,1
1531186843542,1531186843536,1047081,0.00002356,43.00000000,1
1531186844003,1531186843998,1047082,0.00002356,43.00000000,1
1531186852543,1531186852536,1047083,0.00002363,2.00000000,0
1531186852543,1531186852536,1047084,0.00002365,143.00000000,0
1531186853566,1531186853559,1047085,0.00002365,194.00000000,0
1531186853566,1531186853559,1047086,0.00002368,80.00000000,0
1531186899755,1531186899751,1047087,0.00002359,294.00000000,1
1531186899765,1531186899761,1047088,0.00002359,86.00000000,1
1531186991080,1531186991074,1047089,0.00002359,64.00000000,1
1531187009459,1531187009453,1047090,0.00002364,3.00000000,0
1531187011355,1531187011350,1047091,0.00002364,23.00000000,0
1531187067828,1531187067823,1047092,0.00002359,2998.00000000,1
1531187110190,1531187110183,1047093,0.00002360,101.00000000,1
1531187140883,1531187140877,1047094,0.00002360,52.00000000,1
1531187176976,1531187176972,1047095,0.00002362,3.00000000,0
1531187200149,1531187200142,1047096,0.00002360,402.00000000,1
1531187208205,1531187208199,1047097,0.00002362,2538.00000000,0
1531187249991,1531187249986,1047098,0.00002361,941.00000000,1
1531187250353,1531187250347,1047099,0.00002361,2783.00000000,1
1531187250353,1531187250347,1047100,0.00002360,193.00000000,1
1531187295897,1531187295892,1047101,0.00002360,126.00000000,1
1531187377741,1531187377736,1047102,0.00002360,126.00000000,1
1531187377741,1531187377736,1047103,0.00002359,142.00000000,1
1531187377741,1531187377736,1047104,0.00002356,270.00000000,1
1531187398917,1531187398912,1047105,0.00002362,1.00000000,0
1531187411678,1531187411673,1047106,0.00002362,44.00000000,0
1531187420131,1531187420126,1047107,0.00002362,4184.00000000,0
1531187420230,1531187420226,1047108,0.00002364,199.00000000,0
1531187420254,1531187420249,1047109,0.00002364,84.00000000,0
1531187422196,1531187422190,1047110,0.00002363,90.00000000,1
1531187472132,1531187472127,1047111,0.00002363,34.00000000,1
1531187787493,1531187787490,1047112,0.00002365,315.00000000,1
1531187793361,1531187793357,1047113,0.00002368,209.00000000,0
1531187834201,1531187834198,1047114,0.00002368,22.00000000,0
1531187837038,1531187837032,1047115,0.00002368,102.00000000,0
1531187912641,1531187912637,1047116,0.00002368,173.00000000,0
1531187912641,1531187912637,1047117,0.00002369,373.00000000,0
1531187912641,1531187912637,1047118,0.00002370,8097.00000000,0
1531187941949,1531187941946,1047119,0.00002370,609.00000000,0
1531187943466,1531187943460,1047120,0.00002370,10241.00000000,0
1531187957638,1531187957632,1047121,0.00002370,2025.00000000,0
1531188007539,1531188007534,1047122,0.00002370,37.00000000,0
1531188009169,1531188009166,1047123,0.00002365,50.00000000,1
1531188042012,1531188042009,1047124,0.00002365,1403.00000000,1
1531188139909,1531188139906,1047125,0.00002365,34.00000000,0
1531188169945,1531188169942,1047126,0.00002369,379.00000000,0
1531188270869,1531188270866,1047127,0.00002369,69.00000000,0
1531188294263,1531188294260,1047128,0.00002369,200.00000000,0
1531188324882,1531188324876,1047129,0.00002369,133.00000000,0
1531188375931,1531188375925,1047130,0.00002365,265.00000000,1
1531188375931,1531188375925,1047131,0.00002363,448.00000000,1
1531188375931,1531188375925,1047132,0.00002361,338.00000000,1
1531188375931,1531188375925,1047133,0.00002356,135.00000000,1
1531188375931,1531188375925,1047134,0.00002355,851.00000000,1
1531188375931,1531188375925,1047135,0.00002354,64.00000000,1
1531188375931,1531188375925,1047136,0.00002352,59.00000000,1
1531188375931,1531188375925,1047137,0.00002351,107.00000000,1
1531188375931,1531188375925,1047138,0.00002350,1259.00000000,1
1531188375932,1531188375925,1047139,0.00002349,797.00000000,1
1531188375932,1531188375925,1047140,0.00002346,147.00000000,1
1531188375932,1531188375925,1047141,0.00002345,1256.00000000,1
1531188375932,1531188375925,1047142,0.00002345,441.00000000,1
1531188375933,1531188375925,1047143,0.00002345,595.00000000,1
1531188375942,1531188375939,1047144,0.00002350,536.00000000,0
1531188375946,1531188375941,1047145,0.00002350,536.00000000,0
1531188375949,1531188375946,1047146,0.00002350,33.00000000,0
1531188375973,1531188375970,1047147,0.00002353,33.00000000,1
1531188375986,1531188375983,1047148,0.00002353,536.00000000,1
1531188408535,1531188408530,1047149,0.00002351,46.00000000,0
1531188411064,1531188411060,1047150,0.00002351,50.00000000,0
1531188415518,1531188415515,1047151,0.00002349,50.00000000,0
1531188416366,1531188416363,1047152,0.00002347,55.00000000,1
1531188423836,1531188423830,1047153,0.00002348,399.00000000,1
1531188424409,1531188424405,1047154,0.00002359,64.00000000,0
1531188426530,1531188426525,1047155,0.00002357,2.00000000,0
1531188440382,1531188440377,1047156,0.00002350,44.00000000,1
1531188459322,1531188459318,1047157,0.00002350,216.00000000,1
1531188485439,1531188485435,1047158,0.00002350,501.00000000,1
1531188490297,1531188490293,1047159,0.00002348,47.00000000,1
1531188494470,1531188494466,1047160,0.00002353,64.00000000,0
1531188498376,1531188498372,1047161,0.00002353,55.00000000,0
1531188501483,1531188501480,1047162,0.00002353,17.00000000,0
1531188513425,1531188513421,1047163,0.00002353,203.00000000,1
1531188548399,1531188548395,1047164,0.00002353,235.00000000,1
1531188548453,1531188548449,1047165,0.00002353,12.00000000,1
1531188548453,1531188548449,1047166,0.00002348,317.00000000,1
1531188548585,1531188548582,1047167,0.00002348,12.00000000,1
1531188548622,1531188548618,1047168,0.00002345,1974.00000000,1
1531188577740,1531188577738,1047169,0.00002346,134.00000000,0
1531188586023,1531188586020,1047170,0.00002344,65.00000000,1
1531188587353,1531188587350,1047171,0.00002344,129.00000000,1
1531188611794,1531188611791,1047172,0.00002344,2322.00000000,1
1531188611811,1531188611808,1047173,0.00002344,9993.00000000,0
1531188612291,1531188612287,1047174,0.00002344,448.00000000,0
1531188616059,1531188616056,1047175,0.00002344,2123.00000000,0
1531188616470,1531188616467,1047176,0.00002344,85.00000000,0
1531188629675,1531188629672,1047177,0.00002344,946.00000000,0
1531188630366,1531188630360,1047178,0.00002344,249.00000000,0
1531188631673,1531188631669,1047179,0.00002344,4.00000000,0
1531188660320,1531188660314,1047180,0.00002342,443.00000000,1
1531188686600,1531188686597,1047181,0.00002340,1000.00000000,1
1531188686601,1531188686597,1047182,0.00002339,43.00000000,1
1531188686601,1531188686597,1047183,0.00002338,86.00000000,1
1531188686601,1531188686597,1047184,0.00002337,1292.00000000,1
1531188686601,1531188686597,1047185,0.00002336,65.00000000,1
1531188686601,1531188686597,1047186,0.00002335,742.00000000,1
1531188687905,1531188687901,1047187,0.00002337,187.00000000,1
1531188689266,1531188689263,1047188,0.00002342,6.00000000,0
1531188691177,1531188691174,1047189,0.00002340,643.00000000,0
1531188693346,1531188693343,1047190,0.00002335,61.00000000,1
1531188695438,1531188695434,1047191,0.00002338,208.00000000,0
1531188695488,1531188695484,1047192,0.00002338,186.00000000,0
1531188695642,1531188695639,1047193,0.00002338,186.00000000,0
1531188699416,1531188699412,1047194,0.00002337,86.00000000,0
1531188699444,1531188699442,1047195,0.00002337,207.00000000,0
1531188703399,1531188703395,1047196,0.00002336,115.00000000,0
1531188703630,1531188703627,1047197,0.00002335,1118.00000000,1
1531188703955,1531188703952,1047198,0.00002335,79.00000000,1
1531188703955,1531188703952,1047199,0.00002334,66.00000000,1
1531188703977,1531188703974,1047200,0.00002334,250.00000000,0
1531188706935,1531188706930,1047201,0.00002332,53.00000000,1
1531188707270,1531188707265,1047202,0.00002332,393.00000000,1
1531188708233,1531188708228,1047203,0.00002332,1324.00000000,1
1531188708631,1531188708626,1047204,0.00002332,1176.00000000,1
1531188709680,1531188709677,1047205,0.00002336,141.00000000,0
1531188711718,1531188711715,1047206,0.00002332,1280.00000000,1
1531188720913,1531188720909,1047207,0.00002332,44.00000000,1
1531188721708,1531188721703,1047208,0.00002332,174.00000000,1
1531188722186,1531188722183,1047209,0.00002336,94.00000000,0
1531188722456,1531188722453,1047210,0.00002332,174.00000000,1
1531188732924,1531188732919,1047211,0.00002332,407.00000000,1
1531188734289,1531188734286,1047212,0.00002332,60.00000000,1
1531188734569,1531188734565,1047213,0.00002332,406.00000000,1
1531188736956,1531188736951,1047214,0.00002332,141.00000000,1
1531188741632,1531188741628,1047215,0.00002332,44.00000000,1
1531188791016,1531188790986,1047216,0.00002332,65.00000000,1
1531188792053,1531188792050,1047217,0.00002337,8.00000000,0
1531188801956,1531188801952,1047218,0.00002332,491.00000000,1
1531188801956,1531188801952,1047219,0.00002330,1158.00000000,1
1531188801956,1531188801952,1047220,0.00002328,250.00000000,1
1531188801956,1531188801952,1047221,0.00002327,129.00000000,1
1531188801956,1531188801952,1047222,0.00002325,1694.00000000,1
1531188802854,1531188802850,1047223,0.00002332,44.00000000,0
1531188810513,1531188810508,1047224,0.00002337,69.00000000,0
1531188810513,1531188810508,1047225,0.00002344,4405.00000000,0
1531188810513,1531188810508,1047226,0.00002346,183.00000000,0
1531188810513,1531188810508,1047227,0.00002350,2109.00000000,0
1531188810527,1531188810524,1047228,0.00002350,147.00000000,1
1531188810529,1531188810528,1047229,0.00002350,268.00000000,1
1531188810562,1531188810558,1047230,0.00002350,4012.00000000,1
1531188811129,1531188811125,1047231,0.00002350,4668.00000000,1
1531188811522,1531188811518,1047232,0.00002350,1829.00000000,1
1531188811563,1531188811560,1047233,0.00002350,657.00000000,1
1531188811888,1531188811882,1047234,0.00002350,183.00000000,1
1531188812446,1531188812441,1047235,0.00002350,4668.00000000,1
1531188812527,1531188812524,1047236,0.00002350,2086.00000000,1
1531188813603,1531188813599,1047237,0.00002353,247.00000000,0
1531188828667,1531188828666,1047238,0.00002354,265.00000000,0
1531188828667,1531188828666,1047239,0.00002356,159.00000000,0
1531188837791,1531188837790,1047240,0.00002356,1029.00000000,0
1531188843395,1531188843393,1047241,0.00002353,603.00000000,1
1531188844694,1531188844693,1047242,0.00002353,14234.00000000,0
1531188859462,1531188859460,1047243,0.00002350,17269.00000000,1
1531188899729,1531188899726,1047244,0.00002339,87.00000000,1
1531188932366,1531188932361,1047245,0.00002347,87.00000000,0
1531188932366,1531188932361,1047246,0.00002349,640.00000000,0
1531188932366,1531188932361,1047247,0.00002350,37.00000000,0
1531188940295,1531188940291,1047248,0.00002350,3846.00000000,0
1531188955375,1531188955371,1047249,0.00002350,2628.00000000,0
1531188955375,1531188955371,1047250,0.00002351,6000.00000000,0
1531188955375,1531188955371,1047251,0.00002352,8020.00000000,0
1531188958548,1531188958546,1047252,0.00002350,21.00000000,0
1531189098316,1531189098312,1047253,0.00002339,280.00000000,1
1531189098316,1531189098312,1047254,0.00002332,3626.00000000,1
1531189098316,1531189098312,1047255,0.00002331,2098.00000000,1
1531189098316,1531189098312,1047256,0.00002325,573.00000000,1
1531189101241,1531189101239,1047257,0.00002346,64.00000000,0
1531189105107,1531189105104,1047258,0.00002340,176.00000000,0
1531189106838,1531189106835,1047259,0.00002348,64.00000000,0
1531189115991,1531189115986,1047260,0.00002344,339.00000000,0
1531189149721,1531189149717,1047261,0.00002335,21.00000000,1
1531189156607,1531189156604,1047262,0.00002336,44.00000000,0
1531189156638,1531189156635,1047263,0.00002336,498.00000000,0
1531189156642,1531189156640,1047264,0.00002336,949.00000000,0
1531189156660,1531189156658,1047265,0.00002336,534.00000000,0
1531189259480,1531189259478,1047266,0.00002340,324.00000000,1
1531189269106,1531189269103,1047267,0.00002347,280.00000000,0
1531189293776,1531189293773,1047268,0.00002350,3626.00000000,0
1531189293776,1531189293773,1047269,0.00002352,6214.00000000,0
1531189293776,1531189293773,1047270,0.00002353,7195.00000000,0
1531189407826,1531189407824,1047271,0.00002354,212.00000000,1
1531189407872,1531189407869,1047272,0.00002351,212.00000000,1
1531189409504,1531189409498,1047273,0.00002351,94.00000000,1
1531189423674,1531189423673,1047274,0.00002351,60.00000000,1
1531189435658,1531189435655,1047275,0.00002351,303.00000000,1
1531189447420,1531189447418,1047276,0.00002351,660.00000000,1
1531189448062,1531189448059,1047277,0.00002351,679.00000000,1
1531189448091,1531189448089,1047278,0.00002351,212.00000000,1
1531189482428,1531189482424,1047279,0.00002351,660.00000000,1
1531189482662,1531189482659,1047280,0.00002351,928.00000000,1
1531189482663,1531189482659,1047281,0.00002351,928.00000000,1
1531189483051,1531189483048,1047282,0.00002351,660.00000000,1
1531189483579,1531189483576,1047283,0.00002351,1588.00000000,1
1531189485100,1531189485097,1047284,0.00002351,2320.00000000,1
1531189487034,1531189487030,1047285,0.00002351,181.00000000,1
1531189545531,1531189545528,1047286,0.00002351,3618.00000000,1
1531189652810,1531189652807,1047287,0.00002350,20363.00000000,1
1531189675584,1531189675580,1047288,0.00002350,6289.00000000,1
1531189694189,1531189694185,1047289,0.00002350,266.00000000,1
1531189699011,1531189699009,1047290,0.00002350,183.00000000,1
1531189711378,1531189711378,1047291,0.00002350,185.00000000,1
1531189730606,1531189730605,1047292,0.00002350,181.00000000,1
1531189734433,1531189734429,1047293,0.00002350,923.00000000,1
1531189734616,1531189734612,1047294,0.00002350,183.00000000,1
1531189738741,1531189738738,1047295,0.00002350,183.00000000,1
1531189740880,1531189740876,1047296,0.00002350,70.00000000,1
1531189742929,1531189742925,1047297,0.00002350,183.00000000,1
1531189746778,1531189746776,1047298,0.00002350,183.00000000,1
1531189751079,1531189751077,1047299,0.00002350,183.00000000,1
1531189754718,1531189754714,1047300,0.00002350,183.00000000,1
1531189759486,1531189759487,1047301,0.00002350,96.00000000,1
1531189763309,1531189763306,1047302,0.00002350,185.00000000,1
1531189767084,1531189767082,1047303,0.00002350,185.00000000,1
1531189771561,1531189771558,1047304,0.00002350,103.00000000,1
1531189774797,1531189774793,1047305,0.00002350,185.00000000,1
1531189778883,1531189778881,1047306,0.00002351,185.00000000,1
1531189782833,1531189782829,1047307,0.00002351,19.00000000,1
1531189782833,1531189782829,1047308,0.00002350,166.00000000,1
1531189790906,1531189790904,1047309,0.00002354,57.00000000,0
1531189792607,1531189792604,1047310,0.00002350,1041.00000000,1
1531189792662,1531189792659,1047311,0.00002350,1040.00000000,1
1531189799120,1531189799117,1047312,0.00002350,188.00000000,1
1531189800726,1531189800722,1047313,0.00002350,245.00000000,1
1531189825389,1531189825387,1047314,0.00002350,101.00000000,1
1531189833321,1531189833317,1047315,0.00002356,43.00000000,0
1531189833321,1531189833317,1047316,0.00002358,338.00000000,0
1531189833321,1531189833317,1047317,0.00002363,43.00000000,0
1531189834878,1531189834874,1047318,0.00002351,43.00000000,1
1531189834878,1531189834874,1047319,0.00002350,194.00000000,1
1531189836102,1531189836099,1047320,0.00002350,279.00000000,1
1531189837427,1531189837424,1047321,0.00002350,44.00000000,1
1531189840375,1531189840371,1047322,0.00002361,43.00000000,0
1531189840375,1531189840371,1047323,0.00002362,338.00000000,0
1531189840375,1531189840371,1047324,0.00002363,42.00000000,0
1531189842604,1531189842599,1047325,0.00002354,140.00000000,1
1531189873874,1531189873872,1047326,0.00002356,272.00000000,1
1531189873874,1531189873872,1047327,0.00002354,67.00000000,1
1531190241442,1531190241439,1047328,0.00002360,7.00000000,0
1531190244934,1531190244930,1047329,0.00002350,81.00000000,1
1531190244934,1531190244930,1047330,0.00002348,100.00000000,1
1531190252068,1531190252066,1047331,0.00002348,240.00000000,1
1531190252068,1531190252066,1047332,0.00002332,65.00000000,1
1531190275150,1531190275146,1047333,0.00002334,212.00000000,1
1531190300240,1531190300237,1047334,0.00002355,338.00000000,0
1531190301487,1531190301487,1047335,0.00002354,272.00000000,0
1531190395121,1531190395118,1047336,0.00002355,267.00000000,0
1531190395456,1531190395452,1047337,0.00002355,1234.00000000,0
1531190412654,1531190412651,1047338,0.00002354,417.00000000,0
1531190415293,1531190415290,1047339,0.00002353,212.00000000,0
1531190415293,1531190415290,1047340,0.00002354,193.00000000,0
1531190415293,1531190415290,1047341,0.00002359,338.00000000,0
1531190415293,1531190415290,1047342,0.00002360,6553.00000000,0
1531190432965,1531190432961,1047343,0.00002360,647.00000000,0
1531190543668,1531190543664,1047344,0.00002360,505.00000000,0
1531190554983,1531190554980,1047345,0.00002363,244.00000000,0
1531190623884,1531190623882,1047346,0.00002360,21.00000000,1
1531190631532,1531190631528,1047347,0.00002359,21.00000000,1
1531190734410,1531190734407,1047348,0.00002360,93.00000000,1
1531190767336,1531190767333,1047349,0.00002367,93.00000000,0
1531190767336,1531190767333,1047350,0.00002368,330.00000000,0
1531190795039,1531190795035,1047351,0.00002353,339.00000000,1
1531190795039,1531190795035,1047352,0.00002332,494.00000000,1
1531190795039,1531190795035,1047353,0.00002329,1165.00000000,1
1531190865285,1531190865282,1047354,0.00002349,43.00000000,1
1531190987693,1531190987689,1047355,0.00002349,297.00000000,1
1531190990870,1531190990867,1047356,0.00002355,106.00000000,0
1531191019927,1531191019923,1047357,0.00002347,340.00000000,1
1531191066320,1531191066317,1047358,0.00002338,341.00000000,1
1531191073074,1531191073071,1047359,0.00002333,270.00000000,1
1531191073150,1531191073148,1047360,0.00002333,72.00000000,1
1531191073190,1531191073184,1047361,0.00002333,69.00000000,0
1531191073289,1531191073284,1047362,0.00002330,270.00000000,1
1531191073289,1531191073284,1047363,0.00002326,47.00000000,1
1531191073289,1531191073284,1047364,0.00002325,343.00000000,1
1531191073429,1531191073426,1047365,0.00002325,3000.00000000,1
1531191073524,1531191073520,1047366,0.00002325,1545.00000000,1
1531191073524,1531191073520,1047367,0.00002324,116.00000000,1
1531191073524,1531191073520,1047368,0.00002323,612.00000000,1
1531191073524,1531191073520,1047369,0.00002322,602.00000000,1
1531191073524,1531191073520,1047370,0.00002321,47.00000000,1
1531191073524,1531191073520,1047371,0.00002320,56.00000000,1
1531191073524,1531191073520,1047372,0.00002320,550.00000000,1
1531191073524,1531191073520,1047373,0.00002320,695.00000000,1
1531191073947,1531191073942,1047374,0.00002320,2834.00000000,1
1531191073947,1531191073942,1047375,0.00002319,144.00000000,1
1531191074561,1531191074557,1047376,0.00002328,162.00000000,0
1531191074561,1531191074557,1047377,0.00002331,203.00000000,0
1531191074561,1531191074557,1047378,0.00002333,173.00000000,0
1531191075637,1531191075635,1047379,0.00002323,242.00000000,0
1531191076035,1531191076034,1047380,0.00002323,775.00000000,0
1531191076857,1531191076854,1047381,0.00002323,51.00000000,0
1531191076932,1531191076930,1047382,0.00002319,814.00000000,1
1531191077205,1531191077201,1047383,0.00002323,64.00000000,0
1531191077514,1531191077510,1047384,0.00002319,336.00000000,1
1531191077540,1531191077536,1047385,0.00002319,66.00000000,0
1531191077595,1531191077592,1047386,0.00002318,512.00000000,1
1531191077612,1531191077608,1047387,0.00002318,166.00000000,0
1531191078338,1531191078334,1047388,0.00002323,2566.00000000,0
1531191078514,1531191078509,1047389,0.00002323,108.00000000,0
1531191078867,1531191078863,1047390,0.00002323,64.00000000,0
1531191078896,1531191078892,1047391,0.00002318,279.00000000,0
1531191078923,1531191078921,1047392,0.00002318,243.00000000,0
1531191079201,1531191079198,1047393,0.00002317,2.00000000,1
1531191079274,1531191079273,1047394,0.00002318,163.00000000,0
1531191079312,1531191079308,1047395,0.00002318,163.00000000,0
1531191079372,1531191079371,1047396,0.00002318,59.00000000,0
1531191079587,1531191079583,1047397,0.00002318,102.00000000,0
1531191079753,1531191079750,1047398,0.00002318,203.00000000,0
1531191079913,1531191079910,1047399,0.00002318,243.00000000,0
1531191079935,1531191079932,1047400,0.00002318,242.00000000,1
1531191080008,1531191080005,1047401,0.00002318,165.00000000,0
1531191080199,1531191080196,1047402,0.00002317,243.00000000,1
1531191080229,1531191080225,1047403,0.00002317,242.00000000,1
1531191080357,1531191080354,1047404,0.00002318,61.00000000,0
1531191080357,1531191080354,1047405,0.00002321,1679.00000000,0
1531191080902,1531191080899,1047406,0.00002318,222.00000000,0
1531191080904,1531191080900,1047407,0.00002318,968.00000000,0
1531191080904,1531191080900,1047408,0.00002321,149.00000000,0
1531191080904,1531191080900,1047409,0.00002325,54.00000000,0
1531191082489,1531191082485,1047410,0.00002318,223.00000000,0
1531191082881,1531191082814,1047411,0.00002317,148.00000000,1
1531191083906,1531191083903,1047412,0.00002321,98.00000000,0
1531191089129,1531191089126,1047413,0.00002325,2136.00000000,0
1531191101550,1531191101546,1047414,0.00002320,1.00000000,1
1531191109933,1531191109929,1047415,0.00002320,329.00000000,1
1531191109933,1531191109929,1047416,0.00002318,6044.00000000,1
1531191113046,1531191113042,1047417,0.00002325,498.00000000,0
1531191122584,1531191122580,1047418,0.00002321,100.00000000,1
1531191125512,1531191125507,1047419,0.00002323,242.00000000,0
1531191126838,1531191126835,1047420,0.00002323,44.00000000,1
1531191132497,1531191132493,1047421,0.00002321,262.00000000,0
1531191133445,1531191133442,1047422,0.00002320,378.00000000,1
1531191147953,1531191147949,1047423,0.00002320,44.00000000,1
1531191148786,1531191148784,1047424,0.00002320,87.00000000,1
1531191149865,1531191149861,1047425,0.00002326,182.00000000,0
1531191149865,1531191149861,1047426,0.00002327,139.00000000,0
1531191158258,1531191158253,1047427,0.00002330,177.00000000,0
1531191167148,1531191167145,1047428,0.00002330,413.00000000,1
1531191174059,1531191174055,1047429,0.00002330,53.00000000,1
1531191242059,1531191242054,1047430,0.00002320,205.00000000,1
1531191242339,1531191242337,1047431,0.00002320,376.00000000,1
1531191251455,1531191251451,1047432,0.00002320,65.00000000,1
1531191256678,1531191256675,1047433,0.00002324,26.00000000,0
1531191259863,1531191259860,1047434,0.00002324,375.00000000,0
1531191269865,1531191269859,1047435,0.00002332,129.00000000,0
1531191269865,1531191269859,1047436,0.00002333,28.00000000,0
1531191269865,1531191269859,1047437,0.00002337,47.00000000,0
1531191269865,1531191269859,1047438,0.00002338,51.00000000,0
1531191269865,1531191269859,1047439,0.00002344,43.00000000,0
1531191269865,1531191269859,1047440,0.00002346,86.00000000,0
1531191269865,1531191269859,1047441,0.00002350,237.00000000,0
1531191269865,1531191269859,1047442,0.00002354,45.00000000,0
1531191365514,1531191365510,1047443,0.00002345,429.00000000,0
1531191406417,1531191406415,1047444,0.00002331,140.00000000,1
1531191424913,1531191424910,1047445,0.00002324,7.00000000,1
1531191573692,1531191573687,1047446,0.00002324,842.00000000,1
1531191592706,1531191592703,1047447,0.00002338,140.00000000,0
1531191592706,1531191592703,1047448,0.00002339,99.00000000,0
1531191592706,1531191592703,1047449,0.00002341,188.00000000,0
1531191641058,1531191641056,1047450,0.00002324,273.00000000,1
1531191670390,1531191670386,1047451,0.00002330,584.00000000,0
1531191683306,1531191683303,1047452,0.00002330,240.00000000,0
1531191702159,1531191702158,1047453,0.00002324,163.00000000,1
1531191703064,1531191703059,1047454,0.00002331,64.00000000,0
1531191705427,1531191705424,1047455,0.00002331,94.00000000,0
1531191718621,1531191718620,1047456,0.00002321,185.00000000,1
1531191722200,1531191722197,1047457,0.00002321,99.00000000,1
1531191727051,1531191727048,1047458,0.00002321,185.00000000,1
1531191734141,1531191734140,1047459,0.00002321,167.00000000,1
1531191736626,1531191736623,1047460,0.00002321,3434.00000000,1
1531191751454,1531191751449,1047461,0.00002321,1394.00000000,0
1531191764443,1531191764440,1047462,0.00002321,1617.00000000,0
1531191768482,1531191768479,1047463,0.00002318,87.00000000,1
1531191768482,1531191768479,1047464,0.00002317,308.00000000,1
1531191770601,1531191770597,1047465,0.00002321,634.00000000,0
1531191813154,1531191813151,1047466,0.00002317,44.00000000,1
1531191841061,1531191841057,1047467,0.00002317,6.00000000,1
1531191847359,1531191847357,1047468,0.00002317,2026.00000000,1
1531191885244,1531191885240,1047469,0.00002321,1.00000000,0
1531191926956,1531191926952,1047470,0.00002317,655.00000000,1
1531191930483,1531191930481,1047471,0.00002317,125.00000000,1
1531191932632,1531191932628,1047472,0.00002317,114.00000000,1
1531191958942,1531191958938,1047473,0.00002321,430.00000000,0
1531191971007,1531191971004,1047474,0.00002317,141.00000000,1
1531191975188,1531191975184,1047475,0.00002317,186.00000000,1
1531192047423,1531192047419,1047476,0.00002317,186.00000000,1
1531192051315,1531192051311,1047477,0.00002317,186.00000000,1
1531192055293,1531192055290,1047478,0.00002317,99.00000000,1
1531192059400,1531192059395,1047479,0.00002317,186.00000000,1
1531192077209,1531192077207,1047480,0.00002325,3.00000000,0
1531192146531,1531192146527,1047481,0.00002325,438.00000000,0
1531192237290,1531192237286,1047482,0.00002325,1.00000000,0
1531192274851,1531192274844,1047483,0.00002317,11327.00000000,1
1531192274851,1531192274844,1047484,0.00002316,74.00000000,1
1531192274851,1531192274844,1047485,0.00002315,131.00000000,1
1531192274851,1531192274844,1047486,0.00002314,345.00000000,1
1531192274851,1531192274844,1047487,0.00002312,668.00000000,1
1531192274851,1531192274844,1047488,0.00002311,105.00000000,1
1531192284658,1531192284655,1047489,0.00002311,61.00000000,1
1531192285774,1531192285771,1047490,0.00002311,247.00000000,1
1531192285774,1531192285771,1047491,0.00002310,1038.00000000,1
1531192285774,1531192285771,1047492,0.00002307,115.00000000,1
1531192285812,1531192285808,1047493,0.00002310,175.00000000,0
1531192285886,1531192285882,1047494,0.00002310,89.00000000,0
1531192286057,1531192286052,1047495,0.00002310,262.00000000,0
1531192286086,1531192286082,1047496,0.00002310,237.00000000,0
1531192287539,1531192287536,1047497,0.00002322,96.00000000,1
1531192287573,1531192287569,1047498,0.00002322,45.00000000,1
1531192306155,1531192306152,1047499,0.00002315,105.00000000,0
1531192308796,1531192308792,1047500,0.00002313,169.00000000,1
1531192308796,1531192308792,1047501,0.00002306,238.00000000,1
1531192309650,1531192309648,1047502,0.00002306,413.00000000,1
1531192311602,1531192311599,1047503,0.00002313,64.00000000,0
1531192312212,1531192312207,1047504,0.00002306,10.00000000,1
1531192313290,1531192313285,1047505,0.00002306,566.00000000,1
1531192339913,1531192339909,1047506,0.00002306,44.00000000,1
1531192340087,1531192340085,1047507,0.00002306,44.00000000,1
1531192355596,1531192355592,1047508,0.00002311,607.00000000,0
1531192359864,1531192359860,1047509,0.00002311,1.00000000,0
1531192376237,1531192376233,1047510,0.00002311,124.00000000,1
1531192390998,1531192390994,1047511,0.00002311,66.00000000,1
1531192399498,1531192399494,1047512,0.00002312,243.00000000,0
1531192419294,1531192419289,1047513,0.00002313,51.00000000,0
1531192423764,1531192423759,1047514,0.00002313,51.00000000,0
1531192433386,1531192433381,1047515,0.00002312,133.00000000,1
1531192433386,1531192433381,1047516,0.00002306,615.00000000,1
1531192445750,1531192445746,1047517,0.00002313,132.00000000,0
1531192453492,1531192453490,1047518,0.00002308,922.00000000,1
1531192453672,1531192453670,1047519,0.00002308,141.00000000,1
1531192454982,1531192454978,1047520,0.00002308,677.00000000,1
1531192454982,1531192454978,1047521,0.00002306,2323.00000000,1
1531192461419,1531192461413,1047522,0.00002306,2008.00000000,1
1531192464924,1531192464919,1047523,0.00002313,9.00000000,0
1531192467943,1531192467939,1047524,0.00002313,1.00000000,0
1531192468427,1531192468423,1047525,0.00002307,2640.00000000,1
1531192468427,1531192468423,1047526,0.00002306,3360.00000000,1
1531192475206,1531192475201,1047527,0.00002313,667.00000000,0
1531192481606,1531192481602,1047528,0.00002307,44.00000000,1
1531192509634,1531192509629,1047529,0.00002307,660.00000000,1
1531192509879,1531192509875,1047530,0.00002307,2538.00000000,1
1531192509879,1531192509875,1047531,0.00002306,6668.00000000,1
1531192510423,1531192510418,1047532,0.00002306,2187.00000000,1
1531192510423,1531192510418,1047533,0.00002305,174.00000000,1
1531192510423,1531192510418,1047534,0.00002304,177.00000000,1
1531192510423,1531192510418,1047535,0.00002303,110.00000000,1
1531192510423,1531192510418,1047536,0.00002302,550.00000000,1
1531192510949,1531192510945,1047537,0.00002315,58.00000000,0
1531192511286,1531192511282,1047538,0.00002303,277.00000000,1
1531192511389,1531192511385,1047539,0.00002302,1356.00000000,1
1531192511858,1531192511853,1047540,0.00002301,2467.00000000,1
1531192511858,1531192511853,1047541,0.00002300,533.00000000,1
1531192511858,1531192511853,1047542,0.00002300,477.00000000,1
1531192511858,1531192511853,1047543,0.00002300,397.00000000,1
1531192511859,1531192511853,1047544,0.00002300,2429.00000000,1
1531192511860,1531192511853,1047545,0.00002300,1164.00000000,1
1531192513089,1531192513085,1047546,0.00002302,347.00000000,1
1531192513979,1531192513974,1047547,0.00002302,187.00000000,0
1531192515057,1531192515053,1047548,0.00002306,793.00000000,0
1531192515345,1531192515342,1047549,0.00002301,254.00000000,0
1531192515393,1531192515389,1047550,0.00002301,254.00000000,0
1531192515400,1531192515396,1047551,0.00002301,90.00000000,0
1531192515539,1531192515534,1047552,0.00002300,1090.00000000,1
1531192515875,1531192515870,1047553,0.00002301,255.00000000,0
1531192515911,1531192515908,1047554,0.00002300,277.00000000,1
1531192517170,1531192517167,1047555,0.00002300,187.00000000,1
1531192517681,1531192517675,1047556,0.00002300,330.00000000,1
1531192518901,1531192518896,1047557,0.00002300,347.00000000,1
1531192519027,1531192519021,1047558,0.00002300,1675.00000000,1
1531192519610,1531192519605,1047559,0.00002300,1512.00000000,1
1531192521144,1531192521143,1047560,0.00002300,187.00000000,1
1531192521663,1531192521660,1047561,0.00002300,4889.00000000,1
1531192522270,1531192522267,1047562,0.00002300,258.00000000,1
1531192523043,1531192523039,1047563,0.00002300,2213.00000000,1
1531192524317,1531192524313,1047564,0.00002302,141.00000000,0
1531192525918,1531192525917,1047565,0.00002300,187.00000000,1
1531192529863,1531192529858,1047566,0.00002300,187.00000000,1
1531192533274,1531192533270,1047567,0.00002300,187.00000000,1
1531192537617,1531192537613,1047568,0.00002300,187.00000000,1
1531192539360,1531192539355,1047569,0.00002302,210.00000000,0
1531192539559,1531192539554,1047570,0.00002302,120.00000000,0
1531192540804,1531192540801,1047571,0.00002303,1182.00000000,1
1531192541595,1531192541593,1047572,0.00002300,6.00000000,1
1531192546064,1531192546061,1047573,0.00002300,187.00000000,1
1531192549283,1531192549280,1047574,0.00002300,187.00000000,1
1531192553598,1531192553594,1047575,0.00002300,187.00000000,1
1531192557867,1531192557862,1047576,0.00002300,2619.00000000,1
1531192561017,1531192561014,1047577,0.00002300,88.00000000,1
1531192561665,1531192561662,1047578,0.00002300,141.00000000,1
1531192564111,1531192564107,1047579,0.00002302,254.00000000,0
1531192564111,1531192564107,1047580,0.00002303,187.00000000,0
1531192564111,1531192564107,1047581,0.00002306,3026.00000000,0
1531192565202,1531192565198,1047582,0.00002300,213.00000000,1
1531192565650,1531192565644,1047583,0.00002301,179.00000000,0
1531192576220,1531192576216,1047584,0.00002305,419.00000000,0
1531192582378,1531192582373,1047585,0.00002301,41.00000000,1
1531192582378,1531192582373,1047586,0.00002300,253.00000000,1
1531192582678,1531192582676,1047587,0.00002300,2240.00000000,1
1531192583037,1531192583033,1047588,0.00002306,71.00000000,0
1531192588468,1531192588462,1047589,0.00002300,4078.00000000,1
1531192588657,1531192588656,1047590,0.00002300,660.00000000,1
1531192589359,1531192589355,1047591,0.00002300,183.00000000,1
1531192601145,1531192601140,1047592,0.00002307,1237.00000000,0
1531192603748,1531192603747,1047593,0.00002300,2619.00000000,1
1531192636792,1531192636789,1047594,0.00002309,420.00000000,0
1531192659084,1531192659082,1047595,0.00002309,62.00000000,1
1531192659085,1531192659083,1047596,0.00002309,310.00000000,1
1531192659092,1531192659087,1047597,0.00002301,293.00000000,1
1531192659092,1531192659087,1047598,0.00002300,79.00000000,1
1531192659104,1531192659099,1047599,0.00002300,372.00000000,1
1531192744696,1531192744692,1047600,0.00002315,333.00000000,0
1531192859259,1531192859257,1047601,0.00002315,103.00000000,1
1531192859262,1531192859260,1047602,0.00002307,103.00000000,1
1531192887329,1531192887326,1047603,0.00002306,222.00000000,1
1531192919303,1531192919297,1047604,0.00002316,64.00000000,0
1531192986506,1531192986500,1047605,0.00002306,124.00000000,1
1531192986919,1531192986913,1047606,0.00002302,203.00000000,1
1531192989007,1531192989004,1047607,0.00002302,51.00000000,1
1531192989236,1531192989235,1047608,0.00002300,176.00000000,1
1531192992412,1531192992407,1047609,0.00002300,39.00000000,1
1531192997405,1531192997400,1047610,0.00002300,32378.00000000,1
1531193001245,1531193001243,1047611,0.00002311,143.00000000,0
1531193058952,1531193058947,1047612,0.00002303,285.00000000,1
1531193108675,1531193108671,1047613,0.00002303,457.00000000,1
1531193240437,1531193240434,1047614,0.00002309,216.00000000,0
1531193240437,1531193240434,1047615,0.00002313,217.00000000,0
1531193330337,1531193330332,1047616,0.00002307,120.00000000,0
1531193330337,1531193330332,1047617,0.00002308,751.00000000,0
1531193365604,1531193365600,1047618,0.00002308,102.00000000,1
1531193405902,1531193405898,1047619,0.00002308,1.00000000,1
1531193406972,1531193406967,1047620,0.00002307,539.00000000,1
1531193415578,1531193415572,1047621,0.00002305,480.00000000,1
1531193415578,1531193415572,1047622,0.00002303,539.00000000,1
1531193450173,1531193450170,1047623,0.00002311,216.00000000,0
