event_time,trade_time,trade_id,price,quantity,maker
1531160320260,1531160320256,2016310,0.00000710,5562.00000000,1
1531160337226,1531160337223,2016311,0.00000710,1362.00000000,1
1531160391839,1531160391835,2016312,0.00000710,5059.00000000,1
1531160391839,1531160391835,2016313,0.00000709,65392.00000000,1
1531160471075,1531160471070,2016314,0.00000712,1537.00000000,0
1531160471860,1531160471857,2016315,0.00000712,184.00000000,1
1531160478232,1531160478227,2016316,0.00000712,153.00000000,1
1531160478261,1531160478258,2016317,0.00000712,153.00000000,1
1531160544732,1531160544727,2016318,0.00000712,626.00000000,1
1531160598504,1531160598500,2016319,0.00000712,6906.00000000,1
1531160682951,1531160682947,2016320,0.00000711,5455.00000000,1
1531160826238,1531160826234,2016321,0.00000711,2745.00000000,1
1531160947302,1531160947298,2016322,0.00000711,142.00000000,0
1531160995079,1531160995073,2016323,0.00000711,1024.00000000,0
1531161094336,1531161094331,2016324,0.00000709,154.00000000,1
1531161128338,1531161128335,2016325,0.00000711,153.00000000,0
1531161222229,1531161222225,2016326,0.00000710,153.00000000,0
1531161281132,1531161281130,2016327,0.00000709,153.00000000,1
1531161338686,1531161338682,2016328,0.00000709,2457.00000000,1
1531161378839,1531161378836,2016329,0.00000710,845.00000000,1
1531161378839,1531161378836,2016330,0.00000709,842.00000000,1
1531161378878,1531161378874,2016331,0.00000709,153.00000000,1
1531161438063,1531161438061,2016332,0.00000710,153.00000000,1
1531161535162,1531161535159,2016333,0.00000710,153.00000000,1
1531161598756,1531161598752,2016334,0.00000710,6513.00000000,1
1531161599065,1531161599062,2016335,0.00000710,153.00000000,1
1531161787137,1531161787133,2016336,0.00000710,70.00000000,1
1531161793047,1531161793043,2016337,0.00000710,153.00000000,0
1531161830876,1531161830873,2016338,0.00000709,4930.00000000,1
1531161857901,1531161857897,2016339,0.00000710,153.00000000,0
1531161888099,1531161888096,2016340,0.00000709,153.00000000,1
1531161924945,1531161924940,2016341,0.00000710,153.00000000,0
1531161954708,1531161954703,2016342,0.00000709,153.00000000,1
1531161956816,1531161956812,2016343,0.00000710,1785.00000000,0
1531162047646,1531162047641,2016344,0.00000709,1785.00000000,1
1531162269244,1531162269240,2016345,0.00000709,153.00000000,1
1531162407344,1531162407340,2016346,0.00000709,52886.00000000,1
1531162418165,1531162418159,2016347,0.00000708,1173.00000000,0
1531162418165,1531162418159,2016348,0.00000708,5889.00000000,1
1531162419158,1531162419153,2016349,0.00000706,1176.00000000,1
1531162419158,1531162419153,2016350,0.00000705,275.00000000,1
1531162419573,1531162419567,2016351,0.00000705,1445.00000000,1
1531162447389,1531162447384,2016352,0.00000705,8270.00000000,1
1531162524246,1531162524241,2016353,0.00000705,154.00000000,0
1531162618052,1531162618046,2016354,0.00000705,154.00000000,0
1531162632998,1531162632993,2016355,0.00000704,7529.00000000,1
1531162632998,1531162632993,2016356,0.00000703,2818.00000000,1
1531162632998,1531162632993,2016357,0.00000700,7992.00000000,1
1531162633012,1531162633010,2016358,0.00000700,6561.00000000,0
1531162633015,1531162633014,2016359,0.00000700,760.00000000,0
1531162633017,1531162633014,2016360,0.00000700,24564.00000000,0
1531162633024,1531162633019,2016361,0.00000700,31108.00000000,0
1531162636184,1531162636178,2016362,0.00000703,1010.00000000,0
1531162641108,1531162641104,2016363,0.00000702,155.00000000,1
1531162765186,1531162765181,2016364,0.00000703,5506.00000000,1
1531162787383,1531162787378,2016365,0.00000703,1891.00000000,1
1531162787408,1531162787406,2016366,0.00000703,2308.00000000,0
1531162799117,1531162799112,2016367,0.00000702,155.00000000,1
1531162867106,1531162867100,2016368,0.00000702,155.00000000,1
1531162867818,1531162867813,2016369,0.00000703,4.00000000,0
1531162867818,1531162867813,2016370,0.00000704,493.00000000,0
1531162963420,1531162963414,2016371,0.00000702,7502.00000000,1
1531163013150,1531163013144,2016372,0.00000704,1692.00000000,0
1531163045361,1531163045355,2016373,0.00000703,8293.00000000,1
1531163045403,1531163045397,2016374,0.00000703,5979.00000000,0
1531163138318,1531163138312,2016375,0.00000703,5.00000000,0
1531163138318,1531163138312,2016376,0.00000704,145.00000000,0
1531163180982,1531163180977,2016377,0.00000704,1035.00000000,0
1531163196124,1531163196119,2016378,0.00000703,155.00000000,1
1531163291070,1531163291064,2016379,0.00000703,154.00000000,1
1531163411911,1531163411906,2016380,0.00000703,535.00000000,1
1531163613458,1531163613455,2016381,0.00000705,154.00000000,0
1531163769091,1531163769085,2016382,0.00000705,5.00000000,0
1531163933177,1531163933172,2016383,0.00000705,2732.00000000,0
1531163961995,1531163961989,2016384,0.00000704,2815.00000000,1
1531163993188,1531163993183,2016385,0.00000707,347.00000000,0
1531164024132,1531164024125,2016386,0.00000705,154.00000000,1
1531164044349,1531164044343,2016387,0.00000705,20.00000000,1
1531164057053,1531164057048,2016388,0.00000707,154.00000000,0
1531164127081,1531164127074,2016389,0.00000707,170.00000000,0
1531164127231,1531164127227,2016390,0.00000707,170.00000000,0
1531164166078,1531164166075,2016391,0.00000705,154.00000000,1
1531164187991,1531164187987,2016392,0.00000705,1.00000000,1
1531164197113,1531164197106,2016393,0.00000705,184.00000000,1
1531164222310,1531164222305,2016394,0.00000705,399.00000000,1
1531164230093,1531164230086,2016395,0.00000707,154.00000000,0
1531164260098,1531164260091,2016396,0.00000707,154.00000000,0
1531164322124,1531164322117,2016397,0.00000705,154.00000000,1
1531164353083,1531164353078,2016398,0.00000707,154.00000000,0
1531164383118,1531164383112,2016399,0.00000707,372.00000000,0
1531164473075,1531164473070,2016400,0.00000705,165.00000000,1
1531164526194,1531164526192,2016401,0.00000705,154.00000000,1
1531164941943,1531164941940,2016402,0.00000705,1705.00000000,1
1531164941968,1531164941964,2016403,0.00000705,2738.00000000,0
1531164963082,1531164963078,2016404,0.00000704,1827.00000000,1
1531164972361,1531164972359,2016405,0.00000705,2.00000000,0
1531164972453,1531164972448,2016406,0.00000705,154.00000000,1
1531165072532,1531165072525,2016407,0.00000706,154.00000000,0
1531165131111,1531165131110,2016408,0.00000705,154.00000000,1
1531165257382,1531165257375,2016409,0.00000705,1827.00000000,1
1531165264167,1531165264161,2016410,0.00000705,154.00000000,1
1531165285052,1531165285046,2016411,0.00000705,957.00000000,1
1531165360072,1531165360065,2016412,0.00000707,154.00000000,0
1531165487122,1531165487117,2016413,0.00000705,154.00000000,1
1531165538405,1531165538400,2016414,0.00000705,1635.00000000,1
1531165645558,1531165645552,2016415,0.00000706,154.00000000,0
1531165875233,1531165875228,2016416,0.00000706,154.00000000,0
1531165877632,1531165877629,2016417,0.00000705,186.00000000,1
1531165892078,1531165892074,2016418,0.00000706,10549.00000000,0
1531165921895,1531165921889,2016419,0.00000706,30000.00000000,1
1531165929957,1531165929949,2016420,0.00000706,1292.00000000,1
1531165929957,1531165929949,2016421,0.00000705,1178.00000000,1
1531165929957,1531165929949,2016422,0.00000701,584.00000000,1
1531165929957,1531165929949,2016423,0.00000700,2989.00000000,1
1531165929957,1531165929949,2016424,0.00000698,1468.00000000,1
1531165929957,1531165929949,2016425,0.00000697,2489.00000000,1
1531165929957,1531165929949,2016426,0.00000697,200.00000000,1
1531165930687,1531165930681,2016427,0.00000704,1284.00000000,0
1531165936374,1531165936370,2016428,0.00000702,4993.00000000,1
1531165936374,1531165936370,2016429,0.00000699,7.00000000,1
1531165940313,1531165940310,2016430,0.00000704,1177.00000000,0
1531165941078,1531165941073,2016431,0.00000704,3.00000000,0
1531165941078,1531165941073,2016432,0.00000705,151.00000000,0
1531166022855,1531166022848,2016433,0.00000705,3512.00000000,0
1531166027067,1531166027061,2016434,0.00000702,14500.00000000,1
1531166173097,1531166173091,2016435,0.00000706,813.00000000,0
1531166417391,1531166417384,2016436,0.00000706,509.00000000,0
1531167037336,1531167037330,2016437,0.00000706,154.00000000,0
1531167126069,1531167126063,2016438,0.00000706,154.00000000,0
1531167281634,1531167281628,2016439,0.00000706,154.00000000,0
1531167670218,1531167670219,2016440,0.00000706,154.00000000,0
1531167734098,1531167734093,2016441,0.00000706,154.00000000,0
1531167859118,1531167859114,2016442,0.00000706,154.00000000,0
1531167956083,1531167956081,2016443,0.00000706,154.00000000,0
1531167969641,1531167969635,2016444,0.00000704,37.00000000,1
1531168017127,1531168017120,2016445,0.00000706,154.00000000,0
1531168136057,1531168136053,2016446,0.00000706,154.00000000,0
1531168233090,1531168233085,2016447,0.00000706,154.00000000,0
1531168326083,1531168326080,2016448,0.00000706,154.00000000,0
1531168563527,1531168563521,2016449,0.00000703,853.00000000,1
1531168599823,1531168599817,2016450,0.00000703,7394.00000000,1
1531168599835,1531168599830,2016451,0.00000703,4271.00000000,0
1531168610186,1531168610180,2016452,0.00000706,154.00000000,0
1531168640119,1531168640117,2016453,0.00000706,154.00000000,0
1531168763124,1531168763118,2016454,0.00000706,154.00000000,0
1531168883950,1531168883944,2016455,0.00000703,1610.00000000,1
1531168895292,1531168895287,2016456,0.00000703,4660.00000000,1
1531168934870,1531168934863,2016457,0.00000706,152.00000000,0
1531168939073,1531168939065,2016458,0.00000706,154.00000000,0
1531169016037,1531169016031,2016459,0.00000703,1977.00000000,1
1531169016052,1531169016046,2016460,0.00000703,5568.00000000,0
1531169154119,1531169154117,2016461,0.00000706,154.00000000,0
1531169279078,1531169279072,2016462,0.00000706,180.00000000,0
1531169280784,1531169280779,2016463,0.00000706,28.00000000,0
1531169321298,1531169321293,2016464,0.00000706,2537.00000000,1
1531169341347,1531169341341,2016465,0.00000706,186.00000000,1
1531169374142,1531169374136,2016466,0.00000706,196.00000000,1
1531169433066,1531169433059,2016467,0.00000707,208.00000000,0
1531169466489,1531169466478,2016468,0.00000706,207.00000000,1
1531169529068,1531169529062,2016469,0.00000706,217.00000000,1
1531169792773,1531169792767,2016470,0.00000707,283.00000000,0
1531169853742,1531169853738,2016471,0.00000707,238.00000000,0
1531169883064,1531169883059,2016472,0.00000707,154.00000000,0
1531169914574,1531169914570,2016473,0.00000707,265.00000000,0
1531170076877,1531170076870,2016474,0.00000706,282.00000000,1
1531170166156,1531170166154,2016475,0.00000706,185.00000000,1
1531170196108,1531170196105,2016476,0.00000706,210.00000000,1
1531170260091,1531170260085,2016477,0.00000706,154.00000000,1
1531170265266,1531170265261,2016478,0.00000706,2908.00000000,1
1531170292051,1531170292044,2016479,0.00000707,376.00000000,0
1531170329009,1531170329003,2016480,0.00000704,47.00000000,1
1531170440944,1531170440939,2016481,0.00000705,7092.00000000,1
1531170694165,1531170694159,2016482,0.00000703,7000.00000000,1
1531170974974,1531170974969,2016483,0.00000703,112.00000000,1
1531170974987,1531170974983,2016484,0.00000703,3174.00000000,0
1531170974999,1531170974995,2016485,0.00000706,1130.00000000,0
1531170974999,1531170974995,2016486,0.00000708,2044.00000000,0
1531171012021,1531171012016,2016487,0.00000704,8000.00000000,1
1531171823278,1531171823274,2016488,0.00000704,235.00000000,1
1531171824070,1531171824066,2016489,0.00000704,497.00000000,0
1531171929361,1531171929357,2016490,0.00000701,35.00000000,1
1531171958679,1531171958675,2016491,0.00000704,1493.00000000,0
1531171958721,1531171958717,2016492,0.00000704,4.00000000,0
1531172210333,1531172210329,2016493,0.00000704,716.00000000,1
1531172418058,1531172418054,2016494,0.00000704,10.00000000,1
1531172799398,1531172799395,2016495,0.00000704,49.00000000,1
1531173377811,1531173377809,2016496,0.00000707,1128.00000000,0
1531173377811,1531173377809,2016497,0.00000708,128.00000000,0
1531173377811,1531173377809,2016498,0.00000709,158.00000000,0
1531173379925,1531173379922,2016499,0.00000704,186.00000000,1
1531173721104,1531173721101,2016500,0.00000705,500.00000000,1
1531173834784,1531173834780,2016501,0.00000708,1127.00000000,0
1531173834784,1531173834780,2016502,0.00000709,285.00000000,0
1531174272512,1531174272510,2016503,0.00000709,1410.00000000,0
1531174406642,1531174406631,2016504,0.00000709,26861.00000000,0
1531174406762,1531174406759,2016505,0.00000709,696.00000000,1
1531174413160,1531174413158,2016506,0.00000706,154.00000000,1
1531174443769,1531174443766,2016507,0.00000706,1447.00000000,1
1531174510108,1531174510107,2016508,0.00000706,154.00000000,1
1531174638123,1531174638120,2016509,0.00000707,154.00000000,1
1531174800160,1531174800159,2016510,0.00000707,154.00000000,1
1531174965087,1531174965085,2016511,0.00000707,154.00000000,1
1531175027968,1531175027965,2016512,0.00000707,2675.00000000,1
1531175054124,1531175054122,2016513,0.00000707,154.00000000,1
1531175152168,1531175152165,2016514,0.00000708,154.00000000,1
1531175216125,1531175216122,2016515,0.00000708,154.00000000,1
1531175221923,1531175221921,2016516,0.00000710,1408.00000000,0
1531175263264,1531175263262,2016517,0.00000708,15936.00000000,1
1531175282084,1531175282083,2016518,0.00000706,154.00000000,1
1531175578172,1531175578171,2016519,0.00000706,154.00000000,1
1531175711371,1531175711369,2016520,0.00000706,2816.00000000,1
1531175831300,1531175831299,2016521,0.00000706,1590.00000000,1
1531175989249,1531175989247,2016522,0.00000706,12.00000000,1
1531176054758,1531176054757,2016523,0.00000708,1583.00000000,0
1531176091054,1531176091053,2016524,0.00000706,154.00000000,1
1531176470801,1531176470801,2016525,0.00000706,154.00000000,1
1531176518675,1531176518673,2016526,0.00000706,3456.00000000,1
1531176535751,1531176535750,2016527,0.00000706,2885.00000000,1
1531176537568,1531176537567,2016528,0.00000706,3456.00000000,1
1531176768060,1531176768058,2016529,0.00000709,153.00000000,0
1531177229262,1531177229261,2016530,0.00000706,34.00000000,1
1531177235842,1531177235842,2016531,0.00000706,1208.00000000,1
1531177321837,1531177321838,2016532,0.00000706,153.00000000,1
1531177396144,1531177396143,2016533,0.00000706,12712.00000000,1
1531177637128,1531177637129,2016534,0.00000706,1643.00000000,1
1531177646256,1531177646256,2016535,0.00000709,671.00000000,0
1531177787178,1531177787180,2016536,0.00000709,153.00000000,0
1531177860543,1531177860544,2016537,0.00000709,148.00000000,0
1531177882128,1531177882129,2016538,0.00000710,1124.00000000,0
1531177893170,1531177893173,2016539,0.00000711,6328.00000000,0
1531177905925,1531177905927,2016540,0.00000711,57.00000000,0
1531177933939,1531177933941,2016541,0.00000711,101.00000000,0
1531177935474,1531177935476,2016542,0.00000711,500.00000000,0
1531177935497,1531177935499,2016543,0.00000711,1024.00000000,0
1531177984598,1531177984601,2016544,0.00000708,1571.00000000,1
1531178009133,1531178009136,2016545,0.00000708,153.00000000,1
1531178038053,1531178038055,2016546,0.00000708,153.00000000,1
1531178094121,1531178094122,2016547,0.00000708,2897.00000000,1
1531178366144,1531178366148,2016548,0.00000708,892.00000000,1
1531178366227,1531178366231,2016549,0.00000708,561.00000000,1
1531178366227,1531178366231,2016550,0.00000706,331.00000000,1
1531178383926,1531178383930,2016551,0.00000706,179.00000000,1
1531178554423,1531178554427,2016552,0.00000708,2008.00000000,1
1531178572325,1531178572328,2016553,0.00000708,1416.00000000,1
1531178580777,1531178580782,2016554,0.00000707,1000.00000000,1
1531178586949,1531178586953,2016555,0.00000708,550.00000000,1
1531178619810,1531178619814,2016556,0.00000707,521.00000000,1
1531178716114,1531178716118,2016557,0.00000709,368.00000000,1
1531178725645,1531178725651,2016558,0.00000711,142.00000000,0
1531178749109,1531178749114,2016559,0.00000708,375.00000000,1
1531178750390,1531178750395,2016560,0.00000708,220.00000000,1
1531178780963,1531178780968,2016561,0.00000709,302.00000000,1
1531178810977,1531178810981,2016562,0.00000709,346.00000000,1
1531178882950,1531178882955,2016563,0.00000710,88.00000000,0
1531178908432,1531178908438,2016564,0.00000710,279.00000000,0
1531178977800,1531178977806,2016565,0.00000709,307.00000000,0
1531178987753,1531178987757,2016566,0.00000708,4885.00000000,1
1531178987753,1531178987757,2016567,0.00000707,2689.00000000,1
1531178987753,1531178987757,2016568,0.00000706,11401.00000000,1
1531178987778,1531178987784,2016569,0.00000706,191.00000000,0
1531178987781,1531178987786,2016570,0.00000706,5961.00000000,0
1531178987787,1531178987792,2016571,0.00000706,191.00000000,0
1531178987804,1531178987810,2016572,0.00000706,191.00000000,0
1531178987819,1531178987825,2016573,0.00000706,191.00000000,0
1531179001499,1531179001503,2016574,0.00000704,363.00000000,1
1531179001499,1531179001503,2016575,0.00000702,7538.00000000,1
1531179001499,1531179001503,2016576,0.00000699,6423.00000000,1
1531179001499,1531179001503,2016577,0.00000697,5369.00000000,1
1531179002076,1531179002081,2016578,0.00000700,424.00000000,0
1531179002081,1531179002085,2016579,0.00000700,178.00000000,0
1531179002097,1531179002102,2016580,0.00000700,311.00000000,0
1531179002112,1531179002117,2016581,0.00000700,3146.00000000,0
1531179002520,1531179002524,2016582,0.00000700,311.00000000,0
1531179002529,1531179002536,2016583,0.00000700,3.00000000,0
1531179002838,1531179002842,2016584,0.00000702,387.00000000,0
1531179003140,1531179003145,2016585,0.00000702,6036.00000000,0
1531179003140,1531179003145,2016586,0.00000706,701.00000000,0
1531179019756,1531179019763,2016587,0.00000706,470.00000000,0
1531179037593,1531179037599,2016588,0.00000706,1746.00000000,0
1531179104997,1531179104996,2016589,0.00000702,1954.00000000,1
1531179104997,1531179104996,2016590,0.00000699,5033.00000000,1
1531179104997,1531179104996,2016591,0.00000698,1461.00000000,1
1531179108093,1531179108098,2016592,0.00000704,248.00000000,0
1531179153504,1531179153510,2016593,0.00000702,1461.00000000,0
1531179175867,1531179175871,2016594,0.00000703,1053.00000000,0
1531179277487,1531179277493,2016595,0.00000701,171.00000000,1
1531179291609,1531179291616,2016596,0.00000703,1422.00000000,0
1531179299983,1531179299988,2016597,0.00000703,214.00000000,0
1531179301530,1531179301535,2016598,0.00000703,196.00000000,0
1531179319011,1531179319016,2016599,0.00000703,1422.00000000,0
1531179336878,1531179336882,2016600,0.00000701,1954.00000000,1
1531179336878,1531179336882,2016601,0.00000700,977.00000000,1
1531179336891,1531179336896,2016602,0.00000700,5619.00000000,0
1531179336905,1531179336911,2016603,0.00000700,5635.00000000,0
1531179336913,1531179336919,2016604,0.00000700,748.00000000,0
1531179337899,1531179337904,2016605,0.00000700,311.00000000,0
1531179338632,1531179338637,2016606,0.00000699,506.00000000,0
1531179347130,1531179347135,2016607,0.00000699,34.00000000,0
1531179396052,1531179396057,2016608,0.00000700,174.00000000,0
1531179552440,1531179552445,2016609,0.00000700,142.00000000,0
1531179554240,1531179554245,2016610,0.00000700,193.00000000,0
1531179589751,1531179589755,2016611,0.00000699,229.00000000,1
1531179602215,1531179602221,2016612,0.00000700,1.00000000,0
1531179603791,1531179603798,2016613,0.00000699,1248.00000000,1
1531179607951,1531179607955,2016614,0.00000698,3908.00000000,1
1531179616496,1531179616502,2016615,0.00000696,288.00000000,1
1531179622064,1531179622072,2016616,0.00000696,29.00000000,0
1531179622064,1531179622072,2016617,0.00000698,193.00000000,0
1531179623854,1531179623861,2016618,0.00000696,508.00000000,0
1531179624823,1531179624829,2016619,0.00000696,110.00000000,0
1531179625021,1531179625027,2016620,0.00000694,5000.00000000,1
1531179625021,1531179625027,2016621,0.00000694,1408.00000000,1
1531179635142,1531179635149,2016622,0.00000696,952.00000000,0
1531179635527,1531179635530,2016623,0.00000696,952.00000000,0
1531179638133,1531179638139,2016624,0.00000696,426.00000000,0
1531179638619,1531179638624,2016625,0.00000696,426.00000000,0
1531179644320,1531179644325,2016626,0.00000694,2063.00000000,1
1531179644320,1531179644325,2016627,0.00000691,2174.00000000,1
1531179644320,1531179644325,2016628,0.00000690,2460.00000000,1
1531179644320,1531179644325,2016629,0.00000689,623.00000000,1
1531179644320,1531179644325,2016630,0.00000688,7604.00000000,1
1531179644321,1531179644325,2016631,0.00000688,1746.00000000,1
1531179644845,1531179644853,2016632,0.00000691,7419.00000000,0
1531179645145,1531179645152,2016633,0.00000695,1446.00000000,0
1531179646153,1531179646157,2016634,0.00000694,318.00000000,0
1531179693993,1531179694001,2016635,0.00000692,146.00000000,1
1531179735191,1531179735198,2016636,0.00000693,292.00000000,1
1531179739047,1531179739053,2016637,0.00000693,260.00000000,1
1531179763520,1531179763526,2016638,0.00000695,552.00000000,0
1531179772455,1531179772461,2016639,0.00000692,212.00000000,1
1531179815946,1531179815951,2016640,0.00000694,794.00000000,0
1531179823093,1531179823098,2016641,0.00000694,75.00000000,0
1531179823093,1531179823098,2016642,0.00000696,69.00000000,0
1531179840071,1531179840079,2016643,0.00000692,201.00000000,1
1531179907420,1531179907427,2016644,0.00000693,199.00000000,1
1531179910671,1531179910676,2016645,0.00000693,200.00000000,1
1531179919052,1531179919059,2016646,0.00000693,192.00000000,1
1531179960066,1531179960072,2016647,0.00000694,185.00000000,1
1531179997072,1531179997081,2016648,0.00000695,195.00000000,1
1531180034088,1531180034096,2016649,0.00000695,195.00000000,1
1531180073070,1531180073077,2016650,0.00000695,198.00000000,1
1531180086690,1531180086697,2016651,0.00000695,1561.00000000,1
1531180103165,1531180103172,2016652,0.00000695,1628.00000000,0
1531180113043,1531180113050,2016653,0.00000694,215.00000000,1
1531180144808,1531180144814,2016654,0.00000696,715.00000000,0
1531180148073,1531180148080,2016655,0.00000694,231.00000000,1
1531180184106,1531180184113,2016656,0.00000694,256.00000000,1
1531180213801,1531180213805,2016657,0.00000694,324.00000000,1
1531180225063,1531180225071,2016658,0.00000694,251.00000000,1
1531180231268,1531180231274,2016659,0.00000696,2582.00000000,0
1531180260053,1531180260059,2016660,0.00000694,247.00000000,1
1531180296118,1531180296126,2016661,0.00000694,246.00000000,1
1531180333225,1531180333231,2016662,0.00000694,202.00000000,1
1531180363092,1531180363099,2016663,0.00000694,188.00000000,1
1531180429159,1531180429167,2016664,0.00000694,161.00000000,1
1531180445293,1531180445299,2016665,0.00000696,1218.00000000,0
1531180445332,1531180445340,2016666,0.00000696,937.00000000,1
1531180450642,1531180450650,2016667,0.00000696,481.00000000,1
1531180485370,1531180485374,2016668,0.00000698,287.00000000,0
1531180486151,1531180486160,2016669,0.00000698,265.00000000,1
1531180499101,1531180499107,2016670,0.00000696,158.00000000,1
1531180508424,1531180508432,2016671,0.00000699,64.00000000,0
1531180532093,1531180532101,2016672,0.00000696,174.00000000,1
1531180563066,1531180563073,2016673,0.00000696,209.00000000,1
1531180590433,1531180590439,2016674,0.00000699,1077.00000000,0
1531180590464,1531180590471,2016675,0.00000699,907.00000000,1
1531180596056,1531180596062,2016676,0.00000696,204.00000000,1
1531180606531,1531180606537,2016677,0.00000696,1251.00000000,1
1531180608349,1531180608357,2016678,0.00000696,251.00000000,1
1531180631082,1531180631090,2016679,0.00000696,209.00000000,1
1531180666033,1531180666040,2016680,0.00000696,205.00000000,1
1531180731012,1531180731018,2016681,0.00000696,158.00000000,1
1531180812027,1531180812031,2016682,0.00000696,387.00000000,1
1531180837486,1531180837492,2016683,0.00000700,26.00000000,0
1531180863437,1531180863442,2016684,0.00000696,2454.00000000,1
1531180863554,1531180863560,2016685,0.00000696,3022.00000000,1
1531180864437,1531180864440,2016686,0.00000696,569.00000000,1
1531180864437,1531180864440,2016687,0.00000694,4518.00000000,1
1531180864437,1531180864440,2016688,0.00000693,14.00000000,1
1531181061587,1531181061592,2016689,0.00000697,1145.00000000,0
1531181061587,1531181061592,2016690,0.00000699,219.00000000,0
1531181061587,1531181061592,2016691,0.00000700,70.00000000,0
1531181439490,1531181439495,2016692,0.00000699,1.00000000,0
1531181588354,1531181588358,2016693,0.00000695,6598.00000000,1
1531181627068,1531181627072,2016694,0.00000695,1250.00000000,1
1531181635416,1531181635419,2016695,0.00000695,2093.00000000,1
1531181650828,1531181650831,2016696,0.00000693,730.00000000,1
1531181680103,1531181680107,2016697,0.00000693,2454.00000000,1
1531181715142,1531181715145,2016698,0.00000693,146.00000000,1
1531181715755,1531181715758,2016699,0.00000693,1988.00000000,1
1531181745334,1531181745338,2016700,0.00000692,3495.00000000,1
1531181755039,1531181755043,2016701,0.00000689,146.00000000,1
1531181755039,1531181755043,2016702,0.00000688,354.00000000,1
1531181815445,1531181815448,2016703,0.00000689,147.00000000,1
1531181979554,1531181979556,2016704,0.00000693,892.00000000,0
1531182024524,1531182024527,2016705,0.00000689,3908.00000000,1
1531182037809,1531182037811,2016706,0.00000689,336.00000000,1
1531182065500,1531182065504,2016707,0.00000693,259.00000000,0
1531182065596,1531182065600,2016708,0.00000693,1328.00000000,1
1531182070047,1531182070050,2016709,0.00000695,219.00000000,0
1531182111363,1531182111366,2016710,0.00000694,219.00000000,0
1531182111363,1531182111366,2016711,0.00000695,1584.00000000,0
1531182426805,1531182426807,2016712,0.00000690,5000.00000000,1
1531182429478,1531182429481,2016713,0.00000690,64.00000000,1
1531182480987,1531182480990,2016714,0.00000690,147.00000000,1
1531182501234,1531182501237,2016715,0.00000694,4.00000000,0
1531182956904,1531182956904,2016716,0.00000694,11.00000000,0
1531183315573,1531183315574,2016717,0.00000693,20674.00000000,1
1531183315733,1531183315733,2016718,0.00000694,5448.00000000,0
1531183317648,1531183317647,2016719,0.00000694,1743.00000000,0
1531183319653,1531183319653,2016720,0.00000694,872.00000000,0
1531183337509,1531183337508,2016721,0.00000695,923.00000000,0
1531183408205,1531183408205,2016722,0.00000696,2.00000000,0
1531183435113,1531183435109,2016723,0.00000693,3105.00000000,1
1531183435113,1531183435109,2016724,0.00000690,15299.00000000,1
1531183435113,1531183435109,2016725,0.00000689,1257.00000000,1
1531183435113,1531183435109,2016726,0.00000688,1820.00000000,1
1531183435113,1531183435109,2016727,0.00000687,5401.00000000,1
1531183530396,1531183530394,2016728,0.00000690,293.00000000,1
1531183630092,1531183630092,2016729,0.00000692,1954.00000000,1
1531183649426,1531183649426,2016730,0.00000692,294.00000000,1
1531183649441,1531183649440,2016731,0.00000692,300.00000000,0
1531183649466,1531183649466,2016732,0.00000692,300.00000000,0
1531183650363,1531183650362,2016733,0.00000692,156.00000000,0
1531183706324,1531183706322,2016734,0.00000695,144.00000000,0
1531183729902,1531183729900,2016735,0.00000695,2.00000000,0
1531183810663,1531183810662,2016736,0.00000695,1002.00000000,0
1531183938127,1531183938126,2016737,0.00000692,300.00000000,1
1531183938562,1531183938559,2016738,0.00000692,2856.00000000,1
1531184002791,1531184002788,2016739,0.00000696,144.00000000,0
1531184117069,1531184117068,2016740,0.00000692,157.00000000,1
1531184669631,1531184669627,2016741,0.00000696,1.00000000,0
1531184716247,1531184716244,2016742,0.00000693,158.00000000,1
1531184881861,1531184881857,2016743,0.00000693,157.00000000,1
1531184909466,1531184909460,2016744,0.00000693,13290.00000000,1
1531184909466,1531184909460,2016745,0.00000692,720.00000000,1
1531185268320,1531185268315,2016746,0.00000692,1014.00000000,1
1531185295619,1531185295614,2016747,0.00000692,157.00000000,1
1531185441725,1531185441719,2016748,0.00000692,157.00000000,1
1531185502069,1531185502064,2016749,0.00000692,157.00000000,1
1531185562358,1531185562354,2016750,0.00000692,157.00000000,1
1531185615369,1531185615362,2016751,0.00000692,4693.00000000,1
1531185615402,1531185615397,2016752,0.00000692,157.00000000,1
1531185685522,1531185685517,2016753,0.00000692,157.00000000,1
1531185707389,1531185707383,2016754,0.00000694,1.00000000,0
1531185723199,1531185723194,2016755,0.00000692,2663.00000000,1
1531185745148,1531185745143,2016756,0.00000692,157.00000000,1
1531185781947,1531185781942,2016757,0.00000692,157.00000000,1
1531185799146,1531185799141,2016758,0.00000692,458.00000000,1
1531185811136,1531185811130,2016759,0.00000692,157.00000000,1
1531185841065,1531185841058,2016760,0.00000692,157.00000000,1
1531185907013,1531185907007,2016761,0.00000692,317.00000000,1
1531185917290,1531185917284,2016762,0.00000692,157.00000000,1
1531185957540,1531185957533,2016763,0.00000692,157.00000000,1
1531185996018,1531185996012,2016764,0.00000692,157.00000000,1
1531186091108,1531186091101,2016765,0.00000692,157.00000000,1
1531186129218,1531186129212,2016766,0.00000692,159.00000000,1
1531186129253,1531186129247,2016767,0.00000692,157.00000000,1
1531186167086,1531186167081,2016768,0.00000692,157.00000000,1
1531186220116,1531186220111,2016769,0.00000692,392.00000000,1
1531186235121,1531186235116,2016770,0.00000692,157.00000000,1
1531186267586,1531186267579,2016771,0.00000692,157.00000000,1
1531186278238,1531186278232,2016772,0.00000692,3724.00000000,1
1531186287096,1531186287089,2016773,0.00000692,11803.00000000,1
1531186391845,1531186391839,2016774,0.00000692,8646.00000000,1
1531186404482,1531186404475,2016775,0.00000690,157.00000000,1
1531186404576,1531186404570,2016776,0.00000690,1544.00000000,1
1531186417408,1531186417401,2016777,0.00000688,15.00000000,1
1531186418615,1531186418609,2016778,0.00000692,1.00000000,0
1531186426443,1531186426438,2016779,0.00000692,1152.00000000,0
1531186426443,1531186426438,2016780,0.00000693,293.00000000,0
1531186460288,1531186460283,2016781,0.00000688,147.00000000,1
1531186691913,1531186691908,2016782,0.00000688,1552.00000000,1
1531186696903,1531186696897,2016783,0.00000688,4496.00000000,1
1531186807208,1531186807202,2016784,0.00000688,4.00000000,0
1531186862516,1531186862511,2016785,0.00000688,19775.00000000,0
1531186862516,1531186862511,2016786,0.00000689,8070.00000000,0
1531186862516,1531186862511,2016787,0.00000689,18.00000000,0
1531186863637,1531186863630,2016788,0.00000688,317.00000000,1
1531186869565,1531186869560,2016789,0.00000688,1984.00000000,1
1531186870034,1531186870030,2016790,0.00000688,1645.00000000,1
1531186870172,1531186870167,2016791,0.00000688,414.00000000,1
1531186907185,1531186907178,2016792,0.00000686,138.00000000,1
1531186908042,1531186908035,2016793,0.00000686,2582.00000000,1
1531186908906,1531186908900,2016794,0.00000686,5.00000000,1
1531186964278,1531186964272,2016795,0.00000686,148.00000000,1
1531186993517,1531186993511,2016796,0.00000688,3.00000000,0
1531187179062,1531187179058,2016797,0.00000688,4360.00000000,0
1531187244939,1531187244934,2016798,0.00000686,167.00000000,1
1531187261098,1531187261092,2016799,0.00000688,204.00000000,0
1531187541482,1531187541477,2016800,0.00000688,2888.00000000,0
1531187554819,1531187554813,2016801,0.00000686,1267.00000000,1
1531187680127,1531187680122,2016802,0.00000688,542.00000000,0
1531187720798,1531187720793,2016803,0.00000688,914.00000000,0
1531187727423,1531187727418,2016804,0.00000688,4360.00000000,0
1531187886338,1531187886333,2016805,0.00000686,9850.00000000,1
1531187976104,1531187976099,2016806,0.00000686,526.00000000,0
1531188005139,1531188005134,2016807,0.00000686,1457.00000000,0
1531188015190,1531188015185,2016808,0.00000686,158.00000000,0
1531188053090,1531188053086,2016809,0.00000685,304.00000000,1
1531188053090,1531188053086,2016810,0.00000685,1474.00000000,1
1531188099252,1531188099246,2016811,0.00000686,1457.00000000,0
1531188185568,1531188185564,2016812,0.00000686,4966.00000000,1
1531188185568,1531188185564,2016813,0.00000685,12820.00000000,1
1531188186310,1531188186305,2016814,0.00000684,1313.00000000,1
1531188186310,1531188186305,2016815,0.00000683,1584.00000000,1
1531188195080,1531188195076,2016816,0.00000685,158.00000000,0
1531188232093,1531188232089,2016817,0.00000685,159.00000000,0
1531188236490,1531188236486,2016818,0.00000683,148.00000000,1
1531188236757,1531188236752,2016819,0.00000685,1.00000000,0
1531188304104,1531188304100,2016820,0.00000685,159.00000000,0
1531188337168,1531188337165,2016821,0.00000685,2901.00000000,0
1531188337938,1531188337936,2016822,0.00000684,2901.00000000,0
1531188338061,1531188338057,2016823,0.00000684,1206.00000000,0
1531188348866,1531188348863,2016824,0.00000684,1082.00000000,0
1531188372578,1531188372573,2016825,0.00000684,1461.00000000,0
1531188483800,1531188483796,2016826,0.00000683,3415.00000000,1
1531188484406,1531188484402,2016827,0.00000682,2198.00000000,1
1531188486199,1531188486194,2016828,0.00000681,296.00000000,1
1531188486199,1531188486194,2016829,0.00000680,844.00000000,1
1531188486272,1531188486267,2016830,0.00000681,183.00000000,0
1531188509972,1531188509968,2016831,0.00000680,3719.00000000,1
1531188524942,1531188524937,2016832,0.00000680,768.00000000,0
1531188524942,1531188524937,2016833,0.00000681,639.00000000,0
1531188576203,1531188576200,2016834,0.00000681,734.00000000,0
1531188580266,1531188580262,2016835,0.00000679,105.00000000,1
1531188581041,1531188581037,2016836,0.00000679,191.00000000,1
1531188583423,1531188583421,2016837,0.00000679,21.00000000,0
1531188584408,1531188584404,2016838,0.00000679,1261.00000000,0
1531188584707,1531188584702,2016839,0.00000681,1261.00000000,0
1531188586243,1531188586239,2016840,0.00000681,859.00000000,0
1531188589475,1531188589471,2016841,0.00000681,514.00000000,0
1531188591433,1531188591429,2016842,0.00000679,1.00000000,1
1531188591433,1531188591429,2016843,0.00000678,1177.00000000,1
1531188591433,1531188591429,2016844,0.00000676,5093.00000000,1
1531188605818,1531188605815,2016845,0.00000676,51.00000000,1
1531188605818,1531188605815,2016846,0.00000675,196.00000000,1
1531188606304,1531188606301,2016847,0.00000675,297.00000000,1
1531188607255,1531188607252,2016848,0.00000675,247.00000000,1
1531188607382,1531188607379,2016849,0.00000675,247.00000000,1
1531188607887,1531188607884,2016850,0.00000675,247.00000000,1
1531188623476,1531188623472,2016851,0.00000675,1408.00000000,1
1531188640903,1531188640899,2016852,0.00000675,150.00000000,1
1531188642614,1531188642611,2016853,0.00000675,150.00000000,1
1531188650425,1531188650420,2016854,0.00000677,204.00000000,0
1531188650425,1531188650420,2016855,0.00000678,1177.00000000,0
1531188650425,1531188650420,2016856,0.00000681,316.00000000,0
1531188653944,1531188653940,2016857,0.00000681,231.00000000,0
1531188681203,1531188681200,2016858,0.00000681,2918.00000000,0
1531188683227,1531188683223,2016859,0.00000681,1825.00000000,0
1531188765164,1531188765162,2016860,0.00000682,3038.00000000,0
1531188766177,1531188766175,2016861,0.00000681,219.00000000,0
1531188766737,1531188766734,2016862,0.00000682,12228.00000000,0
1531188767052,1531188767049,2016863,0.00000682,284.00000000,0
1531188901160,1531188901157,2016864,0.00000682,160.00000000,1
1531188901312,1531188901309,2016865,0.00000682,155.00000000,1
1531188925196,1531188925192,2016866,0.00000682,4010.00000000,1
1531189120337,1531189120336,2016867,0.00000679,1175.00000000,1
1531189156156,1531189156153,2016868,0.00000678,2918.00000000,1
1531189193253,1531189193251,2016869,0.00000678,2919.00000000,1
1531189231139,1531189231136,2016870,0.00000678,2916.00000000,1
1531189366193,1531189366191,2016871,0.00000682,2.00000000,0
1531189398183,1531189398179,2016872,0.00000678,1081.00000000,1
1531189416774,1531189416770,2016873,0.00000681,1171.00000000,0
1531189433023,1531189433020,2016874,0.00000684,398.00000000,0
1531189433075,1531189433071,2016875,0.00000685,1513.00000000,0
1531189433075,1531189433071,2016876,0.00000686,1046.00000000,0
1531189445817,1531189445815,2016877,0.00000683,892.00000000,1
1531189445825,1531189445822,2016878,0.00000683,276.00000000,1
1531189462967,1531189462964,2016879,0.00000683,1464.00000000,0
1531189465147,1531189465144,2016880,0.00000683,415.00000000,0
1531189465147,1531189465144,2016881,0.00000684,1166.00000000,0
1531189500137,1531189500134,2016882,0.00000684,1166.00000000,1
1531189500137,1531189500134,2016883,0.00000682,1734.00000000,1
1531189518430,1531189518426,2016884,0.00000682,574.00000000,1
1531189535067,1531189535064,2016885,0.00000682,2907.00000000,1
1531189746462,1531189746460,2016886,0.00000682,12.00000000,1
1531189746462,1531189746460,2016887,0.00000679,1059.00000000,1
1531189763256,1531189763252,2016888,0.00000679,2909.00000000,1
1531189763365,1531189763362,2016889,0.00000679,1043.00000000,1
1531189763365,1531189763362,2016890,0.00000678,712.00000000,1
1531189763365,1531189763362,2016891,0.00000677,324.00000000,1
1531189798136,1531189798132,2016892,0.00000680,1173.00000000,0
1531189798136,1531189798132,2016893,0.00000681,1737.00000000,0
1531189799867,1531189799864,2016894,0.00000681,1217.00000000,0
1531189835096,1531189835094,2016895,0.00000680,1173.00000000,1
1531189852809,1531189852806,2016896,0.00000679,298.00000000,1
1531189969276,1531189969273,2016897,0.00000679,868.00000000,1
1531189999954,1531189999953,2016898,0.00000682,20.00000000,0
1531190029294,1531190029291,2016899,0.00000679,9.00000000,1
1531190029294,1531190029291,2016900,0.00000677,2645.00000000,1
1531190070263,1531190070261,2016901,0.00000676,109.00000000,1
1531190518070,1531190518068,2016902,0.00000679,1.00000000,0
1531190729335,1531190729331,2016903,0.00000679,736.00000000,0
1531190854352,1531190854349,2016904,0.00000679,439.00000000,0
1531190854352,1531190854349,2016905,0.00000682,1033.00000000,0
1531190878112,1531190878110,2016906,0.00000679,160.00000000,1
1531190897158,1531190897154,2016907,0.00000679,436.00000000,1
1531190901084,1531190901082,2016908,0.00000679,316.00000000,1
1531190901084,1531190901082,2016909,0.00000678,1142.00000000,1
1531190998544,1531190998540,2016910,0.00000678,2.00000000,0
1531191094175,1531191094173,2016911,0.00000678,160.00000000,0
1531191097215,1531191097211,2016912,0.00000676,1597.00000000,1
1531191148365,1531191148365,2016913,0.00000676,150.00000000,1
1531191222866,1531191222862,2016914,0.00000677,1477.00000000,0
1531191339025,1531191339021,2016915,0.00000675,14942.00000000,1
1531191399766,1531191399763,2016916,0.00000675,161.00000000,1
1531191468063,1531191468059,2016917,0.00000675,161.00000000,1
1531191504503,1531191504498,2016918,0.00000677,1477.00000000,0
1531191638135,1531191638134,2016919,0.00000675,4177.00000000,1
1531191639911,1531191639907,2016920,0.00000675,1024.00000000,1
1531191640059,1531191640056,2016921,0.00000675,668.00000000,1
1531191642067,1531191642062,2016922,0.00000675,1334.00000000,1
1531191674522,1531191674522,2016923,0.00000675,183.00000000,1
1531191686098,1531191686095,2016924,0.00000675,161.00000000,1
1531191720064,1531191720060,2016925,0.00000677,161.00000000,0
1531191882010,1531191882006,2016926,0.00000675,163.00000000,1
1531191886827,1531191886822,2016927,0.00000676,516.00000000,0
1531191930919,1531191930915,2016928,0.00000676,361.00000000,0
1531191945409,1531191945406,2016929,0.00000676,80.00000000,1
1531192001498,1531192001495,2016930,0.00000675,3797.00000000,1
1531192012541,1531192012538,2016931,0.00000676,160.00000000,0
1531192279081,1531192279076,2016932,0.00000676,161.00000000,1
1531192280176,1531192280170,2016933,0.00000676,161.00000000,1
1531192281260,1531192281256,2016934,0.00000676,161.00000000,1
1531192298195,1531192298192,2016935,0.00000676,159.00000000,1
1531192299074,1531192299071,2016936,0.00000676,159.00000000,1
1531192299235,1531192299231,2016937,0.00000676,159.00000000,1
1531192452135,1531192452130,2016938,0.00000676,1515.00000000,1
1531192495390,1531192495387,2016939,0.00000679,197.00000000,0
1531192552055,1531192552052,2016940,0.00000679,160.00000000,0
1531192554449,1531192554445,2016941,0.00000679,267.00000000,0
1531192657283,1531192657278,2016942,0.00000679,484.00000000,0
1531192657314,1531192657313,2016943,0.00000679,67.00000000,0
1531192657326,1531192657321,2016944,0.00000681,484.00000000,0
1531192657742,1531192657740,2016945,0.00000681,484.00000000,0
1531192687067,1531192687065,2016946,0.00000679,248.00000000,1
1531192690068,1531192690067,2016947,0.00000681,1378.00000000,0
1531192690462,1531192690457,2016948,0.00000681,1378.00000000,0
1531192691620,1531192691617,2016949,0.00000681,1378.00000000,0
1531192723059,1531192723057,2016950,0.00000681,2912.00000000,0
1531192723423,1531192723419,2016951,0.00000681,1261.00000000,0
1531192725013,1531192725009,2016952,0.00000681,616.00000000,0
1531192758054,1531192758051,2016953,0.00000679,159.00000000,1
1531192790079,1531192790075,2016954,0.00000679,10.00000000,1
1531192790079,1531192790075,2016955,0.00000678,1177.00000000,1
1531192893068,1531192893063,2016956,0.00000681,693.00000000,0
1531192925061,1531192925056,2016957,0.00000678,484.00000000,1
1531192959094,1531192959088,2016958,0.00000678,584.00000000,1
1531192992077,1531192992071,2016959,0.00000678,514.00000000,1
1531193028077,1531193028072,2016960,0.00000676,379.00000000,1
1531193587514,1531193587508,2016961,0.00000676,22.00000000,1
1531193611658,1531193611653,2016962,0.00000676,112.00000000,1
1531193648439,1531193648434,2016963,0.00000679,190.00000000,0
1531193682916,1531193682912,2016964,0.00000679,264.00000000,0
1531193755133,1531193755129,2016965,0.00000679,160.00000000,0
1531193841822,1531193841818,2016966,0.00000676,429.00000000,1
1531193987693,1531193987686,2016967,0.00000676,5.00000000,1
1531194000500,1531194000497,2016968,0.00000676,1369.00000000,1
1531194346102,1531194346096,2016969,0.00000678,160.00000000,0
1531194485101,1531194485094,2016970,0.00000678,102.00000000,0
1531194485101,1531194485094,2016971,0.00000679,58.00000000,0
1531194924390,1531194924383,2016972,0.00000676,4669.00000000,1
1531194924420,1531194924416,2016973,0.00000676,267.00000000,1
1531195096141,1531195096137,2016974,0.00000676,387.00000000,1
1531195339194,1531195339188,2016975,0.00000679,503.00000000,0
1531195375200,1531195375194,2016976,0.00000678,720.00000000,1
1531195375200,1531195375194,2016977,0.00000677,4.00000000,1
1531195960142,1531195960137,2016978,0.00000677,160.00000000,1
1531196035711,1531196035706,2016979,0.00000677,154.00000000,1
1531196067061,1531196067057,2016980,0.00000676,161.00000000,1
1531196215113,1531196215109,2016981,0.00000679,160.00000000,0
1531196219205,1531196219202,2016982,0.00000676,160.00000000,1
1531196263168,1531196263162,2016983,0.00000679,1024.00000000,0
1531196263211,1531196263207,2016984,0.00000679,331.00000000,0
1531196284075,1531196284069,2016985,0.00000676,371.00000000,1
1531196954113,1531196954107,2016986,0.00000676,1293.00000000,1
1531197028710,1531197028705,2016987,0.00000675,8445.00000000,1
1531197038683,1531197038679,2016988,0.00000674,222.00000000,1
1531197040562,1531197040557,2016989,0.00000675,5197.00000000,1
1531197050879,1531197050874,2016990,0.00000675,5197.00000000,1
1531197054545,1531197054540,2016991,0.00000675,5197.00000000,1
1531197065114,1531197065109,2016992,0.00000675,5197.00000000,1
1531197074649,1531197074643,2016993,0.00000675,5197.00000000,1
1531197102161,1531197102157,2016994,0.00000673,1142.00000000,1
1531197102162,1531197102157,2016995,0.00000672,270.00000000,1
1531197103100,1531197103096,2016996,0.00000672,7.00000000,1
1531197109707,1531197109701,2016997,0.00000675,158.00000000,1
1531197110016,1531197110011,2016998,0.00000673,578.00000000,0
1531197125156,1531197125151,2016999,0.00000673,1116.00000000,0
1531197149600,1531197149595,2017000,0.00000672,32797.00000000,1
1531197163074,1531197163069,2017001,0.00000671,7881.00000000,1
1531197171061,1531197171056,2017002,0.00000670,1439.00000000,1
1531197171061,1531197171056,2017003,0.00000669,813.00000000,1
1531197207283,1531197207278,2017004,0.00000669,151.00000000,1
1531197212998,1531197212994,2017005,0.00000669,6707.00000000,1
1531197215702,1531197215699,2017006,0.00000669,6736.00000000,1
1531197257034,1531197257028,2017007,0.00000669,495.00000000,1
1531197266989,1531197266988,2017008,0.00000668,303.00000000,1
1531197311817,1531197311814,2017009,0.00000668,166.00000000,1
1531197388738,1531197388736,2017010,0.00000672,51.00000000,0
1531197645381,1531197645377,2017011,0.00000672,3.00000000,0
1531197653213,1531197653208,2017012,0.00000672,4376.00000000,0
1531197708524,1531197708520,2017013,0.00000672,1488.00000000,0
1531197743807,1531197743803,2017014,0.00000672,206.00000000,0
1531197773089,1531197773084,2017015,0.00000669,5968.00000000,1
1531197778200,1531197778199,2017016,0.00000668,1913.00000000,1
1531197804809,1531197804805,2017017,0.00000672,4553.00000000,0
1531197807252,1531197807248,2017018,0.00000672,1111.00000000,0
1531197808807,1531197808803,2017019,0.00000672,371.00000000,0
1531197832723,1531197832719,2017020,0.00000668,152.00000000,1
1531197856359,1531197856356,2017021,0.00000668,17.00000000,1
1531197960230,1531197960224,2017022,0.00000672,5.00000000,0
1531197989893,1531197989888,2017023,0.00000669,1956.00000000,1
1531198027858,1531198027854,2017024,0.00000672,529.00000000,0
1531198046387,1531198046385,2017025,0.00000672,733.00000000,0
1531198151229,1531198151223,2017026,0.00000672,3271.00000000,0
1531198198183,1531198198179,2017027,0.00000672,4464.00000000,0
1531198215463,1531198215461,2017028,0.00000672,206.00000000,0
1531198244845,1531198244840,2017029,0.00000672,1955.00000000,0
1531198577319,1531198577313,2017030,0.00000669,529.00000000,1
1531198809975,1531198809973,2017031,0.00000669,751.00000000,1
1531198817752,1531198817748,2017032,0.00000671,298.00000000,0
1531198817816,1531198817810,2017033,0.00000671,697.00000000,0
1531198817925,1531198817922,2017034,0.00000671,1195.00000000,0
1531198898107,1531198898101,2017035,0.00000669,4458.00000000,1
1531199009162,1531199009158,2017036,0.00000669,363.00000000,1
1531199047505,1531199047501,2017037,0.00000671,71.00000000,0
1531199138667,1531199138665,2017038,0.00000671,2.00000000,0
1531199157084,1531199157083,2017039,0.00000669,163.00000000,1
1531199163040,1531199163035,2017040,0.00000669,9511.00000000,1
1531199164691,1531199164686,2017041,0.00000669,441.00000000,1
1531199165438,1531199165435,2017042,0.00000669,516.00000000,1
1531199208191,1531199208187,2017043,0.00000669,1199.00000000,1
1531199215751,1531199215746,2017044,0.00000671,4425.00000000,0
1531199217150,1531199217146,2017045,0.00000671,1457.00000000,0
1531199264081,1531199264077,2017046,0.00000669,163.00000000,1
1531199699810,1531199699806,2017047,0.00000669,1765.00000000,1
1531199970058,1531199970052,2017048,0.00000669,163.00000000,1
1531200110208,1531200110204,2017049,0.00000672,1.00000000,0
1531200189275,1531200189270,2017050,0.00000670,354.00000000,0
1531200642327,1531200642328,2017051,0.00000665,788.00000000,1
1531200645121,1531200645118,2017052,0.00000669,19.00000000,0
1531200653078,1531200653072,2017053,0.00000669,750.00000000,0
1531200671335,1531200671333,2017054,0.00000665,1278.00000000,1
1531200743286,1531200743282,2017055,0.00000665,1555.00000000,1
1531200745429,1531200745423,2017056,0.00000664,612.00000000,1
1531200746960,1531200746954,2017057,0.00000664,5851.00000000,1
1531200747384,1531200747379,2017058,0.00000664,612.00000000,0
1531200749345,1531200749339,2017059,0.00000662,9180.00000000,1
1531200750961,1531200750959,2017060,0.00000661,8.00000000,1
1531200750961,1531200750959,2017061,0.00000661,517.00000000,1
1531200751799,1531200751795,2017062,0.00000662,2170.00000000,1
1531200752328,1531200752322,2017063,0.00000664,525.00000000,0
1531200756106,1531200756101,2017064,0.00000666,10.00000000,0
1531200757337,1531200757335,2017065,0.00000665,212.00000000,0
1531200762278,1531200762276,2017066,0.00000666,40.00000000,0
1531200769195,1531200769191,2017067,0.00000662,10.00000000,1
1531200774926,1531200774921,2017068,0.00000662,1492.00000000,1
1531200776439,1531200776435,2017069,0.00000662,1432.00000000,1
1531200777271,1531200777266,2017070,0.00000662,1461.00000000,1
1531200789382,1531200789378,2017071,0.00000662,1660.00000000,1
1531200789404,1531200789398,2017072,0.00000662,341.00000000,0
1531200802991,1531200802986,2017073,0.00000663,153.00000000,1
1531200812292,1531200812291,2017074,0.00000663,940.00000000,1
1531200812325,1531200812321,2017075,0.00000663,2761.00000000,0
1531200812654,1531200812656,2017076,0.00000663,1191.00000000,0
1531200813808,1531200813804,2017077,0.00000664,1201.00000000,0
1531200817412,1531200817407,2017078,0.00000663,704.00000000,1
1531200843333,1531200843332,2017079,0.00000665,166.00000000,0
1531200922839,1531200922836,2017080,0.00000665,247.00000000,1
1531200922875,1531200922871,2017081,0.00000665,948.00000000,0
1531200958795,1531200958792,2017082,0.00000664,940.00000000,1
1531200959086,1531200959082,2017083,0.00000664,4191.00000000,0
1531200959086,1531200959082,2017084,0.00000665,2692.00000000,0
1531201085139,1531201085135,2017085,0.00000666,909.00000000,0
1531201289697,1531201289693,2017086,0.00000664,580.00000000,1
1531201325061,1531201325057,2017087,0.00000666,8.00000000,0
1531201466257,1531201466252,2017088,0.00000666,6.00000000,0
1531201466867,1531201466861,2017089,0.00000665,5408.00000000,0
1531201698100,1531201698095,2017090,0.00000666,166.00000000,0
1531201744628,1531201744624,2017091,0.00000666,1497.00000000,0
1531201759140,1531201759137,2017092,0.00000666,768.00000000,0
1531202711681,1531202711676,2017093,0.00000665,3000.00000000,0
1531202714608,1531202714606,2017094,0.00000665,261.00000000,0
1531202744408,1531202744403,2017095,0.00000666,1.00000000,0
1531202753839,1531202753835,2017096,0.00000664,1.00000000,1
1531202802094,1531202802092,2017097,0.00000664,106.00000000,1
1531202930515,1531202930510,2017098,0.00000664,7305.00000000,1
1531202973495,1531202973493,2017099,0.00000665,885.00000000,1
1531202973495,1531202973493,2017100,0.00000664,2179.00000000,1
1531202973495,1531202973493,2017101,0.00000663,449.00000000,1
1531202973495,1531202973493,2017102,0.00000662,166.00000000,1
1531202973495,1531202973493,2017103,0.00000661,152.00000000,1
1531202973495,1531202973493,2017104,0.00000660,10020.00000000,1
1531202973495,1531202973493,2017105,0.00000660,1399.00000000,1
1531203015565,1531203015559,2017106,0.00000662,8236.00000000,1
1531203015565,1531203015559,2017107,0.00000660,7741.00000000,1
1531203015565,1531203015559,2017108,0.00000659,153.00000000,1
1531203015565,1531203015559,2017109,0.00000658,15000.00000000,1
1531203015565,1531203015559,2017110,0.00000657,10425.00000000,1
1531203016610,1531203016604,2017111,0.00000664,8056.00000000,0
1531203016610,1531203016604,2017112,0.00000665,243.00000000,0
1531203017595,1531203017590,2017113,0.00000665,1960.00000000,0
1531203023336,1531203023339,2017114,0.00000660,154.00000000,1
1531203024259,1531203024256,2017115,0.00000665,1200.00000000,0
1531203063371,1531203063368,2017116,0.00000663,153.00000000,1
1531203065465,1531203065468,2017117,0.00000665,166.00000000,0
1531203081785,1531203081782,2017118,0.00000663,582.00000000,1
1531203083822,1531203083821,2017119,0.00000665,158.00000000,0
1531203090438,1531203090438,2017120,0.00000665,15000.00000000,0
1531203102889,1531203102885,2017121,0.00000663,305.00000000,1
1531203130273,1531203130268,2017122,0.00000665,27863.00000000,0
1531203190495,1531203190491,2017123,0.00000663,901.00000000,1
1531203264350,1531203264346,2017124,0.00000666,150.00000000,0
1531203333077,1531203333072,2017125,0.00000666,186.00000000,0
1531203737295,1531203737292,2017126,0.00000666,1.00000000,0
1531203854413,1531203854408,2017127,0.00000666,1501.00000000,0
1531204042099,1531204042094,2017128,0.00000666,1501.00000000,0
1531204126382,1531204126379,2017129,0.00000663,1923.00000000,1
1531204126382,1531204126379,2017130,0.00000662,166.00000000,1
1531204126382,1531204126379,2017131,0.00000659,153.00000000,1
1531204126382,1531204126379,2017132,0.00000658,5178.00000000,1
1531204126382,1531204126379,2017133,0.00000657,10490.00000000,1
1531204126396,1531204126393,2017134,0.00000657,702.00000000,0
1531204126420,1531204126416,2017135,0.00000666,702.00000000,0
1531204126448,1531204126443,2017136,0.00000660,702.00000000,1
1531204126456,1531204126452,2017137,0.00000660,520.00000000,1
1531204126456,1531204126452,2017138,0.00000657,182.00000000,1
1531204127498,1531204127493,2017139,0.00000657,702.00000000,1
1531204129660,1531204129652,2017140,0.00000657,1222.00000000,1
1531204130696,1531204130697,2017141,0.00000664,5178.00000000,0
1531204137112,1531204137111,2017142,0.00000664,1201.00000000,0
1531204139047,1531204139043,2017143,0.00000665,1329.00000000,0
1531204140106,1531204140104,2017144,0.00000664,866.00000000,0
1531204149866,1531204149861,2017145,0.00000662,2146.00000000,1
1531204149866,1531204149861,2017146,0.00000658,582.00000000,1
1531204150901,1531204150896,2017147,0.00000664,582.00000000,0
1531204153063,1531204153058,2017148,0.00000665,1142.00000000,0
1531204153203,1531204153201,2017149,0.00000661,1300.00000000,1
1531204154125,1531204154109,2017150,0.00000664,1300.00000000,0
1531204163143,1531204163138,2017151,0.00000662,720.00000000,1
1531204163143,1531204163138,2017152,0.00000660,8.00000000,1
1531204194638,1531204194634,2017153,0.00000662,153.00000000,1
1531204203400,1531204203396,2017154,0.00000664,166.00000000,0
1531204311200,1531204311198,2017155,0.00000664,57.00000000,1
1531204669542,1531204669542,2017156,0.00000664,407.00000000,0
1531204689722,1531204689718,2017157,0.00000665,1503.00000000,0
1531204889411,1531204889384,2017158,0.00000662,2.00000000,1
1531205109116,1531205109112,2017159,0.00000662,2.00000000,1
1531205154849,1531205154846,2017160,0.00000663,1184.00000000,0
1531205167284,1531205167281,2017161,0.00000665,1503.00000000,0
1531205386044,1531205386045,2017162,0.00000664,27827.00000000,0
1531205515199,1531205515196,2017163,0.00000663,1088.00000000,1
1531205734897,1531205734892,2017164,0.00000663,799.00000000,1
1531206313911,1531206313907,2017165,0.00000663,183.00000000,0
1531206315189,1531206315185,2017166,0.00000663,263.00000000,0
1531206347496,1531206347494,2017167,0.00000663,340.00000000,0
1531206564085,1531206564082,2017168,0.00000661,1894.00000000,1
1531206564548,1531206564545,2017169,0.00000661,59.00000000,0
1531206564548,1531206564545,2017170,0.00000663,1665.00000000,0
1531206564989,1531206564987,2017171,0.00000660,1209.00000000,1
1531206565280,1531206565276,2017172,0.00000660,1024.00000000,0
1531206566724,1531206566721,2017173,0.00000659,760.00000000,0
1531206571390,1531206571386,2017174,0.00000659,1499.00000000,0
1531206571489,1531206571485,2017175,0.00000659,521.00000000,0
1531206575807,1531206575803,2017176,0.00000660,1209.00000000,0
1531206716060,1531206716057,2017177,0.00000661,750.00000000,0
1531206816095,1531206816092,2017178,0.00000660,885.00000000,1
1531206817672,1531206817669,2017179,0.00000661,280.00000000,0
1531206906566,1531206906563,2017180,0.00000661,470.00000000,0
1531207026523,1531207026519,2017181,0.00000661,210.00000000,0
1531207107636,1531207107633,2017182,0.00000658,289.00000000,1
1531207117845,1531207117843,2017183,0.00000658,1243.00000000,1
1531207149221,1531207149218,2017184,0.00000658,253.00000000,0
1531207149254,1531207149251,2017185,0.00000659,1211.00000000,0
1531207149254,1531207149251,2017186,0.00000663,2588.00000000,0
1531207149409,1531207149406,2017187,0.00000663,1519.00000000,0
1531207164894,1531207164891,2017188,0.00000659,154.00000000,1
1531207180063,1531207180059,2017189,0.00000662,421.00000000,1
1531207180287,1531207180284,2017190,0.00000662,400.00000000,1
1531207203190,1531207203187,2017191,0.00000662,64.00000000,1
1531207320600,1531207320597,2017192,0.00000659,382.00000000,1
1531207322003,1531207321999,2017193,0.00000662,2824.00000000,0
1531207322003,1531207321999,2017194,0.00000663,10776.00000000,0
1531207437772,1531207437769,2017195,0.00000659,237.00000000,1
1531207473072,1531207473068,2017196,0.00000659,277.00000000,1
1531207574764,1531207574761,2017197,0.00000659,493.00000000,1
1531207690348,1531207690346,2017198,0.00000658,168.00000000,1
1531208027084,1531208027082,2017199,0.00000662,49.00000000,0
1531208115262,1531208115260,2017200,0.00000658,1702.00000000,1
1531208255788,1531208255784,2017201,0.00000657,107.00000000,1
1531208259068,1531208259066,2017202,0.00000657,1051.00000000,1
1531208295978,1531208295973,2017203,0.00000656,1477.00000000,1
1531208327086,1531208327082,2017204,0.00000657,1399.00000000,1
1531208329286,1531208329283,2017205,0.00000657,1191.00000000,1
1531208438857,1531208438855,2017206,0.00000659,4078.00000000,0
1531208438857,1531208438855,2017207,0.00000660,1027.00000000,0
1531208450032,1531208450030,2017208,0.00000657,10.00000000,1
1531208474155,1531208474151,2017209,0.00000657,1138.00000000,1
1531208482500,1531208482496,2017210,0.00000660,182.00000000,0
1531208509378,1531208509374,2017211,0.00000660,74.00000000,1
1531208509418,1531208509414,2017212,0.00000657,808.00000000,1
1531208584055,1531208584052,2017213,0.00000657,773.00000000,1
1531208592490,1531208592487,2017214,0.00000659,2.00000000,0
1531208656064,1531208656061,2017215,0.00000660,808.00000000,0
1531208693423,1531208693420,2017216,0.00000660,749.00000000,0
1531208728399,1531208728396,2017217,0.00000660,1.00000000,0
1531208733068,1531208733066,2017218,0.00000660,449.00000000,0
1531208733190,1531208733187,2017219,0.00000660,449.00000000,0
1531208733568,1531208733565,2017220,0.00000660,449.00000000,0
1531208737402,1531208737399,2017221,0.00000660,449.00000000,0
1531208759957,1531208759955,2017222,0.00000660,48.00000000,0
1531208768200,1531208768201,2017223,0.00000660,773.00000000,0
1531208803099,1531208803095,2017224,0.00000660,775.00000000,0
1531208803439,1531208803436,2017225,0.00000660,775.00000000,0
1531208804624,1531208804620,2017226,0.00000660,29.00000000,0
1531209087378,1531209087375,2017227,0.00000663,343.00000000,0
1531209108628,1531209108624,2017228,0.00000663,497.00000000,0
1531209174382,1531209174382,2017229,0.00000660,536.00000000,1
1531209236614,1531209236611,2017230,0.00000663,343.00000000,0
1531209270500,1531209270497,2017231,0.00000660,10.00000000,1
1531209358880,1531209358873,2017232,0.00000660,663.00000000,1
1531209358880,1531209358873,2017233,0.00000658,4545.00000000,1
1531209358880,1531209358873,2017234,0.00000657,851.00000000,1
1531209358880,1531209358873,2017235,0.00000656,704.00000000,1
1531209358880,1531209358873,2017236,0.00000655,1091.00000000,1
1531209358880,1531209358873,2017237,0.00000654,11446.00000000,1
1531209358880,1531209358873,2017238,0.00000653,8102.00000000,1
1531209358880,1531209358873,2017239,0.00000652,8357.00000000,1
1531209358880,1531209358873,2017240,0.00000651,598.00000000,1
1531209358880,1531209358873,2017241,0.00000650,19204.00000000,1
1531209358880,1531209358873,2017242,0.00000649,747.00000000,1
1531209358902,1531209358899,2017243,0.00000650,2254.00000000,0
1531209358905,1531209358903,2017244,0.00000650,677.00000000,0
1531209358906,1531209358903,2017245,0.00000650,677.00000000,0
1531209358921,1531209358917,2017246,0.00000650,576.00000000,0
1531209358929,1531209358926,2017247,0.00000650,1713.00000000,0
1531209358932,1531209358929,2017248,0.00000650,208.00000000,0
1531209358941,1531209358938,2017249,0.00000650,2835.00000000,0
1531209358947,1531209358945,2017250,0.00000650,677.00000000,0
1531209358948,1531209358946,2017251,0.00000650,677.00000000,0
1531209358954,1531209358952,2017252,0.00000650,2603.00000000,0
1531209358954,1531209358952,2017253,0.00000650,1577.00000000,0
1531209359182,1531209359178,2017254,0.00000650,1538.00000000,0
1531209359277,1531209359273,2017255,0.00000650,61538.00000000,0
1531209359346,1531209359342,2017256,0.00000650,7701.00000000,0
1531209359474,1531209359469,2017257,0.00000650,78062.00000000,0
1531209359809,1531209359805,2017258,0.00000652,1377.00000000,0
1531209359860,1531209359857,2017259,0.00000656,8391.00000000,0
1531209359860,1531209359857,2017260,0.00000658,1377.00000000,0
1531209359967,1531209359964,2017261,0.00000653,516.00000000,1
1531209360120,1531209360117,2017262,0.00000653,1.00000000,0
1531209361276,1531209361273,2017263,0.00000651,9748.00000000,1
1531209361370,1531209361366,2017264,0.00000653,230.00000000,0
1531209366192,1531209366192,2017265,0.00000652,2719.00000000,1
1531209366192,1531209366192,2017266,0.00000651,6885.00000000,1
1531209366192,1531209366192,2017267,0.00000650,12604.00000000,1
1531209366193,1531209366192,2017268,0.00000648,155.00000000,1
1531209366193,1531209366192,2017269,0.00000647,2637.00000000,1
1531209367831,1531209367828,2017270,0.00000654,2383.00000000,0
1531209370424,1531209370420,2017271,0.00000653,1555.00000000,0
1531209371643,1531209371639,2017272,0.00000653,1164.00000000,0
1531209373535,1531209373532,2017273,0.00000654,2637.00000000,0
1531209385690,1531209385687,2017274,0.00000650,2274.00000000,1
1531209388211,1531209388207,2017275,0.00000650,1227.00000000,1
1531209388211,1531209388207,2017276,0.00000647,146.00000000,1
1531209388903,1531209388902,2017277,0.00000649,1373.00000000,1
1531209389598,1531209389596,2017278,0.00000649,1349.00000000,1
1531209390358,1531209390355,2017279,0.00000649,1457.00000000,1
1531209390931,1531209390927,2017280,0.00000649,498.00000000,1
1531209391059,1531209391055,2017281,0.00000649,1457.00000000,1
1531209396866,1531209396863,2017282,0.00000650,228.00000000,0
1531209398889,1531209398886,2017283,0.00000650,199.00000000,0
1531209406835,1531209406832,2017284,0.00000649,156.00000000,1
1531209406841,1531209406837,2017285,0.00000649,156.00000000,1
1531209408290,1531209408286,2017286,0.00000649,2637.00000000,1
1531209416801,1531209416796,2017287,0.00000649,1163.00000000,1
1531209416801,1531209416796,2017288,0.00000647,193.00000000,1
1531209417402,1531209417400,2017289,0.00000649,1360.00000000,1
1531209447599,1531209447595,2017290,0.00000649,312.00000000,1
1531209485982,1531209485980,2017291,0.00000649,525.00000000,1
1531209488661,1531209488658,2017292,0.00000648,4100.00000000,0
1531209492239,1531209492237,2017293,0.00000647,171.00000000,1
1531209505976,1531209505974,2017294,0.00000647,4325.00000000,1
1531209517502,1531209517498,2017295,0.00000648,2835.00000000,0
1531209525193,1531209525190,2017296,0.00000647,1392.00000000,1
1531209525878,1531209525876,2017297,0.00000647,1464.00000000,1
1531209530666,1531209530663,2017298,0.00000648,2603.00000000,0
1531209551509,1531209551510,2017299,0.00000649,5107.00000000,0
1531209577062,1531209577058,2017300,0.00000648,8.00000000,1
1531209583533,1531209583530,2017301,0.00000650,154.00000000,0
1531209619910,1531209619905,2017302,0.00000650,994.00000000,0
1531209633530,1531209633526,2017303,0.00000649,1828.00000000,0
1531209664526,1531209664523,2017304,0.00000650,1218.00000000,0
1531209665535,1531209665533,2017305,0.00000651,2094.00000000,0
1531209722696,1531209722694,2017306,0.00000653,3800.00000000,0
1531209722815,1531209722812,2017307,0.00000651,983.00000000,1
1531209722849,1531209722847,2017308,0.00000651,4346.00000000,1
1531209723982,1531209723980,2017309,0.00000651,537.00000000,0
1531209724071,1531209724068,2017310,0.00000651,446.00000000,0
1531209724835,1531209724832,2017311,0.00000651,638.00000000,1
1531209724835,1531209724832,2017312,0.00000650,385.00000000,1
1531209725480,1531209725478,2017313,0.00000654,739.00000000,0
1531209728330,1531209728328,2017314,0.00000654,578.00000000,0
1531209729853,1531209729850,2017315,0.00000651,767.00000000,1
1531209739106,1531209739103,2017316,0.00000654,377.00000000,0
1531209743095,1531209743092,2017317,0.00000650,866.00000000,1
1531209743906,1531209743903,2017318,0.00000653,790.00000000,0
1531209745521,1531209745518,2017319,0.00000650,529.00000000,1
1531209745538,1531209745536,2017320,0.00000653,4955.00000000,0
1531209877929,1531209877925,2017321,0.00000654,3.00000000,0
1531209878398,1531209878397,2017322,0.00000654,747.00000000,0
1531209878409,1531209878405,2017323,0.00000654,1016.00000000,1
1531209912554,1531209912551,2017324,0.00000654,347.00000000,0
1531209923217,1531209923215,2017325,0.00000655,279.00000000,0
1531209961625,1531209961622,2017326,0.00000654,8088.00000000,0
1531210099124,1531210099121,2017327,0.00000651,705.00000000,1
1531210164057,1531210164054,2017328,0.00000651,709.00000000,1
1531210200278,1531210200275,2017329,0.00000651,727.00000000,1
1531210235618,1531210235615,2017330,0.00000654,155.00000000,0
1531210235657,1531210235655,2017331,0.00000651,739.00000000,1
1531210236739,1531210236737,2017332,0.00000654,1065.00000000,0
1531210247167,1531210247164,2017333,0.00000653,2259.00000000,1
1531210257043,1531210257039,2017334,0.00000653,2259.00000000,1
1531210268127,1531210268124,2017335,0.00000651,691.00000000,1
