event_time,trade_time,trade_id,price,quantity,maker
1531160301500,1531160301497,1062233,0.00000259,16321.00000000,1
1531160311947,1531160311944,1062234,0.00000260,52269.00000000,0
1531160312909,1531160312908,1062235,0.00000259,38877.00000000,1
1531160314797,1531160314795,1062236,0.00000259,11029.00000000,1
1531160319606,1531160319604,1062237,0.00000259,44776.00000000,1
1531160323871,1531160323867,1062238,0.00000260,128962.00000000,0
1531160324871,1531160324868,1062239,0.00000260,6867.00000000,0
1531160326551,1531160326548,1062240,0.00000260,1716.00000000,0
1531160332844,1531160332841,1062241,0.00000260,14766.00000000,0
1531160336069,1531160336065,1062242,0.00000259,29944.00000000,1
1531160340053,1531160340051,1062243,0.00000260,131000.00000000,0
1531160346766,1531160346759,1062244,0.00000260,142.00000000,0
1531160346766,1531160346759,1062245,0.00000261,384664.00000000,0
1531160348456,1531160348453,1062246,0.00000261,1650.00000000,0
1531160355771,1531160355766,1062247,0.00000261,98482.00000000,0
1531160355818,1531160355816,1062248,0.00000261,757.00000000,0
1531160355957,1531160355954,1062249,0.00000261,1515.00000000,0
1531160355960,1531160355956,1062250,0.00000261,9469.00000000,0
1531160355966,1531160355963,1062251,0.00000261,7628.00000000,0
1531160356000,1531160355998,1062252,0.00000261,1875.00000000,0
1531160356009,1531160356007,1062253,0.00000261,28489.00000000,0
1531160356074,1531160356071,1062254,0.00000261,11742.00000000,0
1531160356098,1531160356098,1062255,0.00000261,3787.00000000,0
1531160356102,1531160356099,1062256,0.00000261,1893.00000000,0
1531160356160,1531160356159,1062257,0.00000261,3048.00000000,0
1531160356171,1531160356165,1062258,0.00000261,757.00000000,0
1531160356239,1531160356235,1062259,0.00000261,572.00000000,0
1531160356265,1531160356262,1062260,0.00000261,763.00000000,0
1531160356268,1531160356264,1062261,0.00000261,456.00000000,0
1531160356284,1531160356281,1062262,0.00000261,2275.00000000,0
1531160356300,1531160356297,1062263,0.00000261,13257.00000000,0
1531160356300,1531160356297,1062264,0.00000261,19014.00000000,0
1531160356303,1531160356300,1062265,0.00000261,1893.00000000,0
1531160356372,1531160356370,1062266,0.00000261,946.00000000,0
1531160356383,1531160356380,1062267,0.00000261,5681.00000000,0
1531160356383,1531160356383,1062268,0.00000261,2234.00000000,0
1531160356407,1531160356405,1062269,0.00000261,1897.00000000,0
1531160356417,1531160356413,1062270,0.00000261,3775.00000000,0
1531160356431,1531160356430,1062271,0.00000261,1507.00000000,0
1531160356470,1531160356467,1062272,0.00000261,22839.00000000,0
1531160356473,1531160356470,1062273,0.00000261,559.00000000,0
1531160356473,1531160356471,1062274,0.00000261,762.00000000,0
1531160356591,1531160356589,1062275,0.00000261,2276.00000000,0
1531160356738,1531160356733,1062276,0.00000261,456.00000000,0
1531160356965,1531160356961,1062277,0.00000261,2276.00000000,0
1531160356971,1531160356968,1062278,0.00000261,2264.00000000,0
1531160357635,1531160357633,1062279,0.00000261,739.00000000,0
1531160357850,1531160357847,1062280,0.00000261,684.00000000,0
1531160357876,1531160357873,1062281,0.00000261,11.00000000,0
1531160359251,1531160359248,1062282,0.00000261,454.00000000,0
1531160359287,1531160359285,1062283,0.00000261,470.00000000,0
1531160360552,1531160360550,1062284,0.00000261,1504.00000000,0
1531160360743,1531160360741,1062285,0.00000261,508.00000000,0
1531160360768,1531160360765,1062286,0.00000261,1859.00000000,0
1531160361090,1531160361086,1062287,0.00000261,20399.00000000,1
1531160372373,1531160372370,1062288,0.00000260,4724.00000000,1
1531160379743,1531160379740,1062289,0.00000261,2162.00000000,0
1531160382688,1531160382683,1062290,0.00000261,5747.00000000,0
1531160382975,1531160382972,1062291,0.00000261,1000.00000000,0
1531160382997,1531160382993,1062292,0.00000261,37054.00000000,0
1531160383091,1531160383091,1062293,0.00000261,1260.00000000,1
1531160385098,1531160385095,1062294,0.00000261,3646.00000000,1
1531160386580,1531160386575,1062295,0.00000261,272.00000000,1
1531160397769,1531160397766,1062296,0.00000261,86884.00000000,1
1531160398379,1531160398378,1062297,0.00000261,33647.00000000,0
1531160399556,1531160399553,1062298,0.00000261,79034.00000000,0
1531160399556,1531160399553,1062299,0.00000262,17899.00000000,0
1531160403323,1531160403320,1062300,0.00000262,40969.00000000,0
1531160413859,1531160413856,1062301,0.00000262,29830.00000000,0
1531160419671,1531160419668,1062302,0.00000262,1500.00000000,0
1531160423469,1531160423465,1062303,0.00000261,20624.00000000,1
1531160425173,1531160425170,1062304,0.00000262,3285.00000000,0
1531160430514,1531160430510,1062305,0.00000261,5156.00000000,1
1531160430705,1531160430701,1062306,0.00000262,10444.00000000,0
1531160431804,1531160431801,1062307,0.00000262,20813.00000000,0
1531160433519,1531160433516,1062308,0.00000262,5000.00000000,0
1531160433619,1531160433616,1062309,0.00000261,1289.00000000,1
1531160434221,1531160434217,1062310,0.00000262,2279.00000000,0
1531160435821,1531160435819,1062311,0.00000262,36249.00000000,0
1531160440114,1531160440110,1062312,0.00000261,322.00000000,1
1531160443505,1531160443501,1062313,0.00000261,108.00000000,1
1531160446372,1531160446368,1062314,0.00000262,137261.00000000,0
1531160449730,1531160449727,1062315,0.00000262,10400.00000000,0
1531160453175,1531160453172,1062316,0.00000262,1825.00000000,0
1531160455214,1531160455209,1062317,0.00000262,2463.00000000,0
1531160455704,1531160455700,1062318,0.00000262,25467.00000000,0
1531160462870,1531160462867,1062319,0.00000262,4062.00000000,0
1531160465238,1531160465233,1062320,0.00000262,6955.00000000,0
1531160471171,1531160471168,1062321,0.00000262,9733.00000000,0
1531160473932,1531160473930,1062322,0.00000262,578.00000000,0
1531160476223,1531160476219,1062323,0.00000262,93.00000000,0
1531160477365,1531160477360,1062324,0.00000262,1660.00000000,0
1531160478573,1531160478568,1062325,0.00000262,1701.00000000,0
1531160479928,1531160479925,1062326,0.00000262,12576.00000000,0
1531160480559,1531160480553,1062327,0.00000262,169698.00000000,0
1531160481665,1531160481661,1062328,0.00000262,24316.00000000,0
1531160483218,1531160483215,1062329,0.00000262,57371.00000000,0
1531160483308,1531160483304,1062330,0.00000262,4839.00000000,0
1531160483957,1531160483950,1062331,0.00000262,269567.00000000,0
1531160484679,1531160484678,1062332,0.00000262,30260.00000000,1
1531160485115,1531160485111,1062333,0.00000262,1126.00000000,1
1531160485755,1531160485752,1062334,0.00000262,2244.00000000,1
1531160485911,1531160485908,1062335,0.00000262,2237.00000000,1
1531160486179,1531160486179,1062336,0.00000262,2243.00000000,1
1531160486509,1531160486506,1062337,0.00000262,1710.00000000,1
1531160487601,1531160487598,1062338,0.00000262,1900.00000000,1
1531160487881,1531160487878,1062339,0.00000262,684.00000000,1
1531160489522,1531160489518,1062340,0.00000262,219.00000000,1
1531160492387,1531160492383,1062341,0.00000263,2830.00000000,0
1531160492995,1531160492991,1062342,0.00000263,2820.00000000,0
1531160497324,1531160497319,1062343,0.00000263,387.00000000,0
1531160497661,1531160497657,1062344,0.00000263,37718.00000000,0
1531160502700,1531160502695,1062345,0.00000263,17741.00000000,0
1531160505386,1531160505382,1062346,0.00000263,16390.00000000,0
1531160516445,1531160516443,1062347,0.00000263,5015.00000000,0
1531160516451,1531160516447,1062348,0.00000263,3424.00000000,0
1531160518580,1531160518576,1062349,0.00000263,101930.00000000,0
1531160519479,1531160519476,1062350,0.00000263,3412.00000000,0
1531160521005,1531160521001,1062351,0.00000263,871.00000000,0
1531160524420,1531160524416,1062352,0.00000263,71796.00000000,0
1531160525002,1531160524997,1062353,0.00000263,419.00000000,0
1531160525556,1531160525553,1062354,0.00000263,50165.00000000,0
1531160525637,1531160525633,1062355,0.00000263,19487.00000000,0
1531160526509,1531160526507,1062356,0.00000263,4889.00000000,0
1531160527674,1531160527670,1062357,0.00000263,122923.00000000,0
1531160527688,1531160527686,1062358,0.00000263,9176.00000000,1
1531160532764,1531160532760,1062359,0.00000263,109731.00000000,1
1531160535312,1531160535312,1062360,0.00000263,1390.00000000,1
1531160538085,1531160538081,1062361,0.00000263,7998.00000000,1
1531160541710,1531160541707,1062362,0.00000264,382.00000000,0
1531160542196,1531160542194,1062363,0.00000263,7794.00000000,1
1531160543303,1531160543298,1062364,0.00000264,1894.00000000,0
1531160544994,1531160544991,1062365,0.00000264,2261.00000000,0
1531160546641,1531160546635,1062366,0.00000264,150713.00000000,0
1531160546796,1531160546793,1062367,0.00000264,18939.00000000,0
1531160547021,1531160547019,1062368,0.00000264,13017.00000000,0
1531160547451,1531160547448,1062369,0.00000263,74979.00000000,1
1531160547755,1531160547751,1062370,0.00000264,15709.00000000,0
1531160550463,1531160550459,1062371,0.00000264,164668.00000000,0
1531160558712,1531160558708,1062372,0.00000264,1169.00000000,0
1531160563661,1531160563657,1062373,0.00000264,415856.00000000,0
1531160563695,1531160563691,1062374,0.00000264,3362.00000000,1
1531160563814,1531160563810,1062375,0.00000264,25263.00000000,1
1531160563820,1531160563818,1062376,0.00000264,22398.00000000,1
1531160568967,1531160568966,1062377,0.00000264,57616.00000000,1
1531160570753,1531160570750,1062378,0.00000264,2636.00000000,1
1531160575555,1531160575545,1062379,0.00000265,389452.00000000,0
1531160575571,1531160575567,1062380,0.00000265,20775.00000000,1
1531160575585,1531160575581,1062381,0.00000264,15322.00000000,1
1531160575832,1531160575829,1062382,0.00000264,538.00000000,1
1531160576147,1531160576143,1062383,0.00000265,3000.00000000,0
1531160578159,1531160578155,1062384,0.00000265,2239.00000000,0
1531160579280,1531160579275,1062385,0.00000265,2953.00000000,1
1531160579285,1531160579281,1062386,0.00000264,2953.00000000,1
1531160582142,1531160582138,1062387,0.00000266,1135.00000000,0
1531160582201,1531160582198,1062388,0.00000266,379.00000000,0
1531160582348,1531160582344,1062389,0.00000266,379.00000000,0
1531160582360,1531160582358,1062390,0.00000265,727.00000000,1
1531160582885,1531160582883,1062391,0.00000265,2254.00000000,0
1531160583034,1531160583032,1062392,0.00000265,1892.00000000,0
1531160583142,1531160583139,1062393,0.00000265,2254.00000000,0
1531160584283,1531160584280,1062394,0.00000265,3774.00000000,0
1531160584604,1531160584601,1062395,0.00000265,1128.00000000,0
1531160589320,1531160589317,1062396,0.00000265,7930.00000000,0
1531160589687,1531160589684,1062397,0.00000265,22369.00000000,0
1531160591113,1531160591106,1062398,0.00000264,371923.00000000,1
1531160591113,1531160591106,1062399,0.00000263,425164.00000000,1
1531160591602,1531160591601,1062400,0.00000264,12897.00000000,1
1531160591602,1531160591601,1062401,0.00000263,13367.00000000,1
1531160592719,1531160592715,1062402,0.00000264,14.00000000,0
1531160592870,1531160592867,1062403,0.00000264,37037.00000000,0
1531160592870,1531160592867,1062404,0.00000265,49197.00000000,0
1531160593409,1531160593406,1062405,0.00000263,466.00000000,1
1531160593412,1531160593408,1062406,0.00000265,2861.00000000,0
1531160593774,1531160593771,1062407,0.00000263,2312.00000000,1
1531160593785,1531160593782,1062408,0.00000263,1950.00000000,1
1531160594273,1531160594272,1062409,0.00000264,2429.00000000,0
1531160594347,1531160594344,1062410,0.00000264,2861.00000000,0
1531160595990,1531160595987,1062411,0.00000263,7628.00000000,1
1531160596566,1531160596564,1062412,0.00000263,762.00000000,1
1531160596833,1531160596830,1062413,0.00000263,1247.00000000,1
1531160596978,1531160596973,1062414,0.00000263,2587.00000000,1
1531160608314,1531160608311,1062415,0.00000264,1274.00000000,0
1531160612928,1531160612925,1062416,0.00000264,3035.00000000,0
1531160613828,1531160613825,1062417,0.00000264,20000.00000000,0
1531160615594,1531160615592,1062418,0.00000264,3462.00000000,0
1531160616622,1531160616619,1062419,0.00000264,1195.00000000,0
1531160618234,1531160618230,1062420,0.00000264,43884.00000000,0
1531160618299,1531160618299,1062421,0.00000264,3565.00000000,0
1531160620327,1531160620325,1062422,0.00000265,3462.00000000,0
1531160624860,1531160624856,1062423,0.00000265,113604.00000000,0
1531160626423,1531160626419,1062424,0.00000264,46114.00000000,1
1531160626423,1531160626419,1062425,0.00000263,1845.00000000,1
1531160634639,1531160634636,1062426,0.00000265,40698.00000000,0
1531160643821,1531160643818,1062427,0.00000264,9743.00000000,1
1531160648995,1531160648991,1062428,0.00000264,32262.00000000,1
1531160650354,1531160650350,1062429,0.00000264,118753.00000000,1
1531160652671,1531160652667,1062430,0.00000264,38571.00000000,1
1531160653714,1531160653712,1062431,0.00000264,31664.00000000,1
1531160662651,1531160662648,1062432,0.00000264,47481.00000000,0
1531160678375,1531160678370,1062433,0.00000264,4222.00000000,1
1531160680018,1531160680015,1062434,0.00000264,2316.00000000,1
1531160681463,1531160681462,1062435,0.00000264,49992.00000000,1
1531160682625,1531160682620,1062436,0.00000264,89179.00000000,1
1531160682820,1531160682816,1062437,0.00000264,427.00000000,0
1531160696011,1531160696008,1062438,0.00000264,155628.00000000,0
1531160704090,1531160704086,1062439,0.00000265,416.00000000,0
1531160708024,1531160708019,1062440,0.00000265,52.00000000,0
1531160726969,1531160726965,1062441,0.00000265,58247.00000000,0
1531160727592,1531160727589,1062442,0.00000265,1650.00000000,0
1531160732328,1531160732325,1062443,0.00000265,4128.00000000,0
1531160732438,1531160732434,1062444,0.00000265,4143.00000000,0
1531160733091,1531160733086,1062445,0.00000265,119796.00000000,0
1531160737442,1531160737436,1062446,0.00000265,126595.00000000,0
1531160739387,1531160739384,1062447,0.00000265,44381.00000000,1
1531160744049,1531160744044,1062448,0.00000265,684.00000000,1
1531160755945,1531160755939,1062449,0.00000266,5013.00000000,0
1531160757366,1531160757362,1062450,0.00000265,120.00000000,1
1531160757611,1531160757608,1062451,0.00000266,3737.00000000,0
1531160758721,1531160758717,1062452,0.00000266,4995.00000000,0
1531160759774,1531160759770,1062453,0.00000266,37.00000000,0
1531160759797,1531160759794,1062454,0.00000266,19047.00000000,0
1531160760007,1531160760003,1062455,0.00000266,385.00000000,0
1531160762971,1531160762968,1062456,0.00000266,188.00000000,0
1531160765315,1531160765312,1062457,0.00000266,2.00000000,0
1531160765460,1531160765455,1062458,0.00000266,379.00000000,0
1531160768220,1531160768218,1062459,0.00000266,1880.00000000,0
1531160769070,1531160769066,1062460,0.00000265,6734.00000000,1
1531160769392,1531160769389,1062461,0.00000265,196224.00000000,1
1531160772384,1531160772380,1062462,0.00000265,1765.00000000,1
1531160773131,1531160773126,1062463,0.00000265,54403.00000000,1
1531160773983,1531160773978,1062464,0.00000266,112108.00000000,0
1531160775486,1531160775481,1062465,0.00000266,6066.00000000,0
1531160777029,1531160777027,1062466,0.00000266,6044.00000000,0
1531160780671,1531160780670,1062467,0.00000265,6000.00000000,1
1531160781173,1531160781169,1062468,0.00000265,1691.00000000,1
1531160781475,1531160781471,1062469,0.00000265,52027.00000000,1
1531160784141,1531160784138,1062470,0.00000265,4835.00000000,1
1531160785339,1531160785338,1062471,0.00000265,2500.00000000,0
1531160785751,1531160785747,1062472,0.00000265,379.00000000,0
1531160787459,1531160787455,1062473,0.00000265,474.00000000,0
1531160794170,1531160794170,1062474,0.00000264,3846.00000000,1
1531160796302,1531160796298,1062475,0.00000265,7313.00000000,0
1531160797775,1531160797771,1062476,0.00000265,7340.00000000,0
1531160804308,1531160804305,1062477,0.00000265,1924.00000000,0
1531160805340,1531160805337,1062478,0.00000264,3220.00000000,1
1531160806076,1531160806071,1062479,0.00000264,1913.00000000,1
1531160812942,1531160812939,1062480,0.00000264,23300.00000000,1
1531160813791,1531160813788,1062481,0.00000264,5152.00000000,1
1531160814170,1531160814166,1062482,0.00000264,1752.00000000,1
1531160816711,1531160816708,1062483,0.00000264,11291.00000000,1
1531160817136,1531160817131,1062484,0.00000264,104440.00000000,1
1531160818248,1531160818243,1062485,0.00000264,1650.00000000,1
1531160821287,1531160821283,1062486,0.00000264,1473.00000000,1
1531160821593,1531160821592,1062487,0.00000264,3532.00000000,1
1531160822836,1531160822833,1062488,0.00000264,5650.00000000,1
1531160823722,1531160823718,1062489,0.00000265,416.00000000,0
1531160828707,1531160828703,1062490,0.00000264,42041.00000000,1
1531160833485,1531160833480,1062491,0.00000264,216510.00000000,1
1531160835122,1531160835118,1062492,0.00000264,390.00000000,1
1531160837209,1531160837205,1062493,0.00000265,30445.00000000,0
1531160841314,1531160841309,1062494,0.00000264,103124.00000000,1
1531160841353,1531160841349,1062495,0.00000264,83207.00000000,0
1531160842174,1531160842170,1062496,0.00000264,158.00000000,0
1531160843191,1531160843187,1062497,0.00000264,8639.00000000,0
1531160844360,1531160844357,1062498,0.00000265,9215.00000000,0
1531160847840,1531160847837,1062499,0.00000264,8583.00000000,1
1531160859852,1531160859848,1062500,0.00000265,1096.00000000,0
1531160863675,1531160863654,1062501,0.00000265,270.00000000,0
1531160865082,1531160865078,1062502,0.00000265,90.00000000,0
1531160874063,1531160874060,1062503,0.00000265,63998.00000000,0
1531160876963,1531160876958,1062504,0.00000264,500.00000000,1
1531160877498,1531160877493,1062505,0.00000264,160251.00000000,1
1531160882124,1531160882121,1062506,0.00000263,52966.00000000,1
1531160882127,1531160882121,1062507,0.00000263,192115.00000000,1
1531160882899,1531160882898,1062508,0.00000263,1650.00000000,1
1531160883895,1531160883890,1062509,0.00000264,2025.00000000,0
1531160883895,1531160883890,1062510,0.00000265,28830.00000000,0
1531160896430,1531160896427,1062511,0.00000265,1714.00000000,0
1531160921277,1531160921273,1062512,0.00000264,3032.00000000,0
1531160921279,1531160921276,1062513,0.00000264,6.00000000,0
1531160924402,1531160924399,1062514,0.00000265,1650.00000000,0
1531160924652,1531160924647,1062515,0.00000265,1650.00000000,0
1531160926034,1531160926030,1062516,0.00000264,3007.00000000,1
1531160938823,1531160938820,1062517,0.00000264,309961.00000000,1
1531160938839,1531160938834,1062518,0.00000264,3587.00000000,0
1531160938865,1531160938862,1062519,0.00000264,3587.00000000,0
1531160938867,1531160938864,1062520,0.00000264,2192.00000000,0
1531160938871,1531160938867,1062521,0.00000264,14290.00000000,0
1531160938879,1531160938875,1062522,0.00000264,17322.00000000,0
1531160939836,1531160939833,1062523,0.00000264,3038.00000000,0
1531160939874,1531160939870,1062524,0.00000264,3000.00000000,0
1531160941118,1531160941113,1062525,0.00000263,1650.00000000,1
1531160948989,1531160948986,1062526,0.00000263,1937.00000000,1
1531160952576,1531160952572,1062527,0.00000263,19921.00000000,1
1531160953127,1531160953124,1062528,0.00000263,8217.00000000,1
1531160956997,1531160956994,1062529,0.00000263,7443.00000000,1
1531160957867,1531160957864,1062530,0.00000264,2228.00000000,0
1531160958743,1531160958739,1062531,0.00000263,13692.00000000,1
1531160960497,1531160960493,1062532,0.00000264,1490.00000000,0
1531160966248,1531160966243,1062533,0.00000263,6163.00000000,1
1531160966892,1531160966891,1062534,0.00000263,1921.00000000,1
1531160967622,1531160967618,1062535,0.00000264,8013.00000000,0
1531160967737,1531160967734,1062536,0.00000264,175591.00000000,0
1531160979952,1531160979949,1062537,0.00000264,10000.00000000,0
1531160992339,1531160992335,1062538,0.00000264,1664.00000000,0
1531160994833,1531160994828,1062539,0.00000263,95891.00000000,1
1531161000597,1531161000593,1062540,0.00000264,52396.00000000,0
1531161001658,1531161001654,1062541,0.00000264,2999.00000000,1
1531161002507,1531161002503,1062542,0.00000264,10911.00000000,1
1531161004791,1531161004789,1062543,0.00000264,3179.00000000,1
1531161005306,1531161005302,1062544,0.00000264,86012.00000000,1
1531161015250,1531161015246,1062545,0.00000264,8073.00000000,0
1531161020696,1531161020693,1062546,0.00000263,52216.00000000,1
1531161021442,1531161021438,1062547,0.00000263,1650.00000000,1
1531161044166,1531161044162,1062548,0.00000263,382.00000000,1
1531161045868,1531161045864,1062549,0.00000264,12481.00000000,0
1531161054015,1531161054012,1062550,0.00000263,1000.00000000,1
1531161055222,1531161055219,1062551,0.00000263,2963.00000000,1
1531161060961,1531161060958,1062552,0.00000263,1384.00000000,1
1531161087399,1531161087394,1062553,0.00000264,10000.00000000,0
1531161089835,1531161089830,1062554,0.00000264,6396.00000000,0
1531161097937,1531161097932,1062555,0.00000264,109489.00000000,0
1531161098732,1531161098727,1062556,0.00000263,946.00000000,1
1531161104762,1531161104757,1062557,0.00000264,62768.00000000,0
1531161104778,1531161104775,1062558,0.00000264,21988.00000000,1
1531161105854,1531161105851,1062559,0.00000264,23663.00000000,1
1531161137874,1531161137870,1062560,0.00000264,16205.00000000,1
1531161144319,1531161144314,1062561,0.00000264,118942.00000000,1
1531161184846,1531161184842,1062562,0.00000264,2300.00000000,0
1531161191312,1531161191308,1062563,0.00000263,456.00000000,1
1531161212989,1531161212985,1062564,0.00000264,93163.00000000,0
1531161215292,1531161215286,1062565,0.00000264,2730.00000000,1
1531161216188,1531161216184,1062566,0.00000264,18116.00000000,1
1531161223176,1531161223172,1062567,0.00000264,10000.00000000,0
1531161224189,1531161224183,1062568,0.00000264,24649.00000000,1
1531161238230,1531161238226,1062569,0.00000265,418.00000000,0
1531161251644,1531161251640,1062570,0.00000265,3307.00000000,0
1531161253946,1531161253943,1062571,0.00000264,5092.00000000,1
1531161258010,1531161258006,1062572,0.00000265,13729.00000000,0
1531161258597,1531161258594,1062573,0.00000264,1000.00000000,1
1531161258964,1531161258960,1062574,0.00000264,6264.00000000,1
1531161304834,1531161304831,1062575,0.00000264,4485.00000000,1
1531161311929,1531161311926,1062576,0.00000264,2185.00000000,1
1531161315222,1531161315218,1062577,0.00000264,40886.00000000,1
1531161316935,1531161316931,1062578,0.00000264,2870.00000000,1
1531161317206,1531161317202,1062579,0.00000264,6507.00000000,0
1531161320197,1531161320192,1062580,0.00000264,2554.00000000,0
1531161343270,1531161343267,1062581,0.00000264,2795.00000000,0
1531161361505,1531161361501,1062582,0.00000263,13257.00000000,1
1531161369161,1531161369155,1062583,0.00000263,19211.00000000,1
1531161399578,1531161399573,1062584,0.00000263,26572.00000000,1
1531161409545,1531161409536,1062585,0.00000264,409560.00000000,0
1531161409545,1531161409536,1062586,0.00000265,382121.00000000,0
1531161409569,1531161409568,1062587,0.00000265,10650.00000000,1
1531161409593,1531161409590,1062588,0.00000265,2453.00000000,1
1531161409620,1531161409619,1062589,0.00000265,9000.00000000,1
1531161409856,1531161409852,1062590,0.00000265,1916.00000000,1
1531161417030,1531161417028,1062591,0.00000265,2244.00000000,1
1531161418946,1531161418944,1062592,0.00000265,93892.00000000,1
1531161418947,1531161418944,1062593,0.00000265,13534.00000000,1
1531161421431,1531161421427,1062594,0.00000265,4147.00000000,1
1531161422629,1531161422626,1062595,0.00000266,1650.00000000,0
1531161427387,1531161427383,1062596,0.00000266,1463.00000000,0
1531161434127,1531161434123,1062597,0.00000265,12259.00000000,1
1531161439742,1531161439738,1062598,0.00000265,2985.00000000,1
1531161443523,1531161443519,1062599,0.00000265,1999.00000000,1
1531161443891,1531161443887,1062600,0.00000265,474377.00000000,1
1531161445572,1531161445569,1062601,0.00000265,20000.00000000,1
1531161449621,1531161449615,1062602,0.00000265,1257.00000000,1
1531161453270,1531161453265,1062603,0.00000265,93658.00000000,1
1531161475312,1531161475308,1062604,0.00000265,25657.00000000,0
1531161476935,1531161476930,1062605,0.00000264,1500.00000000,1
1531161476936,1531161476930,1062606,0.00000264,29111.00000000,1
1531161477694,1531161477691,1062607,0.00000264,1650.00000000,1
1531161484493,1531161484489,1062608,0.00000264,7429.00000000,1
1531161489504,1531161489499,1062609,0.00000264,53721.00000000,1
1531161490212,1531161490209,1062610,0.00000264,32974.00000000,0
1531161543862,1531161543858,1062611,0.00000265,416.00000000,0
1531161557522,1531161557518,1062612,0.00000264,3506.00000000,1
1531161564899,1531161564895,1062613,0.00000265,4.00000000,0
1531161569776,1531161569771,1062614,0.00000264,4023.00000000,1
1531161578888,1531161578885,1062615,0.00000264,3054.00000000,1
1531161589218,1531161589214,1062616,0.00000264,31028.00000000,0
1531161606499,1531161606494,1062617,0.00000264,460.00000000,0
1531161610878,1531161610876,1062618,0.00000264,31311.00000000,0
1531161614075,1531161614071,1062619,0.00000264,161882.00000000,0
1531161633919,1531161633912,1062620,0.00000263,76701.00000000,1
1531161636580,1531161636575,1062621,0.00000263,175412.00000000,1
1531161657049,1531161657045,1062622,0.00000263,154851.00000000,1
1531161662264,1531161662259,1062623,0.00000264,400.00000000,0
1531161682196,1531161682190,1062624,0.00000264,278504.00000000,0
1531161682244,1531161682240,1062625,0.00000265,41108.00000000,0
1531161682244,1531161682240,1062626,0.00000264,12253.00000000,1
1531161682938,1531161682934,1062627,0.00000265,16923.00000000,0
1531161683014,1531161683012,1062628,0.00000265,1650.00000000,0
1531161702708,1531161702704,1062629,0.00000264,1913.00000000,1
1531161706536,1531161706532,1062630,0.00000265,25755.00000000,0
1531161707363,1531161707359,1062631,0.00000265,189850.00000000,0
1531161718901,1531161718896,1062632,0.00000266,49567.00000000,0
1531161721210,1531161721205,1062633,0.00000265,1887.00000000,1
1531161728237,1531161728233,1062634,0.00000265,300000.00000000,1
1531161728273,1531161728269,1062635,0.00000265,151120.00000000,1
1531161728295,1531161728291,1062636,0.00000264,148880.00000000,1
1531161737254,1531161737244,1062637,0.00000266,293524.00000000,0
1531161737283,1531161737274,1062638,0.00000267,190114.00000000,0
1531161738248,1531161738244,1062639,0.00000267,1170.00000000,0
1531161739146,1531161739144,1062640,0.00000266,33323.00000000,1
1531161739146,1531161739144,1062641,0.00000265,272479.00000000,1
1531161739238,1531161739233,1062642,0.00000267,3000.00000000,0
1531161741249,1531161741245,1062643,0.00000267,3000.00000000,0
1531161741430,1531161741426,1062644,0.00000266,3001.00000000,1
1531161741717,1531161741713,1062645,0.00000266,1650.00000000,1
1531161742250,1531161742248,1062646,0.00000267,17374.00000000,0
1531161743388,1531161743385,1062647,0.00000267,379.00000000,1
1531161743414,1531161743411,1062648,0.00000266,2452.00000000,1
1531161744240,1531161744238,1062649,0.00000267,3000.00000000,0
1531161744765,1531161744760,1062650,0.00000266,24870.00000000,1
1531161749501,1531161749497,1062651,0.00000267,1808.00000000,1
1531161750643,1531161750640,1062652,0.00000267,384.00000000,1
1531161751241,1531161751236,1062653,0.00000267,63756.00000000,1
1531161751258,1531161751254,1062654,0.00000266,300000.00000000,1
1531161751288,1531161751285,1062655,0.00000266,147426.00000000,1
1531161751972,1531161751969,1062656,0.00000266,2183.00000000,1
1531161752120,1531161752116,1062657,0.00000266,58279.00000000,1
1531161752666,1531161752661,1062658,0.00000266,16923.00000000,1
1531161754447,1531161754445,1062659,0.00000267,43342.00000000,0
1531161756935,1531161756931,1062660,0.00000267,4450.00000000,0
1531161760239,1531161760235,1062661,0.00000267,13.00000000,0
1531161760823,1531161760818,1062662,0.00000267,12580.00000000,0
1531161762393,1531161762388,1062663,0.00000267,1885.00000000,0
1531161762401,1531161762396,1062664,0.00000267,377.00000000,0
1531161762623,1531161762620,1062665,0.00000267,377.00000000,0
1531161762648,1531161762644,1062666,0.00000267,377.00000000,0
1531161763983,1531161763978,1062667,0.00000267,3746.00000000,0
1531161764407,1531161764406,1062668,0.00000267,412.00000000,0
1531161764885,1531161764884,1062669,0.00000267,1873.00000000,0
1531161765726,1531161765721,1062670,0.00000267,1185.00000000,0
1531161767647,1531161767642,1062671,0.00000267,135083.00000000,0
1531161770544,1531161770539,1062672,0.00000267,285.00000000,1
1531161773452,1531161773447,1062673,0.00000267,253647.00000000,1
1531161777460,1531161777455,1062674,0.00000267,384.00000000,0
1531161779226,1531161779221,1062675,0.00000266,18362.00000000,1
1531161779227,1531161779223,1062676,0.00000266,9597.00000000,0
1531161780240,1531161780236,1062677,0.00000266,15114.00000000,0
1531161781445,1531161781435,1062678,0.00000267,164187.00000000,0
1531161781445,1531161781435,1062679,0.00000268,572363.00000000,0
1531161781469,1531161781465,1062680,0.00000268,16173.00000000,1
1531161781542,1531161781538,1062681,0.00000268,68445.00000000,1
1531161781544,1531161781541,1062682,0.00000268,5572.00000000,1
1531161781871,1531161781869,1062683,0.00000268,37323.00000000,1
1531161782105,1531161782104,1062684,0.00000268,37510.00000000,1
1531161782248,1531161782239,1062685,0.00000269,300000.00000000,0
1531161782289,1531161782285,1062686,0.00000269,223723.00000000,0
1531161782289,1531161782285,1062687,0.00000270,61163.00000000,0
1531161782359,1531161782355,1062688,0.00000268,2792.00000000,1
1531161782398,1531161782394,1062689,0.00000268,789.00000000,1
1531161782625,1531161782620,1062690,0.00000269,457.00000000,1
1531161782643,1531161782639,1062691,0.00000269,1761.00000000,1
1531161782643,1531161782639,1062692,0.00000268,457.00000000,1
1531161782659,1531161782655,1062693,0.00000268,985.00000000,1
1531161782858,1531161782855,1062694,0.00000268,3787.00000000,1
1531161783175,1531161783171,1062695,0.00000269,3036.00000000,1
1531161783199,1531161783197,1062696,0.00000268,1614.00000000,1
1531161783609,1531161783604,1062697,0.00000269,5631.00000000,0
1531161783609,1531161783604,1062698,0.00000270,29485.00000000,0
1531161783706,1531161783701,1062699,0.00000269,741.00000000,1
1531161783737,1531161783732,1062700,0.00000268,741.00000000,1
1531161783744,1531161783743,1062701,0.00000268,741.00000000,1
1531161784592,1531161784588,1062702,0.00000268,2256.00000000,1
1531161784599,1531161784595,1062703,0.00000268,4689.00000000,1
1531161784752,1531161784750,1062704,0.00000270,408.00000000,0
1531161785360,1531161785356,1062705,0.00000268,5359.00000000,1
1531161787908,1531161787902,1062706,0.00000270,384692.00000000,0
1531161788339,1531161788336,1062707,0.00000270,41262.00000000,0
1531161789191,1531161789187,1062708,0.00000270,37505.00000000,0
1531161791945,1531161791941,1062709,0.00000270,9259.00000000,0
1531161794881,1531161794879,1062710,0.00000270,1650.00000000,0
1531161797452,1531161797449,1062711,0.00000270,788.00000000,0
1531161797620,1531161797617,1062712,0.00000268,100.00000000,1
1531161802542,1531161802537,1062713,0.00000269,11202.00000000,0
1531161803261,1531161803259,1062714,0.00000269,5000.00000000,0
1531161803493,1531161803489,1062715,0.00000269,3681.00000000,0
1531161803613,1531161803609,1062716,0.00000269,373.00000000,0
1531161803916,1531161803911,1062717,0.00000269,373.00000000,0
1531161803985,1531161803980,1062718,0.00000269,746.00000000,0
1531161804175,1531161804161,1062719,0.00000269,50.00000000,0
1531161804335,1531161804331,1062720,0.00000269,853.00000000,0
1531161804483,1531161804479,1062721,0.00000269,373.00000000,0
1531161805398,1531161805395,1062722,0.00000269,1.00000000,0
1531161807241,1531161807235,1062723,0.00000268,87020.00000000,1
1531161807241,1531161807235,1062724,0.00000267,17556.00000000,1
1531161807403,1531161807398,1062725,0.00000268,451.00000000,0
1531161808137,1531161808135,1062726,0.00000268,2210.00000000,1
1531161808145,1531161808142,1062727,0.00000268,741.00000000,1
1531161808235,1531161808233,1062728,0.00000268,851.00000000,1
1531161808443,1531161808440,1062729,0.00000268,626.00000000,0
1531161809610,1531161809605,1062730,0.00000268,2675.00000000,0
1531161809610,1531161809605,1062731,0.00000269,8560.00000000,0
1531161809662,1531161809656,1062732,0.00000267,1199.00000000,0
1531161809690,1531161809686,1062733,0.00000267,1019.00000000,0
1531161810279,1531161810277,1062734,0.00000267,741.00000000,0
1531161810380,1531161810375,1062735,0.00000266,2276.00000000,1
1531161810433,1531161810428,1062736,0.00000266,684.00000000,1
1531161810611,1531161810608,1062737,0.00000267,1397.00000000,0
1531161810625,1531161810621,1062738,0.00000266,451.00000000,1
1531161810660,1531161810656,1062739,0.00000267,821.00000000,0
1531161811264,1531161811259,1062740,0.00000267,32502.00000000,1
1531161811638,1531161811635,1062741,0.00000266,3401.00000000,1
1531161812861,1531161812850,1062742,0.00000269,34635.00000000,0
1531161812861,1531161812850,1062743,0.00000270,1117292.00000000,0
1531161812915,1531161812912,1062744,0.00000270,2442.00000000,1
1531161812928,1531161812925,1062745,0.00000270,1650.00000000,1
1531161812942,1531161812937,1062746,0.00000270,4800.00000000,1
1531161813008,1531161813004,1062747,0.00000270,126963.00000000,1
1531161813062,1531161813056,1062748,0.00000270,8233.00000000,1
1531161813092,1531161813087,1062749,0.00000270,56697.00000000,1
1531161813261,1531161813258,1062750,0.00000270,741.00000000,1
1531161813424,1531161813420,1062751,0.00000270,741.00000000,1
1531161813429,1531161813425,1062752,0.00000270,3401.00000000,1
1531161813875,1531161813874,1062753,0.00000270,1903.00000000,1
1531161813944,1531161813941,1062754,0.00000270,1903.00000000,1
1531161814868,1531161814866,1062755,0.00000270,1199.00000000,1
1531161817139,1531161817135,1062756,0.00000271,1650.00000000,0
1531161817353,1531161817349,1062757,0.00000270,853.00000000,1
1531161819087,1531161819083,1062758,0.00000270,17387.00000000,1
1531161819732,1531161819727,1062759,0.00000270,49517.00000000,1
1531161819833,1531161819829,1062760,0.00000270,466148.00000000,1
1531161820061,1531161820056,1062761,0.00000270,2415.00000000,1
1531161820087,1531161820083,1062762,0.00000270,556.00000000,1
1531161821057,1531161821053,1062763,0.00000270,87471.00000000,1
1531161821492,1531161821489,1062764,0.00000270,4120.00000000,1
1531161821899,1531161821898,1062765,0.00000270,2086.00000000,1
1531161822122,1531161822118,1062766,0.00000270,7922.00000000,1
1531161823126,1531161823124,1062767,0.00000271,372.00000000,0
1531161823586,1531161823581,1062768,0.00000271,372.00000000,0
1531161824169,1531161824163,1062769,0.00000271,1857.00000000,0
1531161824201,1531161824197,1062770,0.00000271,743.00000000,0
1531161824433,1531161824428,1062771,0.00000271,21293.00000000,0
1531161824518,1531161824512,1062772,0.00000270,1250.00000000,1
1531161824873,1531161824870,1062773,0.00000271,1846.00000000,0
1531161824953,1531161824948,1062774,0.00000271,406.00000000,0
1531161826143,1531161826139,1062775,0.00000270,63705.00000000,1
1531161826501,1531161826497,1062776,0.00000271,3691.00000000,0
1531161833361,1531161833357,1062777,0.00000271,2112.00000000,0
1531161835874,1531161835871,1062778,0.00000270,3512.00000000,1
1531161836234,1531161836197,1062779,0.00000270,40258.00000000,1
1531161836871,1531161836866,1062780,0.00000271,372.00000000,0
1531161839938,1531161839934,1062781,0.00000271,370.00000000,0
1531161840615,1531161840611,1062782,0.00000270,727.00000000,1
1531161842005,1531161842000,1062783,0.00000271,1077.00000000,0
1531161842315,1531161842311,1062784,0.00000271,1759.00000000,0
1531161843026,1531161843021,1062785,0.00000271,1846.00000000,0
1531161843812,1531161843808,1062786,0.00000271,372.00000000,0
1531161844026,1531161844024,1062787,0.00000271,406.00000000,0
1531161844068,1531161844066,1062788,0.00000271,372.00000000,0
1531161844352,1531161844351,1062789,0.00000271,372.00000000,0
1531161844995,1531161844990,1062790,0.00000270,1998.00000000,1
1531161845218,1531161845214,1062791,0.00000271,20000.00000000,0
1531161847223,1531161847219,1062792,0.00000271,3005.00000000,0
1531161848804,1531161848801,1062793,0.00000271,6704.00000000,0
1531161849748,1531161849744,1062794,0.00000271,524.00000000,0
1531161850612,1531161850607,1062795,0.00000271,2684.00000000,0
1531161853268,1531161853263,1062796,0.00000270,14488.00000000,1
1531161853268,1531161853263,1062797,0.00000269,18066.00000000,1
1531161853382,1531161853376,1062798,0.00000271,11121.00000000,0
1531161854266,1531161854263,1062799,0.00000269,451.00000000,0
1531161856904,1531161856898,1062800,0.00000270,60930.00000000,0
1531161857273,1531161857267,1062801,0.00000269,6338.00000000,1
1531161857697,1531161857671,1062802,0.00000270,3085.00000000,0
1531161857697,1531161857671,1062803,0.00000271,355220.00000000,0
1531161857697,1531161857671,1062804,0.00000272,957517.00000000,0
1531161857697,1531161857671,1062805,0.00000273,233014.00000000,0
1531161857722,1531161857720,1062806,0.00000273,93971.00000000,1
1531161857886,1531161857881,1062807,0.00000273,5514.00000000,1
1531161857900,1531161857895,1062808,0.00000273,1903.00000000,1
1531161857932,1531161857928,1062809,0.00000273,2651.00000000,1
1531161858121,1531161858119,1062810,0.00000274,437.00000000,0
1531161858332,1531161858328,1062811,0.00000273,5572.00000000,1
1531161860283,1531161860277,1062812,0.00000274,175970.00000000,0
1531161860600,1531161860595,1062813,0.00000273,552.00000000,1
1531161861026,1531161861022,1062814,0.00000273,385.00000000,1
1531161862581,1531161862577,1062815,0.00000274,3800.00000000,0
1531161863410,1531161863406,1062816,0.00000273,16404.00000000,1
1531161863754,1531161863750,1062817,0.00000273,68399.00000000,1
1531161864184,1531161864180,1062818,0.00000273,2406.00000000,1
1531161864442,1531161864437,1062819,0.00000273,126940.00000000,1
1531161864681,1531161864676,1062820,0.00000273,430.00000000,1
1531161865293,1531161865289,1062821,0.00000273,246686.00000000,1
1531161865341,1531161865336,1062822,0.00000273,2684.00000000,1
1531161865459,1531161865455,1062823,0.00000273,3090.00000000,1
1531161865548,1531161865543,1062824,0.00000273,343734.00000000,1
1531161865572,1531161865567,1062825,0.00000273,4870.00000000,1
1531161865676,1531161865673,1062826,0.00000273,1859.00000000,1
1531161866242,1531161866238,1062827,0.00000273,108119.00000000,1
1531161866822,1531161866818,1062828,0.00000273,161129.00000000,1
1531161867893,1531161867889,1062829,0.00000273,16038.00000000,1
1531161867977,1531161867974,1062830,0.00000273,31326.00000000,1
1531161868225,1531161868221,1062831,0.00000273,477633.00000000,1
1531161869056,1531161869051,1062832,0.00000273,57388.00000000,1
1531161869266,1531161869263,1062833,0.00000273,16733.00000000,1
1531161869296,1531161869293,1062834,0.00000273,136990.00000000,1
1531161869325,1531161869320,1062835,0.00000273,300000.00000000,1
1531161869345,1531161869341,1062836,0.00000273,127933.00000000,1
1531161869559,1531161869542,1062837,0.00000272,9619.00000000,1
1531161869559,1531161869542,1062838,0.00000271,31464.00000000,1
1531161869559,1531161869542,1062839,0.00000270,50859.00000000,1
1531161869690,1531161869685,1062840,0.00000270,1.00000000,1
1531161870061,1531161870056,1062841,0.00000272,1650.00000000,0
1531161870061,1531161870056,1062842,0.00000273,11934.00000000,0
1531161871840,1531161871835,1062843,0.00000271,2453.00000000,0
1531161871882,1531161871881,1062844,0.00000271,1131.00000000,0
1531161873067,1531161873062,1062845,0.00000272,369.00000000,0
1531161873813,1531161873809,1062846,0.00000272,1650.00000000,0
1531161874606,1531161874601,1062847,0.00000270,1650.00000000,1
1531161876524,1531161876520,1062848,0.00000270,13715.00000000,1
1531161877189,1531161877184,1062849,0.00000270,1836.00000000,1
1531161878178,1531161878174,1062850,0.00000270,11854.00000000,1
1531161878204,1531161878202,1062851,0.00000270,10322.00000000,0
1531161878207,1531161878202,1062852,0.00000270,361.00000000,0
1531161879269,1531161879265,1062853,0.00000270,78176.00000000,0
1531161880499,1531161880494,1062854,0.00000270,383.00000000,1
1531161880692,1531161880687,1062855,0.00000270,3289.00000000,0
1531161880692,1531161880687,1062856,0.00000271,21736.00000000,0
1531161881271,1531161881268,1062857,0.00000270,1836.00000000,0
1531161881894,1531161881889,1062858,0.00000269,731.00000000,1
1531161883260,1531161883255,1062859,0.00000269,400.00000000,1
1531161883626,1531161883621,1062860,0.00000269,400.00000000,1
1531161883861,1531161883859,1062861,0.00000270,372.00000000,0
1531161883923,1531161883918,1062862,0.00000270,25.00000000,0
1531161883923,1531161883918,1062863,0.00000271,718.00000000,0
1531161884131,1531161884127,1062864,0.00000271,743.00000000,0
1531161884189,1531161884185,1062865,0.00000271,372.00000000,0
1531161884665,1531161884663,1062866,0.00000271,372.00000000,0
1531161884889,1531161884885,1062867,0.00000270,1836.00000000,0
1531161884889,1531161884885,1062868,0.00000271,4477.00000000,0
1531161884954,1531161884950,1062869,0.00000271,372.00000000,0
1531161885469,1531161885464,1062870,0.00000269,6000.00000000,1
1531161887606,1531161887601,1062871,0.00000270,23794.00000000,1
1531161887606,1531161887601,1062872,0.00000269,2062.00000000,1
1531161889957,1531161889953,1062873,0.00000270,10371.00000000,1
1531161892143,1531161892139,1062874,0.00000270,8587.00000000,0
1531161892266,1531161892261,1062875,0.00000270,8289.00000000,0
1531161893402,1531161893398,1062876,0.00000270,1481.00000000,0
1531161893440,1531161893437,1062877,0.00000270,2092.00000000,0
1531161893900,1531161893898,1062878,0.00000270,1650.00000000,0
1531161894336,1531161894331,1062879,0.00000270,1870.00000000,0
1531161895568,1531161895563,1062880,0.00000270,2000.00000000,1
1531161896590,1531161896586,1062881,0.00000271,52790.00000000,0
1531161896874,1531161896870,1062882,0.00000271,1650.00000000,0
1531161897278,1531161897273,1062883,0.00000270,62362.00000000,1
1531161899164,1531161899157,1062884,0.00000269,126941.00000000,1
1531161899254,1531161899250,1062885,0.00000271,176850.00000000,0
1531161899820,1531161899817,1062886,0.00000269,1650.00000000,1
1531161902136,1531161902133,1062887,0.00000270,25882.00000000,0
1531161903137,1531161903132,1062888,0.00000269,35473.00000000,1
1531161903137,1531161903132,1062889,0.00000268,25971.00000000,1
1531161903568,1531161903565,1062890,0.00000269,10000.00000000,0
1531161904055,1531161904051,1062891,0.00000268,1893.00000000,1
1531161904056,1531161904052,1062892,0.00000269,1114.00000000,0
1531161904078,1531161904075,1062893,0.00000268,454.00000000,1
1531161904126,1531161904123,1062894,0.00000269,372.00000000,0
1531161904129,1531161904126,1062895,0.00000269,372.00000000,0
1531161904799,1531161904794,1062896,0.00000268,9469.00000000,1
1531161904844,1531161904842,1062897,0.00000269,2650.00000000,0
1531161904883,1531161904879,1062898,0.00000269,1852.00000000,0
1531161905013,1531161905009,1062899,0.00000269,1857.00000000,0
1531161905541,1531161905539,1062900,0.00000269,1952.00000000,0
1531161905700,1531161905695,1062901,0.00000269,372.00000000,0
1531161905979,1531161905976,1062902,0.00000268,19014.00000000,1
1531161906016,1531161906014,1062903,0.00000269,372.00000000,0
1531161906069,1531161906065,1062904,0.00000269,1859.00000000,0
1531161906197,1531161906192,1062905,0.00000268,559.00000000,1
1531161906336,1531161906332,1062906,0.00000268,1897.00000000,1
1531161906480,1531161906475,1062907,0.00000268,402.00000000,1
1531161906547,1531161906543,1062908,0.00000268,470.00000000,1
1531161906689,1531161906687,1062909,0.00000269,409.00000000,0
1531161906829,1531161906823,1062910,0.00000268,43299.00000000,1
1531161906837,1531161906833,1062911,0.00000269,3718.00000000,0
1531161906841,1531161906838,1062912,0.00000269,1116.00000000,0
1531161907319,1531161907317,1062913,0.00000269,1302.00000000,0
1531161907551,1531161907546,1062914,0.00000269,1487.00000000,0
1531161908890,1531161908888,1062915,0.00000268,55000.00000000,1
1531161909223,1531161909222,1062916,0.00000268,767.00000000,1
1531161909507,1531161909503,1062917,0.00000269,1024.00000000,0
1531161909921,1531161909918,1062918,0.00000269,1577.00000000,0
1531161910553,1531161910549,1062919,0.00000269,2559.00000000,0
1531161911316,1531161911314,1062920,0.00000269,3623.00000000,0
1531161913023,1531161913019,1062921,0.00000268,8000.00000000,1
1531161919983,1531161919979,1062922,0.00000269,87766.00000000,0
1531161920286,1531161920281,1062923,0.00000269,7895.00000000,1
1531161921962,1531161921960,1062924,0.00000268,72612.00000000,1
1531161924064,1531161924060,1062925,0.00000269,2743.00000000,0
1531161924809,1531161924804,1062926,0.00000269,375.00000000,0
1531161925646,1531161925641,1062927,0.00000269,882.00000000,0
1531161925646,1531161925641,1062928,0.00000270,1618.00000000,0
1531161932706,1531161932700,1062929,0.00000268,29918.00000000,1
1531161934326,1531161934322,1062930,0.00000269,38713.00000000,0
1531161934918,1531161934915,1062931,0.00000269,2254.00000000,0
1531161937959,1531161937955,1062932,0.00000269,2200.00000000,0
1531161940240,1531161940235,1062933,0.00000269,13670.00000000,0
1531161941645,1531161941644,1062934,0.00000269,372.00000000,1
1531161944263,1531161944256,1062935,0.00000270,269357.00000000,0
1531161946753,1531161946750,1062936,0.00000269,4463.00000000,1
1531161947062,1531161947059,1062937,0.00000269,844.00000000,1
1531161949338,1531161949332,1062938,0.00000269,25411.00000000,1
1531161959199,1531161959194,1062939,0.00000269,2273.00000000,1
1531161963806,1531161963802,1062940,0.00000270,408.00000000,0
1531161972767,1531161972765,1062941,0.00000270,9674.00000000,0
1531161972878,1531161972873,1062942,0.00000269,5000.00000000,1
1531161977007,1531161977003,1062943,0.00000270,11111.00000000,0
1531161980199,1531161980195,1062944,0.00000269,14493.00000000,1
1531161983276,1531161983271,1062945,0.00000269,34614.00000000,1
1531161983786,1531161983782,1062946,0.00000270,400.00000000,0
1531161983927,1531161983922,1062947,0.00000270,12155.00000000,0
1531161985766,1531161985765,1062948,0.00000270,373.00000000,0
1531161985769,1531161985765,1062949,0.00000270,373.00000000,0
1531161986484,1531161986479,1062950,0.00000270,1491.00000000,0
1531161986598,1531161986593,1062951,0.00000270,1864.00000000,0
1531161987133,1531161987129,1062952,0.00000269,3366.00000000,1
1531161987578,1531161987572,1062953,0.00000269,1482.00000000,0
1531161987586,1531161987581,1062954,0.00000269,408.00000000,0
1531161988449,1531161988449,1062955,0.00000269,741.00000000,0
1531161988656,1531161988653,1062956,0.00000269,1571.00000000,0
1531161989601,1531161989596,1062957,0.00000269,764.00000000,0
1531161990315,1531161990311,1062958,0.00000269,1671.00000000,0
1531162005578,1531162005574,1062959,0.00000269,744.00000000,0
1531162007419,1531162007415,1062960,0.00000268,586.00000000,1
1531162009602,1531162009596,1062961,0.00000269,400.00000000,0
1531162033631,1531162033627,1062962,0.00000268,33849.00000000,1
1531162035358,1531162035352,1062963,0.00000268,59785.00000000,1
1531162036063,1531162036058,1062964,0.00000268,2684.00000000,1
1531162038655,1531162038650,1062965,0.00000268,5985.00000000,1
1531162039539,1531162039535,1062966,0.00000269,9870.00000000,0
1531162046376,1531162046371,1062967,0.00000269,10202.00000000,0
1531162050585,1531162050579,1062968,0.00000268,34374.00000000,1
1531162070389,1531162070385,1062969,0.00000269,872.00000000,0
1531162070612,1531162070607,1062970,0.00000268,121920.00000000,1
1531162070744,1531162070740,1062971,0.00000268,30222.00000000,0
1531162071401,1531162071397,1062972,0.00000267,11742.00000000,1
1531162071536,1531162071534,1062973,0.00000268,500.00000000,0
1531162072592,1531162072588,1062974,0.00000267,5681.00000000,1
1531162072698,1531162072693,1062975,0.00000267,2214.00000000,1
1531162074021,1531162074018,1062976,0.00000267,3289.00000000,1
1531162074991,1531162074988,1062977,0.00000267,3846.00000000,1
1531162075148,1531162075142,1062978,0.00000267,3846.00000000,1
1531162077129,1531162077128,1062979,0.00000267,684.00000000,1
1531162081634,1531162081629,1062980,0.00000268,3745.00000000,0
1531162082376,1531162082372,1062981,0.00000267,771.00000000,1
1531162082512,1531162082508,1062982,0.00000267,5668.00000000,1
1531162083924,1531162083921,1062983,0.00000268,747.00000000,0
1531162094657,1531162094653,1062984,0.00000268,7973.00000000,0
1531162105307,1531162105302,1062985,0.00000267,2188.00000000,1
1531162105913,1531162105906,1062986,0.00000267,33630.00000000,1
1531162109276,1531162109270,1062987,0.00000267,3269.00000000,1
1531162112545,1531162112540,1062988,0.00000267,70.00000000,1
1531162114573,1531162114568,1062989,0.00000267,3809.00000000,1
1531162116159,1531162116155,1062990,0.00000267,31835.00000000,1
1531162118628,1531162118623,1062991,0.00000267,150184.00000000,1
1531162118658,1531162118653,1062992,0.00000267,956.00000000,0
1531162118662,1531162118657,1062993,0.00000267,956.00000000,0
1531162118665,1531162118662,1062994,0.00000267,956.00000000,0
1531162118668,1531162118664,1062995,0.00000267,49067.00000000,0
1531162119402,1531162119397,1062996,0.00000267,2770.00000000,1
1531162120322,1531162120317,1062997,0.00000266,1646.00000000,1
1531162120322,1531162120317,1062998,0.00000266,9870.00000000,1
1531162121802,1531162121799,1062999,0.00000266,45879.00000000,1
1531162121986,1531162121982,1063000,0.00000266,2770.00000000,1
1531162127070,1531162127065,1063001,0.00000266,1899.00000000,1
1531162130775,1531162130771,1063002,0.00000266,55392.00000000,1
1531162131706,1531162131702,1063003,0.00000267,29000.00000000,0
1531162131807,1531162131803,1063004,0.00000266,58403.00000000,1
1531162133644,1531162133638,1063005,0.00000266,31315.00000000,1
1531162135819,1531162135812,1063006,0.00000266,125724.00000000,1
1531162136584,1531162136579,1063007,0.00000265,593.00000000,1
1531162136585,1531162136579,1063008,0.00000265,43020.00000000,1
1531162136585,1531162136579,1063009,0.00000265,3060.00000000,1
1531162137063,1531162137062,1063010,0.00000265,437.00000000,1
1531162137717,1531162137713,1063011,0.00000265,1759.00000000,1
1531162138562,1531162138557,1063012,0.00000265,2177.00000000,1
1531162139039,1531162139035,1063013,0.00000265,2162.00000000,1
1531162140479,1531162140475,1063014,0.00000266,1121.00000000,0
1531162141459,1531162141454,1063015,0.00000265,8560.00000000,1
1531162144224,1531162144219,1063016,0.00000265,524.00000000,1
1531162146395,1531162146391,1063017,0.00000266,1755.00000000,0
1531162148783,1531162148778,1063018,0.00000266,754.00000000,0
1531162149336,1531162149332,1063019,0.00000265,2228.00000000,1
1531162150179,1531162150175,1063020,0.00000266,16374.00000000,0
1531162154261,1531162154258,1063021,0.00000267,13855.00000000,0
1531162155350,1531162155345,1063022,0.00000267,2225.00000000,0
1531162157500,1531162157495,1063023,0.00000267,18154.00000000,0
1531162160540,1531162160536,1063024,0.00000267,37205.00000000,1
1531162164341,1531162164335,1063025,0.00000267,7490.00000000,0
1531162168479,1531162168474,1063026,0.00000267,377.00000000,0
1531162168788,1531162168783,1063027,0.00000267,5782.00000000,0
1531162169069,1531162169064,1063028,0.00000267,21876.00000000,0
1531162169300,1531162169297,1063029,0.00000267,7299.00000000,1
1531162170298,1531162170296,1063030,0.00000267,375.00000000,1
1531162171291,1531162171286,1063031,0.00000267,500.00000000,1
1531162175512,1531162175507,1063032,0.00000267,985.00000000,0
1531162178372,1531162178369,1063033,0.00000267,976.00000000,0
1531162193525,1531162193524,1063034,0.00000266,7071.00000000,1
1531162196421,1531162196418,1063035,0.00000267,10393.00000000,0
1531162199149,1531162199144,1063036,0.00000267,1959.00000000,0
1531162200506,1531162200500,1063037,0.00000266,454.00000000,1
1531162201301,1531162201298,1063038,0.00000266,8399.00000000,0
1531162203920,1531162203918,1063039,0.00000267,2680.00000000,0
1531162233721,1531162233718,1063040,0.00000267,58661.00000000,0
1531162237623,1531162237617,1063041,0.00000267,300.00000000,1
1531162237629,1531162237623,1063042,0.00000267,2453.00000000,1
1531162241409,1531162241404,1063043,0.00000267,1755.00000000,1
1531162247866,1531162247861,1063044,0.00000267,59832.00000000,1
1531162248306,1531162248301,1063045,0.00000267,1755.00000000,0
1531162262303,1531162262300,1063046,0.00000267,1292.00000000,0
1531162276171,1531162276166,1063047,0.00000267,400.00000000,1
1531162287249,1531162287244,1063048,0.00000267,1666.00000000,1
1531162288883,1531162288878,1063049,0.00000267,17117.00000000,1
1531162305466,1531162305462,1063050,0.00000267,64158.00000000,1
1531162310134,1531162310129,1063051,0.00000267,380.00000000,1
1531162314496,1531162314491,1063052,0.00000267,2653.00000000,1
1531162320872,1531162320867,1063053,0.00000268,2617.00000000,0
1531162327885,1531162327879,1063054,0.00000268,19227.00000000,0
1531162332114,1531162332105,1063055,0.00000267,6849.00000000,1
1531162332114,1531162332105,1063056,0.00000266,262459.00000000,1
1531162332114,1531162332105,1063057,0.00000265,49903.00000000,1
1531162338105,1531162338104,1063058,0.00000265,1532.00000000,1
1531162349448,1531162349442,1063059,0.00000266,47126.00000000,1
1531162353353,1531162353348,1063060,0.00000266,779.00000000,0
1531162355609,1531162355604,1063061,0.00000266,15000.00000000,0
1531162355699,1531162355694,1063062,0.00000266,3383.00000000,0
1531162370612,1531162370608,1063063,0.00000266,13585.00000000,1
1531162375315,1531162375310,1063064,0.00000266,64598.00000000,0
1531162378519,1531162378513,1063065,0.00000265,170344.00000000,1
1531162385782,1531162385778,1063066,0.00000267,2959.00000000,0
1531162386711,1531162386707,1063067,0.00000265,3787.00000000,1
1531162396855,1531162396850,1063068,0.00000265,87128.00000000,1
1531162398992,1531162398988,1063069,0.00000267,652.00000000,0
1531162402350,1531162402346,1063070,0.00000266,9823.00000000,1
1531162413277,1531162413272,1063071,0.00000265,500.00000000,1
1531162421967,1531162421962,1063072,0.00000265,50504.00000000,1
1531162426301,1531162426297,1063073,0.00000267,159.00000000,0
1531162427683,1531162427671,1063074,0.00000265,285436.00000000,1
1531162427683,1531162427671,1063075,0.00000264,1208409.00000000,1
1531162427683,1531162427671,1063076,0.00000264,64610.00000000,1
1531162429697,1531162429691,1063077,0.00000264,942.00000000,1
1531162430819,1531162430814,1063078,0.00000264,1830.00000000,1
1531162431060,1531162431057,1063079,0.00000264,733.00000000,1
1531162432313,1531162432311,1063080,0.00000264,2121.00000000,1
1531162433687,1531162433683,1063081,0.00000264,2121.00000000,1
1531162441508,1531162441503,1063082,0.00000264,2279.00000000,1
1531162442261,1531162442259,1063083,0.00000265,3773.00000000,0
1531162450584,1531162450580,1063084,0.00000264,1913.00000000,1
1531162450829,1531162450825,1063085,0.00000265,760.00000000,0
1531162452343,1531162452338,1063086,0.00000264,21548.00000000,1
1531162458526,1531162458521,1063087,0.00000264,3877.00000000,1
1531162464040,1531162464034,1063088,0.00000264,4538.00000000,1
1531162476847,1531162476841,1063089,0.00000264,32095.00000000,1
1531162477083,1531162477079,1063090,0.00000264,13585.00000000,1
1531162477834,1531162477828,1063091,0.00000264,1543.00000000,1
1531162479328,1531162479322,1063092,0.00000263,2184.00000000,1
1531162479328,1531162479322,1063093,0.00000263,120515.00000000,1
1531162479329,1531162479322,1063094,0.00000263,64610.00000000,1
1531162479717,1531162479711,1063095,0.00000263,2185.00000000,1
1531162479803,1531162479798,1063096,0.00000264,422.00000000,0
1531162483646,1531162483642,1063097,0.00000264,4998.00000000,0
1531162484707,1531162484701,1063098,0.00000264,28795.00000000,0
1531162485646,1531162485640,1063099,0.00000264,133927.00000000,1
1531162488597,1531162488593,1063100,0.00000264,9907.00000000,0
1531162493198,1531162493194,1063101,0.00000264,684.00000000,0
1531162501856,1531162501852,1063102,0.00000264,7437.00000000,0
1531162501963,1531162501962,1063103,0.00000264,33878.00000000,0
1531162504082,1531162504077,1063104,0.00000264,522.00000000,0
1531162506619,1531162506613,1063105,0.00000264,10993.00000000,0
1531162532356,1531162532351,1063106,0.00000264,89903.00000000,0
1531162534074,1531162534070,1063107,0.00000264,3000.00000000,1
1531162534445,1531162534440,1063108,0.00000264,169.00000000,1
1531162536670,1531162536664,1063109,0.00000265,5521.00000000,0
1531162536670,1531162536664,1063110,0.00000266,5745.00000000,0
1531162538205,1531162538200,1063111,0.00000264,2264.00000000,1
1531162551766,1531162551760,1063112,0.00000264,300.00000000,1
1531162554229,1531162554223,1063113,0.00000264,416.00000000,1
1531162557734,1531162557729,1063114,0.00000264,21387.00000000,1
1531162561559,1531162561554,1063115,0.00000265,2244.00000000,0
1531162567349,1531162567343,1063116,0.00000265,498.00000000,0
1531162575298,1531162575295,1063117,0.00000265,37344.00000000,1
1531162576211,1531162576206,1063118,0.00000265,52503.00000000,0
1531162576702,1531162576697,1063119,0.00000266,2247.00000000,0
1531162584684,1531162584679,1063120,0.00000266,2750.00000000,0
1531162585003,1531162584998,1063121,0.00000266,55600.00000000,0
1531162588215,1531162588210,1063122,0.00000265,121270.00000000,1
1531162590554,1531162590535,1063123,0.00000264,3425.00000000,1
1531162591234,1531162591229,1063124,0.00000264,1650.00000000,1
1531162594359,1531162594353,1063125,0.00000264,23998.00000000,1
1531162596593,1531162596589,1063126,0.00000265,1880.00000000,0
1531162600045,1531162600041,1063127,0.00000264,29799.00000000,0
1531162611362,1531162611357,1063128,0.00000265,11572.00000000,0
1531162624118,1531162624113,1063129,0.00000264,1.00000000,1
1531162627255,1531162627250,1063130,0.00000265,2600.00000000,0
1531162636624,1531162636622,1063131,0.00000264,1.00000000,1
1531162640747,1531162640743,1063132,0.00000265,752.00000000,0
1531162651002,1531162650997,1063133,0.00000264,6603.00000000,1
1531162660021,1531162660016,1063134,0.00000264,8005.00000000,1
1531162665233,1531162665224,1063135,0.00000265,26232.00000000,0
1531162670972,1531162670967,1063136,0.00000265,19296.00000000,0
1531162675955,1531162675950,1063137,0.00000265,1250.00000000,0
1531162679863,1531162679859,1063138,0.00000265,4624.00000000,0
1531162683951,1531162683946,1063139,0.00000265,50655.00000000,0
1531162695015,1531162695010,1063140,0.00000265,5411.00000000,0
1531162699891,1531162699886,1063141,0.00000264,113917.00000000,1
1531162710097,1531162710091,1063142,0.00000265,3101.00000000,0
1531162715915,1531162715910,1063143,0.00000265,780.00000000,0
1531162719265,1531162719260,1063144,0.00000265,2162.00000000,0
1531162733796,1531162733790,1063145,0.00000266,1743.00000000,0
1531162737506,1531162737503,1063146,0.00000266,1128.00000000,0
1531162739817,1531162739809,1063147,0.00000266,13040.00000000,0
1531162740093,1531162740088,1063148,0.00000265,2.00000000,1
1531162743063,1531162743057,1063149,0.00000265,1.00000000,1
1531162743837,1531162743832,1063150,0.00000266,15000.00000000,0
1531162744976,1531162744971,1063151,0.00000266,86188.00000000,0
1531162745009,1531162745004,1063152,0.00000266,15232.00000000,1
1531162745044,1531162745039,1063153,0.00000266,2370.00000000,1
1531162747773,1531162747768,1063154,0.00000266,1.00000000,1
1531162749091,1531162749084,1063155,0.00000267,1124.00000000,0
1531162749361,1531162749359,1063156,0.00000266,684.00000000,1
1531162750360,1531162750356,1063157,0.00000266,138886.00000000,1
1531162796269,1531162796264,1063158,0.00000266,13004.00000000,1
1531162800827,1531162800822,1063159,0.00000266,86800.00000000,0
1531162805687,1531162805682,1063160,0.00000266,380.00000000,0
1531162807653,1531162807647,1063161,0.00000266,8155.00000000,0
1531162817136,1531162817130,1063162,0.00000265,99703.00000000,1
1531162817425,1531162817421,1063163,0.00000266,269.00000000,0
1531162818611,1531162818606,1063164,0.00000265,33234.00000000,1
1531162825040,1531162825035,1063165,0.00000265,12567.00000000,1
1531162831561,1531162831555,1063166,0.00000265,757.00000000,1
1531162834999,1531162834994,1063167,0.00000265,11254.00000000,1
1531162846872,1531162846866,1063168,0.00000265,20005.00000000,1
1531162848139,1531162848133,1063169,0.00000265,1639.00000000,1
1531162855855,1531162855849,1063170,0.00000265,17762.00000000,1
1531162856372,1531162856367,1063171,0.00000265,12037.00000000,0
1531162862367,1531162862362,1063172,0.00000265,16392.00000000,0
1531162870180,1531162870175,1063173,0.00000266,11150.00000000,0
1531162870237,1531162870233,1063174,0.00000265,2543.00000000,1
1531162872678,1531162872676,1063175,0.00000266,1650.00000000,0
1531162874986,1531162874981,1063176,0.00000265,15000.00000000,1
1531162880178,1531162880173,1063177,0.00000265,6084.00000000,1
1531162880370,1531162880363,1063178,0.00000265,518.00000000,0
1531162880665,1531162880658,1063179,0.00000266,143705.00000000,0
1531162886558,1531162886552,1063180,0.00000266,78657.00000000,1
1531162887998,1531162887994,1063181,0.00000266,40669.00000000,1
1531162890608,1531162890603,1063182,0.00000266,127884.00000000,1
1531162896324,1531162896320,1063183,0.00000265,709.00000000,1
1531162910390,1531162910384,1063184,0.00000265,27736.00000000,1
1531162910409,1531162910405,1063185,0.00000265,660.00000000,0
1531162910435,1531162910429,1063186,0.00000265,21017.00000000,0
1531162910448,1531162910442,1063187,0.00000265,660.00000000,0
1531162910652,1531162910649,1063188,0.00000265,562.00000000,0
1531162912421,1531162912417,1063189,0.00000265,8728.00000000,0
1531162913711,1531162913704,1063190,0.00000264,21017.00000000,1
1531162914547,1531162914541,1063191,0.00000265,19431.00000000,0
1531162915084,1531162915075,1063192,0.00000264,1650.00000000,1
1531162932332,1531162932325,1063193,0.00000265,20251.00000000,1
1531162932332,1531162932325,1063194,0.00000264,568733.00000000,1
1531162938441,1531162938436,1063195,0.00000266,2298.00000000,0
1531162943467,1531162943462,1063196,0.00000266,568.00000000,0
1531162945728,1531162945722,1063197,0.00000266,140.00000000,0
1531162948257,1531162948251,1063198,0.00000265,47.00000000,0
1531162952164,1531162952159,1063199,0.00000265,211.00000000,0
1531162965729,1531162965724,1063200,0.00000265,1636.00000000,0
1531162969094,1531162969089,1063201,0.00000265,3446.00000000,0
1531162970820,1531162970815,1063202,0.00000264,12994.00000000,1
1531162992456,1531162992451,1063203,0.00000264,35893.00000000,1
1531163003026,1531163003022,1063204,0.00000264,1375.00000000,1
1531163021665,1531163021660,1063205,0.00000265,3593.00000000,0
1531163025594,1531163025588,1063206,0.00000265,15000.00000000,0
1531163056740,1531163056735,1063207,0.00000265,466.00000000,0
1531163095353,1531163095347,1063208,0.00000265,11300.00000000,0
1531163100688,1531163100682,1063209,0.00000264,54893.00000000,1
1531163104442,1531163104439,1063210,0.00000264,5678.00000000,1
1531163105626,1531163105621,1063211,0.00000265,5006.00000000,0
1531163128185,1531163128180,1063212,0.00000265,9061.00000000,0
1531163142898,1531163142893,1063213,0.00000264,3690.00000000,1
1531163146360,1531163146355,1063214,0.00000265,1059.00000000,0
1531163148401,1531163148396,1063215,0.00000264,1569.00000000,1
1531163154806,1531163154800,1063216,0.00000265,1.00000000,0
1531163168359,1531163168354,1063217,0.00000265,555.00000000,0
1531163170450,1531163170444,1063218,0.00000265,417.00000000,0
1531163174776,1531163174771,1063219,0.00000265,1421.00000000,0
1531163212136,1531163212130,1063220,0.00000265,2750.00000000,0
1531163230611,1531163230606,1063221,0.00000265,1.00000000,0
1531163234237,1531163234232,1063222,0.00000264,16800.00000000,1
1531163236309,1531163236304,1063223,0.00000264,45618.00000000,1
1531163239736,1531163239731,1063224,0.00000264,13027.00000000,1
1531163244118,1531163244112,1063225,0.00000264,25133.00000000,1
1531163248263,1531163248257,1063226,0.00000264,236611.00000000,1
1531163254942,1531163254935,1063227,0.00000263,362.00000000,1
1531163257816,1531163257810,1063228,0.00000264,3295.00000000,0
1531163262910,1531163262905,1063229,0.00000264,684.00000000,0
1531163266378,1531163266371,1063230,0.00000264,3592.00000000,0
1531163267369,1531163267363,1063231,0.00000263,6020.00000000,1
1531163267931,1531163267926,1063232,0.00000263,369.00000000,1
1531163280524,1531163280518,1063233,0.00000263,37356.00000000,1
1531163282828,1531163282823,1063234,0.00000264,70923.00000000,0
1531163301492,1531163301487,1063235,0.00000263,4619.00000000,1
1531163302865,1531163302860,1063236,0.00000264,380.00000000,0
1531163308099,1531163308095,1063237,0.00000263,10666.00000000,1
1531163311726,1531163311719,1063238,0.00000263,179020.00000000,1
1531163319955,1531163319951,1063239,0.00000263,15251.00000000,1
1531163321873,1531163321866,1063240,0.00000263,175406.00000000,1
1531163323138,1531163323132,1063241,0.00000263,8205.00000000,1
1531163325965,1531163325960,1063242,0.00000263,215592.00000000,1
1531163332809,1531163332804,1063243,0.00000263,187004.00000000,1
1531163335472,1531163335468,1063244,0.00000262,731.00000000,1
1531163335473,1531163335468,1063245,0.00000262,98620.00000000,1
1531163335672,1531163335666,1063246,0.00000262,545.00000000,1
1531163336569,1531163336564,1063247,0.00000262,452.00000000,1
1531163337058,1531163337051,1063248,0.00000262,2178.00000000,1
1531163340258,1531163340253,1063249,0.00000263,21151.00000000,0
1531163343125,1531163343119,1063250,0.00000263,2312.00000000,0
1531163344900,1531163344895,1063251,0.00000263,381.00000000,0
1531163348748,1531163348742,1063252,0.00000263,7899.00000000,0
1531163348770,1531163348767,1063253,0.00000263,2999.00000000,1
1531163348803,1531163348798,1063254,0.00000263,660.00000000,1
1531163351088,1531163351083,1063255,0.00000263,945.00000000,1
1531163356574,1531163356571,1063256,0.00000263,748.00000000,1
1531163365485,1531163365481,1063257,0.00000263,1421.00000000,1
1531163366735,1531163366730,1063258,0.00000263,1444.00000000,1
1531163371751,1531163371746,1063259,0.00000263,1.00000000,1
1531163397311,1531163397306,1063260,0.00000263,14215.00000000,1
1531163398274,1531163398270,1063261,0.00000263,14338.00000000,1
1531163404972,1531163404967,1063262,0.00000263,761.00000000,1
1531163408398,1531163408394,1063263,0.00000263,13842.00000000,1
1531163411177,1531163411172,1063264,0.00000263,14760.00000000,1
1531163435522,1531163435517,1063265,0.00000263,11438.00000000,1
1531163444731,1531163444726,1063266,0.00000263,8728.00000000,1
1531163445340,1531163445334,1063267,0.00000263,577.00000000,1
1531163446611,1531163446605,1063268,0.00000263,88325.00000000,1
1531163446810,1531163446805,1063269,0.00000263,1921.00000000,1
1531163446825,1531163446818,1063270,0.00000263,385.00000000,1
1531163447302,1531163447297,1063271,0.00000263,615.00000000,1
1531163447577,1531163447570,1063272,0.00000263,692.00000000,1
1531163447833,1531163447829,1063273,0.00000263,769.00000000,1
1531163467770,1531163467764,1063274,0.00000263,26137.00000000,1
1531163479015,1531163479010,1063275,0.00000263,18582.00000000,1
1531163496912,1531163496907,1063276,0.00000264,73.00000000,0
1531163509646,1531163509638,1063277,0.00000263,99186.00000000,1
1531163509646,1531163509638,1063278,0.00000262,2520.00000000,1
1531163513451,1531163513445,1063279,0.00000263,9250.00000000,1
1531163532992,1531163532987,1063280,0.00000263,26802.00000000,0
1531163544781,1531163544776,1063281,0.00000263,30000.00000000,0
1531163552645,1531163552639,1063282,0.00000263,88237.00000000,0
1531163562585,1531163562579,1063283,0.00000263,3000.00000000,0
1531163562784,1531163562778,1063284,0.00000263,7775.00000000,0
1531163566558,1531163566552,1063285,0.00000263,2804.00000000,0
1531163575194,1531163575187,1063286,0.00000262,24190.00000000,1
1531163593631,1531163593624,1063287,0.00000262,76597.00000000,1
1531163595055,1531163595049,1063288,0.00000262,3094.00000000,1
1531163610724,1531163610719,1063289,0.00000262,579.00000000,1
1531163611863,1531163611858,1063290,0.00000262,37473.00000000,1
1531163615075,1531163615070,1063291,0.00000262,1.00000000,1
1531163623261,1531163623255,1063292,0.00000263,18549.00000000,0
1531163631179,1531163631173,1063293,0.00000262,3855.00000000,1
1531163637304,1531163637298,1063294,0.00000263,485.00000000,0
1531163645992,1531163645985,1063295,0.00000262,420.00000000,1
1531163653054,1531163653048,1063296,0.00000262,27477.00000000,1
1531163671925,1531163671918,1063297,0.00000262,7246.00000000,1
1531163674175,1531163674169,1063298,0.00000263,34294.00000000,0
1531163676808,1531163676801,1063299,0.00000263,56260.00000000,0
1531163679141,1531163679135,1063300,0.00000262,2985.00000000,1
1531163686900,1531163686893,1063301,0.00000263,37407.00000000,0
1531163692070,1531163692065,1063302,0.00000262,579.00000000,1
1531163696817,1531163696811,1063303,0.00000263,29.00000000,0
1531163697490,1531163697484,1063304,0.00000263,29146.00000000,1
1531163704970,1531163704964,1063305,0.00000263,4973.00000000,1
1531163705570,1531163705565,1063306,0.00000264,4908.00000000,0
1531163709515,1531163709509,1063307,0.00000264,53115.00000000,0
1531163712969,1531163712964,1063308,0.00000263,385.00000000,1
1531163713945,1531163713940,1063309,0.00000263,9907.00000000,1
1531163716971,1531163716966,1063310,0.00000264,9359.00000000,0
1531163717850,1531163717845,1063311,0.00000264,12.00000000,0
1531163720483,1531163720478,1063312,0.00000263,4910.00000000,1
1531163721513,1531163721507,1063313,0.00000264,10747.00000000,0
1531163722779,1531163722773,1063314,0.00000263,1238.00000000,1
1531163725386,1531163725380,1063315,0.00000264,114503.00000000,0
1531163728434,1531163728428,1063316,0.00000263,14254.00000000,1
1531163758806,1531163758801,1063317,0.00000263,100.00000000,1
1531163763963,1531163763961,1063318,0.00000263,1.00000000,1
1531163769213,1531163769207,1063319,0.00000264,114503.00000000,0
1531163775641,1531163775634,1063320,0.00000263,161720.00000000,1
1531163780000,1531163779997,1063321,0.00000264,8137.00000000,0
1531163782540,1531163782535,1063322,0.00000263,26203.00000000,1
1531163783557,1531163783551,1063323,0.00000263,1923.00000000,1
1531163806266,1531163806262,1063324,0.00000264,1.00000000,0
1531163815223,1531163815216,1063325,0.00000264,1.00000000,0
1531163817387,1531163817383,1063326,0.00000263,2.00000000,1
1531163818862,1531163818829,1063327,0.00000263,233212.00000000,1
1531163818862,1531163818829,1063328,0.00000262,483025.00000000,1
1531163818862,1531163818829,1063329,0.00000261,454562.00000000,1
1531163818862,1531163818829,1063330,0.00000260,287437.00000000,1
1531163818862,1531163818829,1063331,0.00000260,4000.00000000,1
1531163818862,1531163818829,1063332,0.00000260,23685.00000000,1
1531163818863,1531163818829,1063333,0.00000260,11798.00000000,1
1531163818883,1531163818879,1063334,0.00000261,7205.00000000,0
1531163819252,1531163819246,1063335,0.00000260,47604.00000000,1
1531163819565,1531163819558,1063336,0.00000263,3787.00000000,0
1531163819846,1531163819843,1063337,0.00000262,1719.00000000,1
1531163819942,1531163819910,1063338,0.00000262,1281.00000000,1
1531163820482,1531163820477,1063339,0.00000260,1307.00000000,1
1531163820798,1531163820792,1063340,0.00000262,610.00000000,0
1531163821065,1531163821060,1063341,0.00000261,9067.00000000,0
1531163821068,1531163821062,1063342,0.00000261,1577.00000000,0
1531163821089,1531163821084,1063343,0.00000261,9067.00000000,0
1531163821096,1531163821090,1063344,0.00000261,3297.00000000,0
1531163821096,1531163821091,1063345,0.00000261,1577.00000000,0
1531163821117,1531163821111,1063346,0.00000261,13729.00000000,0
1531163821350,1531163821342,1063347,0.00000262,14688.00000000,0
1531163821350,1531163821342,1063348,0.00000263,23626.00000000,0
1531163821495,1531163821491,1063349,0.00000261,2188.00000000,1
1531163821639,1531163821633,1063350,0.00000261,2247.00000000,1
1531163821726,1531163821723,1063351,0.00000261,567.00000000,1
1531163821796,1531163821794,1063352,0.00000261,1627.00000000,1
1531163821973,1531163821966,1063353,0.00000261,2187.00000000,1
1531163821985,1531163821979,1063354,0.00000261,2090.00000000,1
1531163822135,1531163822129,1063355,0.00000261,2186.00000000,1
1531163822581,1531163822576,1063356,0.00000261,2186.00000000,1
1531163822810,1531163822804,1063357,0.00000261,620.00000000,1
1531163824036,1531163824029,1063358,0.00000261,2188.00000000,1
1531163824792,1531163824787,1063359,0.00000261,2177.00000000,1
1531163826923,1531163826918,1063360,0.00000261,2188.00000000,1
1531163827474,1531163827468,1063361,0.00000262,3.00000000,0
1531163827511,1531163827506,1063362,0.00000261,1830.00000000,1
1531163834237,1531163834230,1063363,0.00000262,456.00000000,0
1531163834237,1531163834230,1063364,0.00000263,4540.00000000,0
1531163849390,1531163849386,1063365,0.00000263,30418.00000000,0
1531163871588,1531163871583,1063366,0.00000262,3846.00000000,0
1531163873169,1531163873163,1063367,0.00000261,1548.00000000,1
1531163874099,1531163874093,1063368,0.00000261,387.00000000,1
1531163874203,1531163874196,1063369,0.00000261,387.00000000,1
1531163874228,1531163874220,1063370,0.00000261,774.00000000,1
1531163874534,1531163874529,1063371,0.00000261,1161.00000000,1
1531163874568,1531163874561,1063372,0.00000261,4644.00000000,1
1531163874594,1531163874587,1063373,0.00000261,504.00000000,1
1531163875096,1531163875093,1063374,0.00000261,697.00000000,1
1531163875640,1531163875635,1063375,0.00000262,742.00000000,0
1531163875640,1531163875635,1063376,0.00000263,7941.00000000,0
1531163876416,1531163876410,1063377,0.00000263,1650.00000000,0
1531163879740,1531163879734,1063378,0.00000262,42485.00000000,0
1531163880269,1531163880264,1063379,0.00000262,9067.00000000,1
1531163883600,1531163883598,1063380,0.00000262,764.00000000,1
1531163883863,1531163883861,1063381,0.00000262,3817.00000000,1
1531163884142,1531163884135,1063382,0.00000262,764.00000000,1
1531163884302,1531163884296,1063383,0.00000262,764.00000000,1
1531163885101,1531163885096,1063384,0.00000262,573.00000000,1
1531163885576,1531163885569,1063385,0.00000262,1146.00000000,1
1531163886252,1531163886246,1063386,0.00000262,4954.00000000,1
1531163898541,1531163898536,1063387,0.00000262,1132.00000000,1
1531163900495,1531163900489,1063388,0.00000262,30563.00000000,1
1531163901630,1531163901624,1063389,0.00000263,1400.00000000,0
1531163907930,1531163907922,1063390,0.00000263,200954.00000000,0
1531163909188,1531163909184,1063391,0.00000262,3054.00000000,1
1531163909279,1531163909273,1063392,0.00000263,1650.00000000,0
1531163909639,1531163909632,1063393,0.00000262,7634.00000000,1
1531163911656,1531163911650,1063394,0.00000263,16501.00000000,0
1531163914272,1531163914268,1063395,0.00000263,1928.00000000,1
1531163915486,1531163915480,1063396,0.00000263,1.00000000,1
1531163917906,1531163917901,1063397,0.00000263,1.00000000,1
1531163919290,1531163919284,1063398,0.00000263,13113.00000000,1
1531163951755,1531163951750,1063399,0.00000263,1986.00000000,1
1531163952657,1531163952622,1063400,0.00000263,2177.00000000,1
1531163952940,1531163952937,1063401,0.00000263,1704.00000000,1
1531163962684,1531163962677,1063402,0.00000263,1984.00000000,1
1531163975275,1531163975270,1063403,0.00000263,211.00000000,1
1531163991817,1531163991811,1063404,0.00000263,4469.00000000,1
1531164000665,1531164000662,1063405,0.00000264,9285.00000000,0
1531164000670,1531164000663,1063406,0.00000264,2453.00000000,0
1531164001451,1531164001444,1063407,0.00000263,1360.00000000,1
1531164003975,1531164003971,1063408,0.00000264,5702.00000000,0
1531164007869,1531164007863,1063409,0.00000264,1649.00000000,0
1531164008162,1531164008157,1063410,0.00000263,1649.00000000,1
1531164014493,1531164014489,1063411,0.00000264,34134.00000000,0
1531164015816,1531164015810,1063412,0.00000264,382.00000000,0
1531164025992,1531164025987,1063413,0.00000264,55567.00000000,0
1531164051912,1531164051907,1063414,0.00000264,849.00000000,0
1531164054898,1531164054892,1063415,0.00000263,116310.00000000,1
1531164057624,1531164057619,1063416,0.00000263,36233.00000000,1
1531164059596,1531164059590,1063417,0.00000263,37536.00000000,1
1531164064345,1531164064339,1063418,0.00000263,947.00000000,0
1531164064909,1531164064903,1063419,0.00000263,17204.00000000,0
1531164067049,1531164067043,1063420,0.00000263,50192.00000000,0
1531164078733,1531164078729,1063421,0.00000263,27376.00000000,0
1531164078743,1531164078738,1063422,0.00000263,29415.00000000,0
1531164079639,1531164079633,1063423,0.00000263,57.00000000,0
1531164087903,1531164087897,1063424,0.00000263,2750.00000000,1
1531164090630,1531164090624,1063425,0.00000264,539.00000000,0
1531164103186,1531164103180,1063426,0.00000264,822.00000000,0
1531164110594,1531164110588,1063427,0.00000264,2028.00000000,0
1531164115506,1531164115496,1063428,0.00000264,150008.00000000,0
1531164116480,1531164116476,1063429,0.00000264,1650.00000000,0
1531164116739,1531164116734,1063430,0.00000264,27694.00000000,0
1531164116828,1531164116826,1063431,0.00000264,27376.00000000,0
1531164125668,1531164125662,1063432,0.00000264,27694.00000000,0
1531164147148,1531164147142,1063433,0.00000264,4081.00000000,0
1531164148460,1531164148454,1063434,0.00000264,1215.00000000,0
1531164152086,1531164152083,1063435,0.00000263,6218.00000000,1
1531164170178,1531164170177,1063436,0.00000264,6970.00000000,0
1531164170926,1531164170920,1063437,0.00000264,16923.00000000,0
1531164174968,1531164174963,1063438,0.00000264,10420.00000000,0
1531164175037,1531164175031,1063439,0.00000264,19603.00000000,0
1531164175080,1531164175073,1063440,0.00000264,18432.00000000,0
1531164175089,1531164175088,1063441,0.00000264,454.00000000,0
1531164175136,1531164175133,1063442,0.00000264,1515.00000000,0
1531164175230,1531164175224,1063443,0.00000264,757.00000000,0
1531164175403,1531164175396,1063444,0.00000264,1793.00000000,0
1531164176745,1531164176742,1063445,0.00000264,627.00000000,0
1531164177064,1531164177059,1063446,0.00000264,1567.00000000,0
1531164177341,1531164177336,1063447,0.00000264,1313.00000000,0
1531164177389,1531164177383,1063448,0.00000264,1313.00000000,0
1531164178058,1531164178054,1063449,0.00000264,9513.00000000,0
1531164179246,1531164179240,1063450,0.00000264,8125.00000000,0
1531164181131,1531164181128,1063451,0.00000264,6970.00000000,0
1531164181151,1531164181146,1063452,0.00000264,34332.00000000,0
1531164181156,1531164181153,1063453,0.00000264,27694.00000000,0
1531164181171,1531164181166,1063454,0.00000264,27376.00000000,0
1531164181309,1531164181303,1063455,0.00000264,16923.00000000,0
1531164181675,1531164181669,1063456,0.00000264,2500.00000000,0
1531164182147,1531164182140,1063457,0.00000264,3861.00000000,0
1531164182148,1531164182143,1063458,0.00000264,3864.00000000,0
1531164182154,1531164182149,1063459,0.00000264,3861.00000000,0
1531164182176,1531164182170,1063460,0.00000264,3861.00000000,0
1531164182190,1531164182186,1063461,0.00000264,3861.00000000,0
1531164183360,1531164183359,1063462,0.00000264,758.00000000,0
1531164184397,1531164184391,1063463,0.00000264,379.00000000,0
1531164184550,1531164184544,1063464,0.00000264,417.00000000,0
1531164185273,1531164185270,1063465,0.00000264,1650.00000000,0
1531164185331,1531164185327,1063466,0.00000264,2500.00000000,0
1531164186497,1531164186493,1063467,0.00000264,5991.00000000,0
1531164187087,1531164187080,1063468,0.00000264,1267.00000000,0
1531164187376,1531164187369,1063469,0.00000264,383.00000000,0
1531164188257,1531164188251,1063470,0.00000264,195997.00000000,0
1531164189680,1531164189673,1063471,0.00000265,1571.00000000,0
1531164190723,1531164190716,1063472,0.00000264,23778.00000000,1
1531164190740,1531164190735,1063473,0.00000264,2684.00000000,0
1531164191383,1531164191376,1063474,0.00000264,5368.00000000,0
1531164191399,1531164191396,1063475,0.00000264,5379.00000000,0
1531164191449,1531164191443,1063476,0.00000264,5379.00000000,0
1531164193218,1531164193212,1063477,0.00000264,10.00000000,0
1531164195870,1531164195864,1063478,0.00000264,696.00000000,0
1531164202728,1531164202723,1063479,0.00000263,1650.00000000,1
1531164203962,1531164203956,1063480,0.00000263,69.00000000,1
1531164212848,1531164212842,1063481,0.00000264,14000.00000000,0
1531164216543,1531164216538,1063482,0.00000263,104707.00000000,1
1531164222745,1531164222739,1063483,0.00000263,47659.00000000,1
1531164228623,1531164228618,1063484,0.00000263,906.00000000,1
1531164232921,1531164232916,1063485,0.00000264,17819.00000000,0
1531164238345,1531164238339,1063486,0.00000263,2921.00000000,1
1531164238389,1531164238384,1063487,0.00000263,3279.00000000,0
1531164238550,1531164238543,1063488,0.00000263,7.00000000,0
1531164239557,1531164239550,1063489,0.00000263,2295.00000000,0
1531164262983,1531164262977,1063490,0.00000264,3143.00000000,0
1531164274360,1531164274354,1063491,0.00000264,3518.00000000,0
1531164293313,1531164293308,1063492,0.00000264,24347.00000000,0
1531164300148,1531164300142,1063493,0.00000263,47660.00000000,1
1531164312118,1531164312113,1063494,0.00000264,8255.00000000,0
1531164315173,1531164315167,1063495,0.00000263,47869.00000000,1
1531164315621,1531164315616,1063496,0.00000263,52766.00000000,0
1531164315709,1531164315704,1063497,0.00000263,14577.00000000,0
1531164358632,1531164358627,1063498,0.00000263,217.00000000,1
1531164365939,1531164365932,1063499,0.00000263,2234.00000000,1
1531164365939,1531164365932,1063500,0.00000262,30430.00000000,1
1531164371222,1531164371217,1063501,0.00000262,66.00000000,1
1531164379176,1531164379172,1063502,0.00000263,386.00000000,1
1531164382865,1531164382859,1063503,0.00000262,30388.00000000,1
1531164455804,1531164455798,1063504,0.00000263,1.00000000,1
1531164465228,1531164465223,1063505,0.00000264,719.00000000,0
1531164468107,1531164468100,1063506,0.00000263,12158.00000000,1
1531164468139,1531164468135,1063507,0.00000263,951.00000000,0
1531164468984,1531164468942,1063508,0.00000263,26584.00000000,1
1531164468984,1531164468954,1063509,0.00000263,22009.00000000,0
1531164468984,1531164468972,1063510,0.00000263,25384.00000000,0
1531164468984,1531164468979,1063511,0.00000263,14171.00000000,0
1531164473776,1531164473770,1063512,0.00000264,3.00000000,0
1531164476924,1531164476919,1063513,0.00000264,755.00000000,0
1531164526569,1531164526564,1063514,0.00000264,9522.00000000,0
1531164541754,1531164541749,1063515,0.00000264,1478.00000000,0
1531164555648,1531164555646,1063516,0.00000264,7960.00000000,0
1531164561466,1531164561461,1063517,0.00000264,28409.00000000,0
1531164563125,1531164563120,1063518,0.00000264,1208.00000000,0
1531164568196,1531164568193,1063519,0.00000264,20011.00000000,0
1531164576345,1531164576338,1063520,0.00000264,242164.00000000,0
1531164578258,1531164578253,1063521,0.00000264,32164.00000000,0
1531164580481,1531164580475,1063522,0.00000264,10.00000000,0
1531164582162,1531164582156,1063523,0.00000264,1.00000000,0
1531164582990,1531164582984,1063524,0.00000263,4632.00000000,1
1531164594669,1531164594664,1063525,0.00000263,16.00000000,1
1531164609969,1531164609967,1063526,0.00000264,6133.00000000,0
1531164626122,1531164626116,1063527,0.00000263,935.00000000,1
1531164636195,1531164636192,1063528,0.00000264,3575.00000000,0
1531164640327,1531164640321,1063529,0.00000264,3403.00000000,0
1531164643997,1531164643991,1063530,0.00000263,20828.00000000,1
1531164644178,1531164644171,1063531,0.00000264,189393.00000000,0
1531164655106,1531164655101,1063532,0.00000263,8357.00000000,1
1531164656585,1531164656580,1063533,0.00000264,1934.00000000,0
1531164658771,1531164658764,1063534,0.00000264,23957.00000000,0
1531164661143,1531164661137,1063535,0.00000264,20000.00000000,1
1531164673989,1531164673983,1063536,0.00000264,22506.00000000,1
1531164676360,1531164676354,1063537,0.00000263,79560.00000000,1
1531164683485,1531164683479,1063538,0.00000263,769.00000000,1
1531164703107,1531164703100,1063539,0.00000263,442637.00000000,1
1531164710814,1531164710808,1063540,0.00000263,16930.00000000,1
1531164734133,1531164734128,1063541,0.00000263,200.00000000,1
1531164740723,1531164740718,1063542,0.00000264,87726.00000000,0
1531164755564,1531164755558,1063543,0.00000264,154002.00000000,0
1531164762371,1531164762359,1063544,0.00000263,31628.00000000,1
1531164762371,1531164762359,1063545,0.00000262,115028.00000000,1
1531164766457,1531164766450,1063546,0.00000262,23875.00000000,1
1531164785534,1531164785529,1063547,0.00000262,7011.00000000,1
1531164793725,1531164793719,1063548,0.00000263,19608.00000000,0
1531164802089,1531164802084,1063549,0.00000263,1063.00000000,0
1531164805771,1531164805769,1063550,0.00000262,41380.00000000,1
1531164805795,1531164805791,1063551,0.00000262,1594.00000000,0
1531164805816,1531164805809,1063552,0.00000262,1594.00000000,0
1531164805819,1531164805814,1063553,0.00000262,7926.00000000,0
1531164805834,1531164805828,1063554,0.00000262,541.00000000,0
1531164805837,1531164805835,1063555,0.00000262,541.00000000,0
1531164805922,1531164805917,1063556,0.00000262,1599.00000000,0
1531164806522,1531164806519,1063557,0.00000261,1834.00000000,1
1531164808974,1531164808969,1063558,0.00000261,66.00000000,1
1531164815290,1531164815284,1063559,0.00000262,1315.00000000,0
1531164821608,1531164821602,1063560,0.00000261,25632.00000000,1
1531164823523,1531164823519,1063561,0.00000261,387.00000000,1
1531164824197,1531164824192,1063562,0.00000261,1935.00000000,1
1531164824529,1531164824524,1063563,0.00000261,3870.00000000,1
1531164826615,1531164826609,1063564,0.00000261,5000.00000000,1
1531164827532,1531164827524,1063565,0.00000261,241922.00000000,1
1531164827935,1531164827929,1063566,0.00000262,3816.00000000,0
1531164839370,1531164839364,1063567,0.00000261,27424.00000000,1
1531164853789,1531164853786,1063568,0.00000262,988.00000000,0
1531164871647,1531164871641,1063569,0.00000262,10000.00000000,0
1531164884240,1531164884235,1063570,0.00000261,30188.00000000,1
1531164884651,1531164884646,1063571,0.00000261,387.00000000,1
1531164884936,1531164884931,1063572,0.00000261,1161.00000000,1
1531164885830,1531164885825,1063573,0.00000262,9000.00000000,0
1531164888367,1531164888361,1063574,0.00000262,5258.00000000,0
1531164904137,1531164904137,1063575,0.00000261,767.00000000,1
1531164910562,1531164910558,1063576,0.00000262,1607.00000000,0
1531164916315,1531164916310,1063577,0.00000262,1618.00000000,0
1531164919138,1531164919132,1063578,0.00000262,537.00000000,0
1531164923714,1531164923708,1063579,0.00000261,921.00000000,1
1531164932022,1531164932017,1063580,0.00000262,15600.00000000,0
1531164935304,1531164935298,1063581,0.00000261,9975.00000000,1
1531164936046,1531164936040,1063582,0.00000262,416.00000000,0
1531164959063,1531164959057,1063583,0.00000261,7036.00000000,1
1531164959129,1531164959123,1063584,0.00000262,949.00000000,0
1531164967458,1531164967455,1063585,0.00000262,3271.00000000,0
1531164989650,1531164989644,1063586,0.00000261,121396.00000000,1
1531164989965,1531164989959,1063587,0.00000261,21734.00000000,1
1531165002872,1531165002866,1063588,0.00000261,10000.00000000,1
1531165032104,1531165032097,1063589,0.00000261,18965.00000000,1
1531165034582,1531165034575,1063590,0.00000262,314668.00000000,0
1531165048042,1531165048037,1063591,0.00000262,10732.00000000,0
1531165058881,1531165058875,1063592,0.00000261,75621.00000000,1
1531165063378,1531165063372,1063593,0.00000262,11161.00000000,0
1531165069331,1531165069320,1063594,0.00000261,168852.00000000,1
1531165069331,1531165069320,1063595,0.00000260,604082.00000000,1
1531165069629,1531165069624,1063596,0.00000261,20160.00000000,1
1531165069747,1531165069742,1063597,0.00000260,1650.00000000,1
1531165071182,1531165071177,1063598,0.00000262,418.00000000,0
1531165071926,1531165071925,1063599,0.00000260,66.00000000,1
1531165079701,1531165079696,1063600,0.00000261,2929.00000000,0
1531165093164,1531165093157,1063601,0.00000261,251576.00000000,0
1531165097083,1531165097080,1063602,0.00000262,2959.00000000,0
1531165102114,1531165102107,1063603,0.00000261,17750.00000000,1
1531165102781,1531165102775,1063604,0.00000261,156798.00000000,1
1531165124237,1531165124231,1063605,0.00000261,41152.00000000,0
1531165125575,1531165125569,1063606,0.00000260,389.00000000,1
1531165125755,1531165125750,1063607,0.00000260,389.00000000,1
1531165138268,1531165138261,1063608,0.00000260,4666.00000000,1
1531165139079,1531165139073,1063609,0.00000261,684.00000000,0
1531165144037,1531165144031,1063610,0.00000260,577.00000000,1
1531165144407,1531165144401,1063611,0.00000260,424.00000000,1
1531165146647,1531165146642,1063612,0.00000260,7452.00000000,1
1531165147670,1531165147664,1063613,0.00000260,150613.00000000,1
1531165151491,1531165151483,1063614,0.00000260,298796.00000000,1
1531165152684,1531165152683,1063615,0.00000260,11996.00000000,1
1531165154047,1531165154042,1063616,0.00000260,389.00000000,1
1531165154372,1531165154368,1063617,0.00000260,777.00000000,1
1531165156041,1531165156034,1063618,0.00000261,1.00000000,0
1531165158016,1531165158010,1063619,0.00000260,52269.00000000,1
1531165160693,1531165160687,1063620,0.00000260,2598.00000000,1
1531165161975,1531165161968,1063621,0.00000261,109450.00000000,0
1531165161993,1531165161987,1063622,0.00000261,13915.00000000,1
1531165162018,1531165162014,1063623,0.00000261,38264.00000000,1
1531165162021,1531165162015,1063624,0.00000261,38264.00000000,1
1531165162030,1531165162025,1063625,0.00000261,38264.00000000,1
1531165162032,1531165162026,1063626,0.00000261,38264.00000000,1
1531165162038,1531165162033,1063627,0.00000261,85855.00000000,1
1531165162041,1531165162037,1063628,0.00000261,59482.00000000,1
1531165162076,1531165162070,1063629,0.00000261,23508.00000000,1
1531165162105,1531165162101,1063630,0.00000261,41013.00000000,1
1531165162127,1531165162121,1063631,0.00000261,223286.00000000,1
1531165162262,1531165162260,1063632,0.00000261,3000.00000000,1
1531165162693,1531165162687,1063633,0.00000261,142740.00000000,1
1531165176604,1531165176597,1063634,0.00000261,19.00000000,1
1531165181122,1531165181116,1063635,0.00000261,1855.00000000,1
1531165181389,1531165181385,1063636,0.00000262,1000.00000000,0
1531165195317,1531165195310,1063637,0.00000262,182977.00000000,0
1531165200799,1531165200793,1063638,0.00000262,18672.00000000,0
1531165204125,1531165204120,1063639,0.00000261,767.00000000,1
1531165205918,1531165205911,1063640,0.00000261,1935.00000000,1
1531165206572,1531165206568,1063641,0.00000261,774.00000000,1
1531165215677,1531165215673,1063642,0.00000262,7040.00000000,0
1531165227837,1531165227831,1063643,0.00000261,1161.00000000,1
1531165236021,1531165236014,1063644,0.00000262,10.00000000,0
1531165243460,1531165243452,1063645,0.00000262,311842.00000000,0
1531165246362,1531165246356,1063646,0.00000262,2453.00000000,1
1531165246399,1531165246394,1063647,0.00000262,1062.00000000,1
1531165253369,1531165253366,1063648,0.00000262,7634.00000000,1
1531165254707,1531165254701,1063649,0.00000262,18462.00000000,1
1531165254773,1531165254766,1063650,0.00000263,44991.00000000,0
1531165261001,1531165260995,1063651,0.00000263,9097.00000000,0
1531165261031,1531165261025,1063652,0.00000263,2256.00000000,1
1531165267494,1531165267487,1063653,0.00000263,684.00000000,1
1531165271916,1531165271910,1063654,0.00000264,33569.00000000,0
1531165278107,1531165278102,1063655,0.00000264,59512.00000000,0
1531165290313,1531165290308,1063656,0.00000263,73764.00000000,1
1531165291543,1531165291539,1063657,0.00000264,4737.00000000,0
1531165296804,1531165296798,1063658,0.00000264,83091.00000000,0
1531165307589,1531165307583,1063659,0.00000263,1115.00000000,1
1531165317882,1531165317877,1063660,0.00000264,892.00000000,0
1531165319391,1531165319385,1063661,0.00000264,1000.00000000,0
1531165327238,1531165327229,1063662,0.00000264,238934.00000000,0
1531165328472,1531165328466,1063663,0.00000264,8430.00000000,0
1531165343753,1531165343748,1063664,0.00000264,2947.00000000,0
1531165350061,1531165350054,1063665,0.00000264,2713.00000000,0
1531165353326,1531165353319,1063666,0.00000264,15683.00000000,0
1531165365777,1531165365774,1063667,0.00000263,761.00000000,1
1531165368137,1531165368133,1063668,0.00000264,1113.00000000,0
1531165383799,1531165383794,1063669,0.00000264,417.00000000,0
1531165393836,1531165393830,1063670,0.00000264,12864.00000000,0
1531165395092,1531165395089,1063671,0.00000264,151484.00000000,0
1531165402647,1531165402641,1063672,0.00000263,41152.00000000,1
1531165406473,1531165406467,1063673,0.00000263,29269.00000000,1
1531165411704,1531165411699,1063674,0.00000263,6221.00000000,1
1531165419032,1531165419029,1063675,0.00000264,277.00000000,0
1531165424796,1531165424790,1063676,0.00000264,2360.00000000,0
1531165452786,1531165452782,1063677,0.00000264,1500.00000000,0
1531165464545,1531165464522,1063678,0.00000264,114067.00000000,0
1531165477463,1531165477457,1063679,0.00000263,1485.00000000,1
1531165496630,1531165496625,1063680,0.00000264,415.00000000,0
1531165497651,1531165497645,1063681,0.00000263,231.00000000,1
1531165501983,1531165501976,1063682,0.00000264,5181.00000000,0
1531165502462,1531165502455,1063683,0.00000264,116954.00000000,0
1531165510563,1531165510557,1063684,0.00000264,326.00000000,0
1531165526829,1531165526821,1063685,0.00000263,127081.00000000,1
1531165526829,1531165526821,1063686,0.00000262,72719.00000000,1
1531165535194,1531165535188,1063687,0.00000264,23347.00000000,0
1531165536802,1531165536801,1063688,0.00000262,7119.00000000,1
1531165578840,1531165578833,1063689,0.00000263,10345.00000000,0
1531165593803,1531165593797,1063690,0.00000263,500.00000000,0
1531165601937,1531165601931,1063691,0.00000263,48806.00000000,0
1531165619519,1531165619514,1063692,0.00000263,36605.00000000,0
1531165634851,1531165634846,1063693,0.00000263,19190.00000000,0
1531165635713,1531165635710,1063694,0.00000263,8263.00000000,1
1531165655011,1531165655005,1063695,0.00000263,18672.00000000,1
1531165658562,1531165658556,1063696,0.00000263,25774.00000000,1
1531165680845,1531165680839,1063697,0.00000263,1296.00000000,1
1531165731294,1531165731289,1063698,0.00000263,60130.00000000,1
1531165748025,1531165748020,1063699,0.00000262,232.00000000,1
1531165749004,1531165749000,1063700,0.00000263,11406.00000000,0
1531165763870,1531165763866,1063701,0.00000263,12854.00000000,0
1531165779132,1531165779126,1063702,0.00000263,9772.00000000,0
1531165787326,1531165787315,1063703,0.00000262,661408.00000000,1
1531165787363,1531165787360,1063704,0.00000262,16679.00000000,0
1531165787371,1531165787366,1063705,0.00000262,3441.00000000,0
1531165787374,1531165787373,1063706,0.00000262,16711.00000000,0
1531165787375,1531165787374,1063707,0.00000262,2453.00000000,0
1531165787672,1531165787669,1063708,0.00000262,168475.00000000,0
1531165787722,1531165787716,1063709,0.00000261,100961.00000000,1
1531165790484,1531165790477,1063710,0.00000261,11924.00000000,1
1531165799001,1531165798997,1063711,0.00000261,5000.00000000,1
1531165800137,1531165800131,1063712,0.00000261,900.00000000,1
1531165807645,1531165807639,1063713,0.00000261,75247.00000000,1
1531165817895,1531165817889,1063714,0.00000261,35720.00000000,1
1531165822580,1531165822573,1063715,0.00000261,5960.00000000,1
1531165825310,1531165825304,1063716,0.00000261,3846.00000000,1
1531165828687,1531165828681,1063717,0.00000261,16711.00000000,1
1531165833654,1531165833649,1063718,0.00000262,1742.00000000,0
1531165835956,1531165835950,1063719,0.00000262,9200.00000000,0
1531165842291,1531165842285,1063720,0.00000261,238695.00000000,1
1531165844380,1531165844374,1063721,0.00000261,113953.00000000,1
1531165844416,1531165844409,1063722,0.00000261,80139.00000000,1
1531165844562,1531165844556,1063723,0.00000262,5125.00000000,0
1531165845699,1531165845694,1063724,0.00000261,23929.00000000,1
1531165846999,1531165846992,1063725,0.00000261,5000.00000000,1
1531165849263,1531165849257,1063726,0.00000261,148231.00000000,1
1531165850666,1531165850657,1063727,0.00000261,201603.00000000,1
1531165850704,1531165850699,1063728,0.00000261,15104.00000000,0
1531165859537,1531165859528,1063729,0.00000260,165924.00000000,1
1531165859911,1531165859905,1063730,0.00000261,416.00000000,0
1531165863442,1531165863434,1063731,0.00000261,6787.00000000,0
1531165864590,1531165864584,1063732,0.00000261,4266.00000000,0
1531165867643,1531165867639,1063733,0.00000261,684.00000000,0
1531165869052,1531165869045,1063734,0.00000260,17261.00000000,1
1531165869200,1531165869197,1063735,0.00000260,1.00000000,0
1531165869331,1531165869325,1063736,0.00000260,103519.00000000,0
1531165869614,1531165869609,1063737,0.00000260,521.00000000,0
1531165869614,1531165869609,1063738,0.00000261,59479.00000000,0
1531165869878,1531165869873,1063739,0.00000259,66.00000000,1
1531165869880,1531165869873,1063740,0.00000259,47643.00000000,1
1531165869951,1531165869907,1063741,0.00000259,662246.00000000,1
1531165869951,1531165869907,1063742,0.00000258,981722.00000000,1
1531165869951,1531165869907,1063743,0.00000257,28380.00000000,1
1531165869951,1531165869907,1063744,0.00000257,2573.00000000,1
1531165869951,1531165869907,1063745,0.00000257,33111.00000000,1
1531165869971,1531165869967,1063746,0.00000258,96001.00000000,0
1531165869980,1531165869975,1063747,0.00000258,2981.00000000,0
1531165869990,1531165869986,1063748,0.00000258,2906.00000000,0
1531165869992,1531165869988,1063749,0.00000258,96031.00000000,0
1531165869998,1531165869994,1063750,0.00000258,2987.00000000,0
1531165870019,1531165870013,1063751,0.00000258,27801.00000000,0
1531165870341,1531165870339,1063752,0.00000258,1895.00000000,0
1531165870346,1531165870342,1063753,0.00000258,3459.00000000,0
1531165870679,1531165870672,1063754,0.00000258,3000.00000000,0
1531165870951,1531165870948,1063755,0.00000257,10993.00000000,1
1531165871540,1531165871532,1063756,0.00000257,27525.00000000,1
1531165871635,1531165871629,1063757,0.00000257,400.00000000,1
1531165871754,1531165871753,1063758,0.00000258,2299.00000000,0
1531165871909,1531165871903,1063759,0.00000258,14253.00000000,0
1531165872079,1531165872072,1063760,0.00000258,2289.00000000,0
1531165872392,1531165872387,1063761,0.00000257,1116967.00000000,1
1531165872629,1531165872626,1063762,0.00000258,10775.00000000,0
1531165872990,1531165872984,1063763,0.00000258,12462.00000000,0
1531165873093,1531165873086,1063764,0.00000257,1840.00000000,1
1531165873139,1531165873134,1063765,0.00000258,1650.00000000,0
1531165873622,1531165873616,1063766,0.00000257,421.00000000,1
1531165873632,1531165873626,1063767,0.00000258,8981.00000000,0
1531165874491,1531165874487,1063768,0.00000257,66.00000000,1
1531165874549,1531165874542,1063769,0.00000258,6988.00000000,0
1531165875400,1531165875396,1063770,0.00000257,1649.00000000,1
1531165875816,1531165875811,1063771,0.00000258,1182.00000000,0
1531165875924,1531165875918,1063772,0.00000257,763.00000000,1
1531165876117,1531165876111,1063773,0.00000258,6636.00000000,0
1531165878386,1531165878380,1063774,0.00000257,65997.00000000,1
1531165879899,1531165879894,1063775,0.00000257,66.00000000,1
1531165885701,1531165885695,1063776,0.00000258,107870.00000000,0
1531165886392,1531165886386,1063777,0.00000257,15213.00000000,1
1531165886847,1531165886842,1063778,0.00000258,19379.00000000,0
1531165887271,1531165887265,1063779,0.00000258,3.00000000,0
1531165887719,1531165887713,1063780,0.00000257,1495.00000000,1
1531165887822,1531165887816,1063781,0.00000257,6934.00000000,1
1531165888703,1531165888697,1063782,0.00000258,2002.00000000,0
1531165890883,1531165890879,1063783,0.00000258,2920.00000000,0
1531165891363,1531165891357,1063784,0.00000257,4834.00000000,1
1531165892622,1531165892615,1063785,0.00000257,6933.00000000,1
1531165892989,1531165892985,1063786,0.00000257,393.00000000,1
1531165894465,1531165894460,1063787,0.00000257,5994.00000000,1
1531165897620,1531165897615,1063788,0.00000258,4.00000000,0
1531165903568,1531165903561,1063789,0.00000258,775.00000000,0
1531165904513,1531165904507,1063790,0.00000257,4984.00000000,1
1531165906242,1531165906206,1063791,0.00000257,1.00000000,1
1531165909341,1531165909339,1063792,0.00000257,1235.00000000,1
1531165909617,1531165909613,1063793,0.00000258,539.00000000,0
1531165910799,1531165910783,1063794,0.00000258,684.00000000,0
1531165913198,1531165913196,1063795,0.00000257,393.00000000,1
1531165913742,1531165913737,1063796,0.00000257,1179.00000000,1
1531165913894,1531165913888,1063797,0.00000257,669.00000000,1
1531165913979,1531165913973,1063798,0.00000257,393.00000000,1
1531165914016,1531165914010,1063799,0.00000257,786.00000000,1
1531165914050,1531165914043,1063800,0.00000257,3930.00000000,1
1531165914502,1531165914497,1063801,0.00000257,393.00000000,1
1531165920295,1531165920289,1063802,0.00000258,500.00000000,0
1531165922623,1531165922617,1063803,0.00000258,215093.00000000,0
1531165923057,1531165923052,1063804,0.00000258,90996.00000000,0
1531165923632,1531165923631,1063805,0.00000257,779.00000000,1
1531165923681,1531165923674,1063806,0.00000257,779.00000000,1
1531165923705,1531165923700,1063807,0.00000257,1168.00000000,1
1531165923790,1531165923785,1063808,0.00000257,4266.00000000,1
1531165923860,1531165923854,1063809,0.00000257,467.00000000,1
1531165924218,1531165924213,1063810,0.00000257,584.00000000,1
1531165924363,1531165924358,1063811,0.00000257,584.00000000,1
1531165924528,1531165924524,1063812,0.00000257,779.00000000,1
1531165924709,1531165924702,1063813,0.00000257,1946.00000000,1
1531165924755,1531165924749,1063814,0.00000257,1168.00000000,1
