event_time,trade_time,trade_id,price,quantity,maker
1531160282789,1531160282786,8739853,0.00036597,1537.00000000,0
1531160282802,1531160282797,8739854,0.00036617,1424.00000000,0
1531160306283,1531160306279,8739855,0.00036576,14.00000000,1
1531160306741,1531160306739,8739856,0.00036618,153.00000000,0
1531160308740,1531160308737,8739857,0.00036641,7.00000000,0
1531160309753,1531160309747,8739858,0.00036642,243.00000000,0
1531160329220,1531160329215,8739859,0.00036645,2.00000000,0
1531160329220,1531160329215,8739860,0.00036648,39.00000000,0
1531160350450,1531160350446,8739861,0.00036618,53.00000000,1
1531160382740,1531160382735,8739862,0.00036642,53.00000000,0
1531160384743,1531160384741,8739863,0.00036647,157.00000000,0
1531160386751,1531160386749,8739864,0.00036648,12.00000000,0
1531160388230,1531160388229,8739865,0.00036619,131.00000000,1
1531160388257,1531160388255,8739866,0.00036669,17.00000000,0
1531160392680,1531160392677,8739867,0.00036643,629.00000000,0
1531160392692,1531160392688,8739868,0.00036619,117.00000000,1
1531160392705,1531160392702,8739869,0.00036619,23.00000000,0
1531160393351,1531160393349,8739870,0.00036619,108.00000000,0
1531160393750,1531160393746,8739871,0.00036670,23.00000000,0
1531160406826,1531160406823,8739872,0.00036704,441.00000000,0
1531160413913,1531160413907,8739873,0.00036682,7.00000000,1
1531160413913,1531160413907,8739874,0.00036646,6.00000000,1
1531160413913,1531160413907,8739875,0.00036618,1.00000000,1
1531160413913,1531160413907,8739876,0.00036588,23.00000000,1
1531160413913,1531160413907,8739877,0.00036578,201.00000000,1
1531160413913,1531160413907,8739878,0.00036577,85.00000000,1
1531160413913,1531160413907,8739879,0.00036573,3.00000000,1
1531160413913,1531160413907,8739880,0.00036570,10.00000000,1
1531160413913,1531160413907,8739881,0.00036565,32.00000000,1
1531160413913,1531160413907,8739882,0.00036554,6.00000000,1
1531160413913,1531160413907,8739883,0.00036550,221.00000000,1
1531160413913,1531160413907,8739884,0.00036547,280.00000000,1
1531160413913,1531160413907,8739885,0.00036544,6.00000000,1
1531160413913,1531160413907,8739886,0.00036531,293.00000000,1
1531160413913,1531160413907,8739887,0.00036529,876.00000000,1
1531160413932,1531160413929,8739888,0.00036567,4.00000000,0
1531160413954,1531160413951,8739889,0.00036567,4.00000000,0
1531160413968,1531160413967,8739890,0.00036567,4.00000000,0
1531160413981,1531160413978,8739891,0.00036567,3.00000000,0
1531160419749,1531160419746,8739892,0.00036618,28.00000000,0
1531160421757,1531160421754,8739893,0.00036618,39.00000000,0
1531160434765,1531160434763,8739894,0.00036662,104.00000000,0
1531160434765,1531160434763,8739895,0.00036663,552.00000000,0
1531160444364,1531160444360,8739896,0.00036639,2327.00000000,0
1531160444372,1531160444369,8739897,0.00036661,1238.00000000,0
1531160446111,1531160446108,8739898,0.00036661,40.00000000,0
1531160451755,1531160451750,8739899,0.00036663,95.00000000,0
1531160453765,1531160453761,8739900,0.00036668,6.00000000,0
1531160454132,1531160454128,8739901,0.00036672,5.00000000,0
1531160460744,1531160460741,8739902,0.00036661,7.00000000,1
1531160475686,1531160475683,8739903,0.00036661,29.00000000,1
1531160480605,1531160480601,8739904,0.00036660,5.00000000,0
1531160485483,1531160485480,8739905,0.00036640,239.00000000,0
1531160485493,1531160485489,8739906,0.00036660,134.00000000,0
1531160485774,1531160485772,8739907,0.00036661,163.00000000,0
1531160554861,1531160554857,8739908,0.00036705,4.00000000,0
1531160554861,1531160554857,8739909,0.00036707,4.00000000,0
1531160554861,1531160554857,8739910,0.00036718,167.00000000,0
1531160554861,1531160554857,8739911,0.00036735,23.00000000,0
1531160554861,1531160554857,8739912,0.00036738,5.00000000,0
1531160554861,1531160554857,8739913,0.00036747,15.00000000,0
1531160560904,1531160560900,8739914,0.00036663,5.00000000,1
1531160560904,1531160560900,8739915,0.00036662,33.00000000,1
1531160560904,1531160560900,8739916,0.00036661,48.00000000,1
1531160599312,1531160599309,8739917,0.00036658,5.00000000,0
1531160614448,1531160614443,8739918,0.00036658,6.00000000,0
1531160644598,1531160644595,8739919,0.00036656,16.00000000,0
1531160644625,1531160644621,8739920,0.00036656,15.00000000,0
1531160644633,1531160644630,8739921,0.00036656,16.00000000,0
1531160655789,1531160655785,8739922,0.00036656,226.00000000,0
1531160657792,1531160657788,8739923,0.00036661,114.00000000,0
1531160664687,1531160664684,8739924,0.00036660,319.00000000,0
1531160669139,1531160669135,8739925,0.00036661,22.00000000,0
1531160699024,1531160699023,8739926,0.00036632,226.00000000,1
1531160699096,1531160699093,8739927,0.00036660,10.00000000,0
1531160699775,1531160699771,8739928,0.00036660,1076.00000000,0
1531160732507,1531160732502,8739929,0.00036661,27.00000000,0
1531160741008,1531160741005,8739930,0.00036661,374.00000000,0
1531160742011,1531160742006,8739931,0.00036661,77.00000000,0
1531160820837,1531160820834,8739932,0.00036695,986.00000000,0
1531160820848,1531160820844,8739933,0.00036717,143.00000000,0
1531160820867,1531160820863,8739934,0.00036717,554.00000000,0
1531160849310,1531160849307,8739935,0.00036697,845.00000000,0
1531160849317,1531160849312,8739936,0.00036716,813.00000000,0
1531160887881,1531160887877,8739937,0.00036725,2794.00000000,0
1531160887895,1531160887891,8739938,0.00036701,480.00000000,1
1531160887916,1531160887913,8739939,0.00036701,1259.00000000,1
1531160893895,1531160893888,8739940,0.00036711,3.00000000,1
1531160893895,1531160893888,8739941,0.00036706,108.00000000,1
1531160893895,1531160893888,8739942,0.00036700,50.00000000,1
1531160893895,1531160893888,8739943,0.00036661,168.00000000,1
1531160893895,1531160893888,8739944,0.00036658,101.00000000,1
1531160893895,1531160893888,8739945,0.00036650,50.00000000,1
1531160893895,1531160893888,8739946,0.00036640,23.00000000,1
1531160893895,1531160893888,8739947,0.00036620,80.00000000,1
1531160893895,1531160893888,8739948,0.00036618,4.00000000,1
1531160899568,1531160899563,8739949,0.00036627,77.00000000,1
1531160899568,1531160899563,8739950,0.00036625,54.00000000,1
1531160899568,1531160899563,8739951,0.00036618,152.00000000,1
1531160901383,1531160901380,8739952,0.00036625,27.00000000,0
1531160901594,1531160901590,8739953,0.00036625,60.00000000,0
1531160901862,1531160901858,8739954,0.00036627,27.00000000,0
1531160908189,1531160908184,8739955,0.00036717,6.00000000,0
1531160966059,1531160966055,8739956,0.00036682,1696.00000000,0
1531160966066,1531160966063,8739957,0.00036710,585.00000000,0
1531161000759,1531161000755,8739958,0.00036655,8.00000000,1
1531161000759,1531161000755,8739959,0.00036654,16.00000000,1
1531161013395,1531161013390,8739960,0.00036702,5.00000000,0
1531161014304,1531161014301,8739961,0.00036702,5.00000000,0
1531161015921,1531161015917,8739962,0.00036702,14.00000000,0
1531161016213,1531161016209,8739963,0.00036710,4.00000000,0
1531161018499,1531161018497,8739964,0.00036706,5.00000000,0
1531161018575,1531161018572,8739965,0.00036706,5.00000000,0
1531161018742,1531161018739,8739966,0.00036706,1.00000000,0
1531161018742,1531161018739,8739967,0.00036707,4.00000000,0
1531161019011,1531161019008,8739968,0.00036707,3.00000000,0
1531161019100,1531161019099,8739969,0.00036707,7.00000000,0
1531161019693,1531161019691,8739970,0.00036706,13.00000000,0
1531161019693,1531161019691,8739971,0.00036707,14.00000000,0
1531161019775,1531161019771,8739972,0.00036707,11.00000000,0
1531161046705,1531161046701,8739973,0.00036703,33.00000000,0
1531161046705,1531161046701,8739974,0.00036704,21.00000000,0
1531161046705,1531161046701,8739975,0.00036707,46.00000000,0
1531161046824,1531161046820,8739976,0.00036707,6.00000000,0
1531161046833,1531161046829,8739977,0.00036707,6.00000000,0
1531161046886,1531161046882,8739978,0.00036707,6.00000000,0
1531161046890,1531161046886,8739979,0.00036707,6.00000000,0
1531161046921,1531161046917,8739980,0.00036707,9.00000000,0
1531161074425,1531161074421,8739981,0.00036619,26.00000000,1
1531161074425,1531161074421,8739982,0.00036618,33.00000000,1
1531161074425,1531161074421,8739983,0.00036600,48.00000000,1
1531161114496,1531161114491,8739984,0.00036682,6.00000000,1
1531161114520,1531161114516,8739985,0.00036682,6.00000000,1
1531161114549,1531161114546,8739986,0.00036682,6.00000000,1
1531161114585,1531161114580,8739987,0.00036682,8.00000000,1
1531161115221,1531161115216,8739988,0.00036682,374.00000000,1
1531161115459,1531161115455,8739989,0.00036682,29.00000000,1
1531161116816,1531161116814,8739990,0.00036686,5.00000000,1
1531161118227,1531161118222,8739991,0.00036682,108.00000000,1
1531161118819,1531161118814,8739992,0.00036682,32.00000000,1
1531161119808,1531161119804,8739993,0.00036682,470.00000000,1
1531161120810,1531161120805,8739994,0.00036682,5.00000000,1
1531161166410,1531161166406,8739995,0.00036698,45.00000000,1
1531161296697,1531161296692,8739996,0.00036620,17.00000000,1
1531161296697,1531161296692,8739997,0.00036600,495.00000000,1
1531161296727,1531161296724,8739998,0.00036600,16.00000000,0
1531161304338,1531161304333,8739999,0.00036681,2.00000000,0
1531161308822,1531161308819,8740000,0.00036613,5.00000000,1
1531161308851,1531161308847,8740001,0.00036600,95.00000000,0
1531161310885,1531161310883,8740002,0.00036618,19.00000000,0
1531161311623,1531161311620,8740003,0.00036618,309.00000000,0
1531161312642,1531161312640,8740004,0.00036618,134.00000000,0
1531161322811,1531161322806,8740005,0.00036622,36.00000000,1
1531161357756,1531161357753,8740006,0.00036668,10.00000000,0
1531161383833,1531161383828,8740007,0.00036678,6.00000000,0
1531161383833,1531161383828,8740008,0.00036679,10.00000000,0
1531161383833,1531161383828,8740009,0.00036681,23.00000000,0
1531161383903,1531161383898,8740010,0.00036698,28.00000000,1
1531161387302,1531161387297,8740011,0.00036682,279.00000000,1
1531161387302,1531161387297,8740012,0.00036633,8.00000000,1
1531161387302,1531161387297,8740013,0.00036632,78.00000000,1
1531161391048,1531161391046,8740014,0.00036682,48.00000000,1
1531161397832,1531161397829,8740015,0.00036686,5.00000000,1
1531161398824,1531161398819,8740016,0.00036682,141.00000000,1
1531161470143,1531161470139,8740017,0.00036623,361.00000000,1
1531161504550,1531161504548,8740018,0.00036664,13.00000000,0
1531161504558,1531161504553,8740019,0.00036664,10.00000000,0
1531161524658,1531161524653,8740020,0.00036647,1680.00000000,0
1531161524674,1531161524670,8740021,0.00036631,832.00000000,1
1531161534836,1531161534830,8740022,0.00036664,5.00000000,0
1531161579092,1531161579087,8740023,0.00036664,8.00000000,1
1531161590880,1531161590876,8740024,0.00036667,27.00000000,0
1531161594109,1531161594105,8740025,0.00036667,686.00000000,0
1531161625228,1531161625224,8740026,0.00036681,1294.00000000,0
1531161625252,1531161625247,8740027,0.00036681,1445.00000000,0
1531161625449,1531161625273,8740028,0.00036667,30.00000000,1
1531161629841,1531161629836,8740029,0.00036664,12.00000000,1
1531161631284,1531161631280,8740030,0.00036666,12.00000000,0
1531161633911,1531161633907,8740031,0.00036666,860.00000000,0
1531161633936,1531161633931,8740032,0.00036667,683.00000000,0
1531161644681,1531161644677,8740033,0.00036640,12.00000000,1
1531161680461,1531161680457,8740034,0.00036667,407.00000000,0
1531161680968,1531161680963,8740035,0.00036668,8.00000000,0
1531161680968,1531161680963,8740036,0.00036702,8.00000000,0
1531161680968,1531161680963,8740037,0.00036705,67.00000000,0
1531161680968,1531161680963,8740038,0.00036706,462.00000000,0
1531161705977,1531161705973,8740039,0.00036654,5.00000000,1
1531161705977,1531161705973,8740040,0.00036650,20.00000000,1
1531161718263,1531161718260,8740041,0.00036650,30.00000000,1
1531161718263,1531161718260,8740042,0.00036649,6.00000000,1
1531161718263,1531161718260,8740043,0.00036640,29.00000000,1
1531161721835,1531161721829,8740044,0.00036653,5.00000000,1
1531161725468,1531161725465,8740045,0.00036667,521.00000000,0
1531161725493,1531161725489,8740046,0.00036667,158.00000000,0
1531161763767,1531161763763,8740047,0.00036667,258.00000000,0
1531161763782,1531161763778,8740048,0.00036667,410.00000000,0
1531161789862,1531161789858,8740049,0.00036656,1889.00000000,0
1531161789877,1531161789871,8740050,0.00036666,1257.00000000,0
1531161789895,1531161789893,8740051,0.00036666,851.00000000,0
1531161794979,1531161794975,8740052,0.00036667,34.00000000,0
1531161810834,1531161810831,8740053,0.00036668,100.00000000,0
1531161811019,1531161811014,8740054,0.00036667,134.00000000,1
1531161821930,1531161821927,8740055,0.00036685,777.00000000,0
1531161821943,1531161821937,8740056,0.00036704,435.00000000,0
1531161821969,1531161821964,8740057,0.00036704,405.00000000,0
1531161831976,1531161831972,8740058,0.00036685,1703.00000000,0
1531161831990,1531161831985,8740059,0.00036704,1043.00000000,0
1531161832014,1531161832010,8740060,0.00036704,1374.00000000,0
1531161848862,1531161848858,8740061,0.00036704,828.00000000,0
1531161876581,1531161876576,8740062,0.00036685,897.00000000,0
1531161876594,1531161876590,8740063,0.00036704,335.00000000,0
1531161887826,1531161887822,8740064,0.00036705,35.00000000,0
1531161887826,1531161887822,8740065,0.00036706,65.00000000,0
1531161904407,1531161904402,8740066,0.00036703,1044.00000000,0
1531161931785,1531161931783,8740067,0.00036704,17.00000000,0
1531161941312,1531161941308,8740068,0.00036688,3264.00000000,0
1531161941326,1531161941323,8740069,0.00036703,452.00000000,0
1531161941353,1531161941348,8740070,0.00036703,1360.00000000,0
1531161959281,1531161959276,8740071,0.00036702,1489.00000000,0
1531161959301,1531161959297,8740072,0.00036702,1188.00000000,0
1531161973577,1531161973573,8740073,0.00036671,34.00000000,1
1531161988240,1531161988235,8740074,0.00036674,5.00000000,1
1531162000879,1531162000874,8740075,0.00036667,19.00000000,1
1531162002879,1531162002875,8740076,0.00036666,15.00000000,1
1531162022582,1531162022579,8740077,0.00036668,27.00000000,0
1531162024609,1531162024603,8740078,0.00036645,5.00000000,1
1531162025767,1531162025763,8740079,0.00036667,28.00000000,0
1531162028067,1531162028065,8740080,0.00036668,15.00000000,0
1531162028067,1531162028065,8740081,0.00036674,12.00000000,0
1531162031394,1531162031389,8740082,0.00036640,9.00000000,1
1531162031394,1531162031389,8740083,0.00036630,50.00000000,1
1531162031394,1531162031389,8740084,0.00036620,50.00000000,1
1531162031394,1531162031389,8740085,0.00036618,191.00000000,1
1531162033517,1531162033512,8740086,0.00036668,27.00000000,0
1531162035632,1531162035631,8740087,0.00036662,3.00000000,0
1531162038636,1531162038631,8740088,0.00036661,54.00000000,0
1531162039639,1531162039638,8740089,0.00036661,54.00000000,0
1531162046987,1531162046982,8740090,0.00036640,3113.00000000,0
1531162047005,1531162047001,8740091,0.00036661,1300.00000000,0
1531162047664,1531162047660,8740092,0.00036661,69.00000000,1
1531162054885,1531162054884,8740093,0.00036661,21.00000000,1
1531162079763,1531162079759,8740094,0.00036668,36.00000000,0
1531162079763,1531162079759,8740095,0.00036673,6.00000000,0
1531162079763,1531162079759,8740096,0.00036674,30.00000000,0
1531162079763,1531162079759,8740097,0.00036703,93.00000000,0
1531162100969,1531162100965,8740098,0.00036668,10.00000000,0
1531162121488,1531162121483,8740099,0.00036667,156.00000000,0
1531162121488,1531162121483,8740100,0.00036668,45.00000000,0
1531162121488,1531162121483,8740101,0.00036703,112.00000000,0
1531162121488,1531162121483,8740102,0.00036704,195.00000000,0
1531162150867,1531162150862,8740103,0.00036645,26.00000000,1
1531162159342,1531162159338,8740104,0.00036656,5.00000000,1
1531162159342,1531162159338,8740105,0.00036646,6.00000000,1
1531162162726,1531162162721,8740106,0.00036645,15.00000000,0
1531162162726,1531162162721,8740107,0.00036668,21.00000000,0
1531162162726,1531162162721,8740108,0.00036672,6.00000000,0
1531162162726,1531162162721,8740109,0.00036704,158.00000000,0
1531162197271,1531162197265,8740110,0.00036701,1.00000000,0
1531162197447,1531162197442,8740111,0.00036701,3.00000000,0
1531162197597,1531162197593,8740112,0.00036701,3.00000000,0
1531162197692,1531162197687,8740113,0.00036701,3.00000000,0
1531162197971,1531162197969,8740114,0.00036701,3.00000000,0
1531162198209,1531162198205,8740115,0.00036701,3.00000000,0
1531162198464,1531162198461,8740116,0.00036701,3.00000000,0
1531162198572,1531162198571,8740117,0.00036701,3.00000000,0
1531162198735,1531162198731,8740118,0.00036701,3.00000000,0
1531162198979,1531162198976,8740119,0.00036701,3.00000000,0
1531162199219,1531162199214,8740120,0.00036701,3.00000000,0
1531162199463,1531162199462,8740121,0.00036701,3.00000000,0
1531162199581,1531162199578,8740122,0.00036701,3.00000000,0
1531162199706,1531162199705,8740123,0.00036701,3.00000000,0
1531162199969,1531162199965,8740124,0.00036701,3.00000000,0
1531162200218,1531162200214,8740125,0.00036701,3.00000000,0
1531162200473,1531162200468,8740126,0.00036701,3.00000000,0
1531162200599,1531162200595,8740127,0.00036701,3.00000000,0
1531162200744,1531162200738,8740128,0.00036701,3.00000000,0
1531162200999,1531162200997,8740129,0.00036704,3.00000000,0
1531162220903,1531162220899,8740130,0.00036703,1445.00000000,0
1531162220922,1531162220916,8740131,0.00036703,591.00000000,0
1531162240235,1531162240232,8740132,0.00036671,16.00000000,1
1531162240948,1531162240944,8740133,0.00036703,546.00000000,0
1531162257163,1531162257160,8740134,0.00036677,5.00000000,1
1531162257163,1531162257160,8740135,0.00036671,8.00000000,1
1531162264494,1531162264489,8740136,0.00036671,112.00000000,1
1531162271142,1531162271136,8740137,0.00036703,1049.00000000,0
1531162271173,1531162271168,8740138,0.00036703,53.00000000,0
1531162347896,1531162347893,8740139,0.00036624,151.00000000,0
1531162361530,1531162361525,8740140,0.00036642,6.00000000,1
1531162361530,1531162361525,8740141,0.00036641,99.00000000,1
1531162370274,1531162370272,8740142,0.00036640,3.00000000,1
1531162386881,1531162386875,8740143,0.00036618,4.00000000,1
1531162386881,1531162386875,8740144,0.00036610,50.00000000,1
1531162386881,1531162386875,8740145,0.00036601,446.00000000,1
1531162403612,1531162403607,8740146,0.00036638,1473.00000000,0
1531162431664,1531162431659,8740147,0.00036602,4.00000000,0
1531162431713,1531162431711,8740148,0.00036602,51.00000000,0
1531162434178,1531162434173,8740149,0.00036640,38.00000000,0
1531162434185,1531162434181,8740150,0.00036640,38.00000000,0
1531162439805,1531162439800,8740151,0.00036625,309.00000000,0
1531162439824,1531162439818,8740152,0.00036640,102.00000000,0
1531162445936,1531162445930,8740153,0.00036641,14.00000000,0
1531162450266,1531162450261,8740154,0.00036667,425.00000000,0
1531162450284,1531162450280,8740155,0.00036640,76.00000000,1
1531162476315,1531162476311,8740156,0.00036640,2.00000000,0
1531162492593,1531162492589,8740157,0.00036640,2.00000000,0
1531162498071,1531162498069,8740158,0.00036640,24.00000000,0
1531162502256,1531162502250,8740159,0.00036628,296.00000000,0
1531162502273,1531162502268,8740160,0.00036617,190.00000000,1
1531162502286,1531162502281,8740161,0.00036640,89.00000000,0
1531162510547,1531162510543,8740162,0.00036652,2110.00000000,0
1531162510554,1531162510550,8740163,0.00036640,89.00000000,1
1531162511603,1531162511597,8740164,0.00036640,5.00000000,0
1531162537098,1531162537092,8740165,0.00036611,54.00000000,1
1531162537098,1531162537092,8740166,0.00036601,111.00000000,1
1531162537098,1531162537092,8740167,0.00036600,40.00000000,1
1531162542635,1531162542633,8740168,0.00036639,793.00000000,0
1531162542654,1531162542649,8740169,0.00036639,1205.00000000,0
1531162542674,1531162542668,8740170,0.00036640,84.00000000,0
1531162552450,1531162552445,8740171,0.00036668,3.00000000,0
1531162560297,1531162560292,8740172,0.00036702,9.00000000,0
1531162563676,1531162563671,8740173,0.00036703,4.00000000,0
1531162567545,1531162567540,8740174,0.00036701,34.00000000,0
1531162567545,1531162567540,8740175,0.00036702,92.00000000,0
1531162571345,1531162571340,8740176,0.00036673,2424.00000000,0
1531162571360,1531162571355,8740177,0.00036702,1243.00000000,0
1531162571383,1531162571377,8740178,0.00036702,1171.00000000,0
1531162571422,1531162571419,8740179,0.00036702,18.00000000,1
1531162571437,1531162571436,8740180,0.00036702,74.00000000,1
1531162580801,1531162580797,8740181,0.00036610,3.00000000,1
1531162609701,1531162609696,8740182,0.00036629,5.00000000,1
1531162609767,1531162609762,8740183,0.00036628,5.00000000,1
1531162619606,1531162619603,8740184,0.00036640,10.00000000,1
1531162620662,1531162620657,8740185,0.00036648,5.00000000,1
1531162620662,1531162620657,8740186,0.00036640,365.00000000,1
1531162670455,1531162670450,8740187,0.00036663,4.00000000,0
1531162708310,1531162708306,8740188,0.00036641,13.00000000,0
1531162710757,1531162710752,8740189,0.00036641,12.00000000,0
1531162710757,1531162710752,8740190,0.00036661,8.00000000,0
1531162710757,1531162710752,8740191,0.00036668,7.00000000,0
1531162727937,1531162727933,8740192,0.00036654,1390.00000000,0
1531162727947,1531162727943,8740193,0.00036641,922.00000000,1
1531162727973,1531162727968,8740194,0.00036641,473.00000000,1
1531162745289,1531162745283,8740195,0.00036641,4.00000000,0
1531162754511,1531162754504,8740196,0.00036641,30.00000000,0
1531162755100,1531162755095,8740197,0.00036641,14.00000000,0
1531162755843,1531162755837,8740198,0.00036641,7.00000000,0
1531162782210,1531162782205,8740199,0.00036640,200.00000000,1
1531162800955,1531162800948,8740200,0.00036640,10.00000000,1
1531162818980,1531162818973,8740201,0.00036640,20.00000000,0
1531162818980,1531162818973,8740202,0.00036641,6.00000000,0
1531162818980,1531162818973,8740203,0.00036668,298.00000000,0
1531162818980,1531162818973,8740204,0.00036687,23.00000000,0
1531162818980,1531162818973,8740205,0.00036702,1137.00000000,0
1531162818980,1531162818973,8740206,0.00036703,97.00000000,0
1531162818980,1531162818973,8740207,0.00036704,1129.00000000,0
1531162829152,1531162829147,8740208,0.00036628,5.00000000,1
1531162829152,1531162829147,8740209,0.00036606,3.00000000,1
1531162870076,1531162870071,8740210,0.00036701,11.00000000,0
1531162870076,1531162870071,8740211,0.00036702,4.00000000,0
1531162870251,1531162870247,8740212,0.00036702,11.00000000,0
1531162913768,1531162913763,8740213,0.00036702,350.00000000,0
1531162925318,1531162925312,8740214,0.00036680,2120.00000000,0
1531162925328,1531162925323,8740215,0.00036701,1093.00000000,0
1531162937148,1531162937141,8740216,0.00036701,84.00000000,0
1531162939745,1531162939740,8740217,0.00036680,987.00000000,0
1531162939760,1531162939755,8740218,0.00036701,331.00000000,0
1531162939966,1531162939961,8740219,0.00036701,84.00000000,1
1531162939991,1531162939988,8740220,0.00036660,5.00000000,1
1531162939991,1531162939988,8740221,0.00036650,23.00000000,1
1531162940016,1531162940011,8740222,0.00036626,4.00000000,0
1531163025156,1531163025152,8740223,0.00036638,109.00000000,1
1531163025309,1531163025303,8740224,0.00036668,19.00000000,0
1531163026273,1531163026268,8740225,0.00036668,79.00000000,0
1531163028314,1531163028307,8740226,0.00036668,18.00000000,0
1531163029270,1531163029266,8740227,0.00036668,77.00000000,0
1531163039978,1531163039975,8740228,0.00036650,5.00000000,1
1531163042355,1531163042352,8740229,0.00036668,18.00000000,0
1531163043303,1531163043297,8740230,0.00036668,80.00000000,0
1531163053993,1531163053990,8740231,0.00036668,26.00000000,1
1531163056516,1531163056511,8740232,0.00036668,25.00000000,0
1531163068985,1531163068981,8740233,0.00036668,59.00000000,1
1531163069625,1531163069619,8740234,0.00036700,390.00000000,0
1531163069641,1531163069636,8740235,0.00036700,97.00000000,0
1531163104590,1531163104588,8740236,0.00036673,457.00000000,0
1531163104601,1531163104597,8740237,0.00036699,246.00000000,0
1531163127997,1531163127992,8740238,0.00036659,559.00000000,1
1531163159258,1531163159252,8740239,0.00036661,2408.00000000,0
1531163159271,1531163159266,8740240,0.00036695,980.00000000,0
1531163159293,1531163159288,8740241,0.00036694,55.00000000,0
1531163159293,1531163159288,8740242,0.00036695,916.00000000,0
1531163159552,1531163159546,8740243,0.00036699,6.00000000,0
1531163159571,1531163159566,8740244,0.00036699,6.00000000,0
1531163159599,1531163159593,8740245,0.00036699,6.00000000,0
1531163159632,1531163159626,8740246,0.00036699,6.00000000,0
1531163159649,1531163159646,8740247,0.00036699,6.00000000,0
1531163159669,1531163159664,8740248,0.00036699,6.00000000,0
1531163159679,1531163159674,8740249,0.00036699,6.00000000,0
1531163159735,1531163159729,8740250,0.00036699,6.00000000,0
1531163160066,1531163160063,8740251,0.00036699,7.00000000,0
1531163192619,1531163192613,8740252,0.00036631,114.00000000,1
1531163192619,1531163192613,8740253,0.00036626,62.00000000,1
1531163192619,1531163192613,8740254,0.00036608,55.00000000,1
1531163222251,1531163222246,8740255,0.00036689,338.00000000,0
1531163222270,1531163222266,8740256,0.00036685,3.00000000,0
1531163222270,1531163222266,8740257,0.00036689,1155.00000000,0
1531163224849,1531163224843,8740258,0.00036609,4.00000000,1
1531163224849,1531163224843,8740259,0.00036608,25.00000000,1
1531163224849,1531163224843,8740260,0.00036600,10.00000000,1
1531163224849,1531163224843,8740261,0.00036596,4.00000000,1
1531163224849,1531163224843,8740262,0.00036593,23.00000000,1
1531163224849,1531163224843,8740263,0.00036590,50.00000000,1
1531163224849,1531163224843,8740264,0.00036580,50.00000000,1
1531163224849,1531163224843,8740265,0.00036570,50.00000000,1
1531163224849,1531163224843,8740266,0.00036567,3.00000000,1
1531163224849,1531163224843,8740267,0.00036560,15.00000000,1
1531163224850,1531163224843,8740268,0.00036560,35.00000000,1
1531163224850,1531163224843,8740269,0.00036559,12.00000000,1
1531163224850,1531163224843,8740270,0.00036550,58.00000000,1
1531163224864,1531163224861,8740271,0.00036550,69.00000000,0
1531163224972,1531163224967,8740272,0.00036549,54.00000000,0
1531163226598,1531163226595,8740273,0.00036697,4.00000000,0
1531163300970,1531163300965,8740274,0.00036687,190.00000000,0
1531163300970,1531163300965,8740275,0.00036688,80.00000000,0
1531163300970,1531163300965,8740276,0.00036696,156.00000000,0
1531163317253,1531163317247,8740277,0.00036671,398.00000000,0
1531163317268,1531163317261,8740278,0.00036696,1078.00000000,0
1531163317288,1531163317283,8740279,0.00036696,316.00000000,0
1531163394019,1531163394015,8740280,0.00036616,97.00000000,0
1531163394034,1531163394027,8740281,0.00036616,890.00000000,0
1531163397885,1531163397880,8740282,0.00036617,264.00000000,0
1531163407640,1531163407634,8740283,0.00036601,3415.00000000,0
1531163407654,1531163407649,8740284,0.00036616,1146.00000000,0
1531163409034,1531163409029,8740285,0.00036618,67.00000000,0
1531163411032,1531163411030,8740286,0.00036618,67.00000000,0
1531163412033,1531163412026,8740287,0.00036618,67.00000000,0
1531163413024,1531163413020,8740288,0.00036618,67.00000000,0
1531163441547,1531163441542,8740289,0.00036615,1181.00000000,0
1531163441566,1531163441559,8740290,0.00036615,400.00000000,0
1531163448798,1531163448794,8740291,0.00036577,7.00000000,1
1531163458208,1531163458203,8740292,0.00036579,50.00000000,1
1531163485366,1531163485360,8740293,0.00036615,720.00000000,0
1531163485381,1531163485376,8740294,0.00036615,1007.00000000,0
1531163519943,1531163519938,8740295,0.00036600,1789.00000000,0
1531163519958,1531163519953,8740296,0.00036615,755.00000000,0
1531163519978,1531163519973,8740297,0.00036615,639.00000000,0
1531163564916,1531163564910,8740298,0.00036615,1313.00000000,0
1531163577927,1531163577923,8740299,0.00036616,4.00000000,0
1531163584208,1531163584201,8740300,0.00036615,215.00000000,0
1531163605395,1531163605388,8740301,0.00036589,705.00000000,0
1531163605408,1531163605403,8740302,0.00036615,630.00000000,0
1531163627493,1531163627489,8740303,0.00036615,670.00000000,1
1531163627498,1531163627494,8740304,0.00036615,33.00000000,1
1531163627500,1531163627497,8740305,0.00036615,33.00000000,1
1531163627513,1531163627506,8740306,0.00036615,18.00000000,1
1531163660457,1531163660454,8740307,0.00036615,20.00000000,1
1531163724194,1531163724188,8740308,0.00036616,27.00000000,0
1531163725079,1531163725074,8740309,0.00036616,350.00000000,0
1531163742975,1531163742968,8740310,0.00036634,2476.00000000,0
1531163742991,1531163742985,8740311,0.00036653,904.00000000,0
1531163747843,1531163747837,8740312,0.00036616,20.00000000,1
1531163771418,1531163771412,8740313,0.00036653,886.00000000,0
1531163802720,1531163802716,8740314,0.00036654,5.00000000,0
1531163805100,1531163805097,8740315,0.00036657,26.00000000,0
1531163822753,1531163822750,8740316,0.00036655,1011.00000000,0
1531163822764,1531163822757,8740317,0.00036656,372.00000000,0
1531163833443,1531163833436,8740318,0.00036655,1246.00000000,0
1531163833452,1531163833446,8740319,0.00036656,605.00000000,0
1531163843353,1531163843347,8740320,0.00036656,11.00000000,0
1531163849199,1531163849194,8740321,0.00036654,14.00000000,1
1531163852723,1531163852719,8740322,0.00036654,22.00000000,0
1531163873406,1531163873401,8740323,0.00036653,553.00000000,0
1531163873424,1531163873418,8740324,0.00036653,953.00000000,0
1531163890282,1531163890277,8740325,0.00036631,5.00000000,1
1531163893295,1531163893290,8740326,0.00036620,23.00000000,1
1531163906010,1531163906004,8740327,0.00036649,618.00000000,0
1531163925697,1531163925693,8740328,0.00036637,427.00000000,0
1531163925705,1531163925698,8740329,0.00036649,419.00000000,0
1531163943319,1531163943314,8740330,0.00036652,30.00000000,0
1531163945609,1531163945604,8740331,0.00036634,5.00000000,1
1531163945609,1531163945604,8740332,0.00036630,26.00000000,1
1531163964833,1531163964830,8740333,0.00036640,1049.00000000,0
1531163964845,1531163964838,8740334,0.00036651,703.00000000,0
1531163964863,1531163964858,8740335,0.00036651,648.00000000,0
1531163999246,1531163999240,8740336,0.00036638,854.00000000,0
1531163999263,1531163999257,8740337,0.00036646,822.00000000,0
1531164000409,1531164000405,8740338,0.00036632,5.00000000,1
1531164000409,1531164000405,8740339,0.00036630,13.00000000,1
1531164000409,1531164000405,8740340,0.00036620,16.00000000,1
1531164015415,1531164015410,8740341,0.00036630,91.00000000,0
1531164015427,1531164015421,8740342,0.00036641,37.00000000,0
1531164021025,1531164021020,8740343,0.00036642,4.00000000,0
1531164025755,1531164025751,8740344,0.00036655,9.00000000,0
1531164026300,1531164026295,8740345,0.00036655,11.00000000,0
1531164026565,1531164026559,8740346,0.00036655,19.00000000,0
1531164026829,1531164026824,8740347,0.00036655,87.00000000,0
1531164026979,1531164026973,8740348,0.00036655,31.00000000,0
1531164027706,1531164027701,8740349,0.00036655,9.00000000,0
1531164028097,1531164028092,8740350,0.00036655,8.00000000,0
1531164029984,1531164029980,8740351,0.00036655,78.00000000,0
1531164029998,1531164029995,8740352,0.00036655,18.00000000,0
1531164030028,1531164030021,8740353,0.00036655,27.00000000,0
1531164030028,1531164030021,8740354,0.00036656,54.00000000,0
1531164030063,1531164030056,8740355,0.00036656,98.00000000,0
1531164030097,1531164030092,8740356,0.00036656,128.00000000,0
1531164030442,1531164030436,8740357,0.00036656,9.00000000,0
1531164061855,1531164061848,8740358,0.00036694,466.00000000,0
1531164069406,1531164069400,8740359,0.00036694,8.00000000,0
1531164070487,1531164070482,8740360,0.00036694,1293.00000000,0
1531164078145,1531164078139,8740361,0.00036695,24.00000000,0
1531164078145,1531164078139,8740362,0.00036704,17.00000000,0
1531164078145,1531164078139,8740363,0.00036705,12.00000000,0
1531164078145,1531164078139,8740364,0.00036706,192.00000000,0
1531164078842,1531164078836,8740365,0.00036706,20.00000000,0
1531164080111,1531164080108,8740366,0.00036706,162.00000000,0
1531164080494,1531164080487,8740367,0.00036706,99.00000000,0
1531164080494,1531164080487,8740368,0.00036707,11.00000000,0
1531164080494,1531164080487,8740369,0.00036708,1000.00000000,0
1531164080494,1531164080487,8740370,0.00036709,724.00000000,0
1531164102001,1531164101995,8740371,0.00036701,1737.00000000,0
1531164102015,1531164102009,8740372,0.00036708,1087.00000000,0
1531164102036,1531164102029,8740373,0.00036708,724.00000000,0
1531164102057,1531164102050,8740374,0.00036694,8.00000000,1
1531164102779,1531164102776,8740375,0.00036694,6.00000000,0
1531164103800,1531164103794,8740376,0.00036694,103.00000000,0
1531164105758,1531164105751,8740377,0.00036694,44.00000000,0
1531164115859,1531164115854,8740378,0.00036693,1428.00000000,0
1531164115878,1531164115872,8740379,0.00036693,893.00000000,0
1531164115902,1531164115896,8740380,0.00036694,1140.00000000,0
1531164133685,1531164133681,8740381,0.00036707,17.00000000,0
1531164133685,1531164133681,8740382,0.00036709,19.00000000,0
1531164163686,1531164163683,8740383,0.00036701,109.00000000,0
1531164163693,1531164163688,8740384,0.00036708,277.00000000,0
1531164163707,1531164163702,8740385,0.00036708,69.00000000,0
1531164163727,1531164163722,8740386,0.00036694,161.00000000,1
1531164174041,1531164174035,8740387,0.00036694,51.00000000,0
1531164181488,1531164181483,8740388,0.00036674,573.00000000,0
1531164181645,1531164181638,8740389,0.00036674,2132.00000000,0
1531164181661,1531164181656,8740390,0.00036693,1424.00000000,0
1531164181678,1531164181673,8740391,0.00036694,1089.00000000,0
1531164185824,1531164185819,8740392,0.00036694,139.00000000,1
1531164201342,1531164201337,8740393,0.00036708,7.00000000,0
1531164203538,1531164203532,8740394,0.00036701,2067.00000000,0
1531164203560,1531164203555,8740395,0.00036708,1392.00000000,0
1531164203583,1531164203578,8740396,0.00036708,1470.00000000,0
1531164205417,1531164205411,8740397,0.00036708,7.00000000,1
1531164205417,1531164205411,8740398,0.00036656,8.00000000,1
1531164205417,1531164205411,8740399,0.00036638,6.00000000,1
1531164205417,1531164205411,8740400,0.00036621,1.00000000,1
1531164213781,1531164213777,8740401,0.00036708,2.00000000,0
1531164219307,1531164219302,8740402,0.00036708,2.00000000,0
1531164229593,1531164229588,8740403,0.00036700,1834.00000000,0
1531164229601,1531164229595,8740404,0.00036707,114.00000000,0
1531164229613,1531164229607,8740405,0.00036707,711.00000000,0
1531164301870,1531164301864,8740406,0.00036708,2.00000000,0
1531164311860,1531164311854,8740407,0.00036708,498.00000000,1
1531164319392,1531164319386,8740408,0.00036708,79.00000000,0
1531164320522,1531164320516,8740409,0.00036708,7.00000000,0
1531164330177,1531164330172,8740410,0.00036708,23.00000000,0
1531164330283,1531164330278,8740411,0.00036708,6.00000000,0
1531164344221,1531164344218,8740412,0.00036703,369.00000000,1
1531164344239,1531164344234,8740413,0.00036703,1417.00000000,1
1531164354191,1531164354186,8740414,0.00036708,80.00000000,0
1531164368705,1531164368699,8740415,0.00036708,54.00000000,0
1531164371833,1531164371827,8740416,0.00036708,151.00000000,1
1531164389163,1531164389156,8740417,0.00036708,12.00000000,1
1531164392897,1531164392890,8740418,0.00036709,3.00000000,0
1531164395677,1531164395671,8740419,0.00036708,8.00000000,1
1531164400130,1531164400125,8740420,0.00036709,271.00000000,0
1531164401142,1531164401136,8740421,0.00036710,461.00000000,0
1531164419136,1531164419130,8740422,0.00036709,1891.00000000,1
1531164419150,1531164419145,8740423,0.00036709,914.00000000,0
1531164419165,1531164419158,8740424,0.00036709,502.00000000,1
1531164419185,1531164419178,8740425,0.00036709,1389.00000000,1
1531164435962,1531164435956,8740426,0.00036710,50.00000000,0
1531164439012,1531164439005,8740427,0.00036709,40.00000000,0
1531164446899,1531164446892,8740428,0.00036701,643.00000000,0
1531164446914,1531164446908,8740429,0.00036709,463.00000000,0
1531164454317,1531164454314,8740430,0.00036710,5.00000000,0
1531164473560,1531164473533,8740431,0.00036709,40.00000000,1
1531164473560,1531164473549,8740432,0.00036709,541.00000000,0
1531164473570,1531164473563,8740433,0.00036709,40.00000000,1
1531164477300,1531164477295,8740434,0.00036709,8.00000000,0
1531164485152,1531164485146,8740435,0.00036709,455.00000000,0
1531164485152,1531164485146,8740436,0.00036710,89.00000000,0
1531164497612,1531164497609,8740437,0.00036694,59.00000000,1
1531164510360,1531164510355,8740438,0.00036694,41.00000000,0
1531164510360,1531164510355,8740439,0.00036710,106.00000000,0
1531164517682,1531164517679,8740440,0.00036710,4.00000000,0
1531164518213,1531164518206,8740441,0.00036710,2.00000000,0
1531164547125,1531164547119,8740442,0.00036710,2.00000000,0
1531164580318,1531164580313,8740443,0.00036666,54.00000000,1
1531164583767,1531164583762,8740444,0.00036687,392.00000000,0
1531164583783,1531164583777,8740445,0.00036665,172.00000000,1
1531164585884,1531164585878,8740446,0.00036709,20.00000000,0
1531164585884,1531164585878,8740447,0.00036710,30.00000000,0
1531164667301,1531164667296,8740448,0.00036709,9.00000000,0
1531164685553,1531164685549,8740449,0.00036709,11.00000000,0
1531164685553,1531164685549,8740450,0.00036710,5.00000000,0
1531164702617,1531164702612,8740451,0.00036692,2928.00000000,0
1531164702631,1531164702626,8740452,0.00036709,1030.00000000,0
1531164702649,1531164702645,8740453,0.00036709,1356.00000000,0
1531164741624,1531164741617,8740454,0.00036647,41.00000000,1
1531164763903,1531164763897,8740455,0.00036676,519.00000000,0
1531164763918,1531164763914,8740456,0.00036709,464.00000000,0
1531164788095,1531164788090,8740457,0.00036710,2.00000000,0
1531164820765,1531164820759,8740458,0.00036709,7.00000000,0
1531164820933,1531164820933,8740459,0.00036709,7.00000000,0
1531164821350,1531164821347,8740460,0.00036709,7.00000000,0
1531164822168,1531164822162,8740461,0.00036709,7.00000000,0
1531164822352,1531164822345,8740462,0.00036710,7.00000000,0
1531164888892,1531164888885,8740463,0.00036666,4.00000000,1
1531164898042,1531164898038,8740464,0.00036710,30.00000000,0
1531164901416,1531164901410,8740465,0.00036688,413.00000000,0
1531164901436,1531164901429,8740466,0.00036667,227.00000000,1
1531164940379,1531164940374,8740467,0.00036709,1239.00000000,0
1531164947912,1531164947907,8740468,0.00036710,400.00000000,0
1531164951398,1531164951393,8740469,0.00036673,398.00000000,1
1531164966404,1531164966398,8740470,0.00036710,544.00000000,0
1531164971236,1531164971229,8740471,0.00036710,87.00000000,0
1531164981907,1531164981901,8740472,0.00036672,109.00000000,1
1531164982436,1531164982432,8740473,0.00036672,870.00000000,0
1531165027610,1531165027603,8740474,0.00036709,1026.00000000,1
1531165027632,1531165027626,8740475,0.00036709,276.00000000,1
1531165062370,1531165062363,8740476,0.00036709,50.00000000,1
1531165080650,1531165080644,8740477,0.00036667,418.00000000,1
1531165088183,1531165088178,8740478,0.00036687,1580.00000000,0
1531165088193,1531165088186,8740479,0.00036708,1254.00000000,0
1531165113025,1531165113018,8740480,0.00036708,14.00000000,0
1531165124445,1531165124438,8740481,0.00036687,2826.00000000,0
1531165124464,1531165124459,8740482,0.00036667,1024.00000000,1
1531165148496,1531165148491,8740483,0.00036689,694.00000000,0
1531165148508,1531165148502,8740484,0.00036707,61.00000000,0
1531165148525,1531165148519,8740485,0.00036707,518.00000000,0
1531165161643,1531165161639,8740486,0.00036707,297.00000000,0
1531165161651,1531165161644,8740487,0.00036707,5.00000000,0
1531165161652,1531165161649,8740488,0.00036707,297.00000000,0
1531165161657,1531165161653,8740489,0.00036707,19.00000000,0
1531165165213,1531165165208,8740490,0.00036707,184.00000000,0
1531165196731,1531165196725,8740491,0.00036707,726.00000000,1
1531165196745,1531165196739,8740492,0.00036707,1165.00000000,0
1531165196758,1531165196752,8740493,0.00036707,726.00000000,1
1531165224905,1531165224900,8740494,0.00036682,2335.00000000,0
1531165224912,1531165224906,8740495,0.00036706,1123.00000000,0
1531165224930,1531165224924,8740496,0.00036707,76.00000000,0
1531165242874,1531165242869,8740497,0.00036707,779.00000000,1
1531165249731,1531165249724,8740498,0.00036658,5.00000000,1
1531165250865,1531165250859,8740499,0.00036707,23.00000000,0
1531165250865,1531165250859,8740500,0.00036708,18.00000000,0
1531165283455,1531165283448,8740501,0.00036659,281.00000000,1
1531165292148,1531165292143,8740502,0.00036708,143.00000000,0
1531165292148,1531165292143,8740503,0.00036709,51.00000000,0
1531165292148,1531165292143,8740504,0.00036710,376.00000000,0
1531165300338,1531165300332,8740505,0.00036710,947.00000000,0
1531165372733,1531165372731,8740506,0.00036710,22.00000000,0
1531165387013,1531165387007,8740507,0.00036710,21.00000000,0
1531165397705,1531165397699,8740508,0.00036710,12.00000000,0
1531165458638,1531165458632,8740509,0.00036709,11.00000000,0
1531165468329,1531165468325,8740510,0.00036709,2.00000000,0
1531165483026,1531165483020,8740511,0.00036701,767.00000000,1
1531165483046,1531165483040,8740512,0.00036701,400.00000000,1
1531165490935,1531165490929,8740513,0.00036701,99.00000000,0
1531165498270,1531165498268,8740514,0.00036701,87.00000000,1
1531165503314,1531165503307,8740515,0.00036701,497.00000000,1
1531165503333,1531165503328,8740516,0.00036701,298.00000000,1
1531165504345,1531165504338,8740517,0.00036701,87.00000000,0
1531165526902,1531165526898,8740518,0.00036710,1961.00000000,0
1531165532110,1531165532104,8740519,0.00036700,14.00000000,1
1531165541264,1531165541258,8740520,0.00036701,340.00000000,1
1531165563417,1531165563413,8740521,0.00036709,1275.00000000,0
1531165563441,1531165563436,8740522,0.00036709,803.00000000,0
1531165569327,1531165569320,8740523,0.00036710,873.00000000,0
1531165569327,1531165569320,8740524,0.00036711,1000.00000000,0
1531165601914,1531165601908,8740525,0.00036731,5.00000000,0
1531165602703,1531165602697,8740526,0.00036753,5.00000000,0
1531165602771,1531165602768,8740527,0.00036753,1.00000000,0
1531165602771,1531165602768,8740528,0.00036768,201.00000000,0
1531165602813,1531165602804,8740529,0.00036768,2.00000000,0
1531165602813,1531165602804,8740530,0.00036775,4.00000000,0
1531165603714,1531165603708,8740531,0.00036768,73.00000000,0
1531165603760,1531165603755,8740532,0.00036768,27.00000000,0
1531165605403,1531165605398,8740533,0.00036768,1.00000000,0
1531165616722,1531165616716,8740534,0.00036768,7.00000000,0
1531165618584,1531165618582,8740535,0.00036730,26.00000000,0
1531165618622,1531165618615,8740536,0.00036730,6.00000000,0
1531165638085,1531165638079,8740537,0.00036768,17.00000000,0
1531165662840,1531165662834,8740538,0.00036781,1.00000000,0
1531165679581,1531165679575,8740539,0.00036780,938.00000000,0
1531165705942,1531165705935,8740540,0.00036780,19.00000000,1
1531165745400,1531165745392,8740541,0.00036780,63.00000000,1
1531165777404,1531165777398,8740542,0.00036780,29.00000000,1
1531165833615,1531165833613,8740543,0.00036755,83.00000000,0
1531165833628,1531165833623,8740544,0.00036730,1418.00000000,1
1531165833646,1531165833641,8740545,0.00036730,37.00000000,1
1531165861090,1531165861084,8740546,0.00036730,2.00000000,0
1531165868092,1531165868087,8740547,0.00036722,916.00000000,0
1531165868104,1531165868097,8740548,0.00036715,764.00000000,1
1531165878094,1531165878088,8740549,0.00036715,171.00000000,1
1531165878104,1531165878100,8740550,0.00036715,896.00000000,1
1531165922054,1531165922048,8740551,0.00036715,1695.00000000,0
1531165922072,1531165922066,8740552,0.00036701,1130.00000000,1
1531165937469,1531165937463,8740553,0.00036701,1420.00000000,1
1531165937482,1531165937477,8740554,0.00036701,908.00000000,1
1531165982175,1531165982168,8740555,0.00036701,385.00000000,1
1531165982190,1531165982185,8740556,0.00036701,1226.00000000,1
1531166015428,1531166015425,8740557,0.00036701,1095.00000000,1
1531166024458,1531166024452,8740558,0.00036729,100.00000000,0
1531166041484,1531166041479,8740559,0.00036715,2051.00000000,0
1531166041503,1531166041496,8740560,0.00036701,3.00000000,1
1531166041517,1531166041511,8740561,0.00036701,1221.00000000,1
1531166072538,1531166072536,8740562,0.00036703,440.00000000,1
1531166209526,1531166209519,8740563,0.00036728,275.00000000,0
1531166215179,1531166215174,8740564,0.00036729,28.00000000,0
1531166245687,1531166245681,8740565,0.00036727,331.00000000,0
1531166245706,1531166245702,8740566,0.00036726,433.00000000,1
1531166245726,1531166245720,8740567,0.00036726,218.00000000,1
1531166259532,1531166259525,8740568,0.00036729,18.00000000,0
1531166259532,1531166259525,8740569,0.00036730,10.00000000,0
1531166259532,1531166259525,8740570,0.00036768,68.00000000,0
1531166310674,1531166310668,8740571,0.00036781,15.00000000,0
1531166316396,1531166316389,8740572,0.00036773,586.00000000,1
1531166339645,1531166339639,8740573,0.00036772,22.00000000,1
1531166339674,1531166339667,8740574,0.00036768,51.00000000,1
1531166346026,1531166346020,8740575,0.00036774,1197.00000000,0
1531166346034,1531166346029,8740576,0.00036769,605.00000000,1
1531166379750,1531166379744,8740577,0.00036769,471.00000000,1
1531166382558,1531166382556,8740578,0.00036769,924.00000000,1
1531166391374,1531166391367,8740579,0.00036768,53.00000000,1
1531166391391,1531166391386,8740580,0.00036768,2262.00000000,0
1531166391399,1531166391393,8740581,0.00036769,471.00000000,0
1531166424830,1531166424824,8740582,0.00036776,108.00000000,0
1531166424841,1531166424836,8740583,0.00036771,1269.00000000,1
1531166424857,1531166424852,8740584,0.00036771,63.00000000,1
1531166465813,1531166465807,8740585,0.00036780,2.00000000,1
1531166469162,1531166469156,8740586,0.00036780,1.00000000,1
1531166476258,1531166476253,8740587,0.00036780,42.00000000,1
1531166484267,1531166484260,8740588,0.00036780,150.00000000,1
1531166487707,1531166487704,8740589,0.00036780,360.00000000,1
1531166503464,1531166503460,8740590,0.00036771,1165.00000000,1
1531166503484,1531166503479,8740591,0.00036771,826.00000000,1
1531166511186,1531166511182,8740592,0.00036780,1386.00000000,0
1531166519623,1531166519615,8740593,0.00036770,22.00000000,1
1531166537090,1531166537084,8740594,0.00036781,1.00000000,0
1531166542573,1531166542570,8740595,0.00036780,196.00000000,0
1531166542595,1531166542589,8740596,0.00036780,180.00000000,0
1531166555590,1531166555584,8740597,0.00036771,16.00000000,1
1531166568283,1531166568277,8740598,0.00036771,77.00000000,1
1531166585131,1531166585125,8740599,0.00036776,408.00000000,0
1531166585145,1531166585140,8740600,0.00036772,483.00000000,1
1531166585167,1531166585161,8740601,0.00036772,272.00000000,1
1531166588347,1531166588340,8740602,0.00036771,25.00000000,1
1531166613669,1531166613661,8740603,0.00036767,13.00000000,1
1531166639679,1531166639673,8740604,0.00036770,144.00000000,0
1531166642330,1531166642323,8740605,0.00036767,617.00000000,1
1531166654557,1531166654550,8740606,0.00036766,63.00000000,0
1531166654577,1531166654571,8740607,0.00036766,365.00000000,0
1531166675330,1531166675323,8740608,0.00036767,27.00000000,0
1531166698385,1531166698378,8740609,0.00036744,934.00000000,0
1531166698406,1531166698401,8740610,0.00036765,525.00000000,0
1531166728875,1531166728868,8740611,0.00036766,15.00000000,0
1531166728875,1531166728868,8740612,0.00036767,403.00000000,0
1531166728875,1531166728868,8740613,0.00036771,84.00000000,0
1531166759916,1531166759914,8740614,0.00036770,1124.00000000,0
1531166759946,1531166759940,8740615,0.00036770,255.00000000,0
1531166792212,1531166792206,8740616,0.00036703,6.00000000,1
1531166792212,1531166792206,8740617,0.00036700,34.00000000,1
1531166792751,1531166792747,8740618,0.00036717,24.00000000,1
1531166795775,1531166795775,8740619,0.00036718,15.00000000,1
1531166799224,1531166799219,8740620,0.00036770,75.00000000,0
1531166822500,1531166822493,8740621,0.00036742,2233.00000000,0
1531166822507,1531166822502,8740622,0.00036769,1095.00000000,0
1531166830148,1531166830143,8740623,0.00036742,1534.00000000,0
1531166830162,1531166830157,8740624,0.00036769,1283.00000000,0
1531166830173,1531166830172,8740625,0.00036769,685.00000000,0
1531166831314,1531166831312,8740626,0.00036770,2.00000000,0
1531166834922,1531166834913,8740627,0.00036770,275.00000000,0
1531166834922,1531166834913,8740628,0.00036771,392.00000000,0
1531166834922,1531166834913,8740629,0.00036774,6.00000000,0
1531166834922,1531166834913,8740630,0.00036781,11.00000000,0
1531166834922,1531166834913,8740631,0.00036800,38.00000000,0
1531166834922,1531166834913,8740632,0.00036808,85.00000000,0
1531166834922,1531166834913,8740633,0.00036815,4.00000000,0
1531166834922,1531166834913,8740634,0.00036817,36.00000000,0
1531166834922,1531166834913,8740635,0.00036821,23.00000000,0
1531166834922,1531166834913,8740636,0.00036822,3.00000000,0
1531166834922,1531166834913,8740637,0.00036823,127.00000000,0
1531166838892,1531166838891,8740638,0.00036823,1.00000000,0
1531166839061,1531166839055,8740639,0.00036821,1.00000000,0
1531166843160,1531166843154,8740640,0.00036821,1.00000000,0
1531166849429,1531166849427,8740641,0.00036829,1.00000000,0
1531166851817,1531166851810,8740642,0.00036829,4.00000000,0
1531166851817,1531166851810,8740643,0.00036830,6.00000000,0
1531166851817,1531166851810,8740644,0.00036842,39.00000000,0
1531166853257,1531166853251,8740645,0.00036842,1.00000000,0
1531166920037,1531166920033,8740646,0.00036783,6.00000000,1
1531166920037,1531166920033,8740647,0.00036782,69.00000000,1
1531166936369,1531166936364,8740648,0.00036783,19.00000000,1
1531166940271,1531166940266,8740649,0.00036806,2614.00000000,0
1531166940285,1531166940279,8740650,0.00036783,268.00000000,1
1531166940296,1531166940290,8740651,0.00036783,1089.00000000,1
1531166978422,1531166978416,8740652,0.00036766,1428.00000000,0
1531166999031,1531166999026,8740653,0.00036783,1039.00000000,1
1531166999046,1531166999040,8740654,0.00036783,1208.00000000,1
1531167008413,1531167008406,8740655,0.00036782,250.00000000,1
1531167018152,1531167018147,8740656,0.00036824,13.00000000,0
1531167032805,1531167032798,8740657,0.00036802,1716.00000000,0
1531167032814,1531167032809,8740658,0.00036823,780.00000000,0
1531167082962,1531167082956,8740659,0.00036761,61.00000000,1
1531167121840,1531167121837,8740660,0.00036761,20.00000000,0
1531167163727,1531167163720,8740661,0.00036740,2666.00000000,0
1531167163738,1531167163732,8740662,0.00036760,236.00000000,0
1531167163761,1531167163755,8740663,0.00036760,1320.00000000,0
1531167190571,1531167190570,8740664,0.00036761,134.00000000,0
1531167197226,1531167197224,8740665,0.00036768,74.00000000,0
1531167204538,1531167204532,8740666,0.00036722,3.00000000,1
1531167210250,1531167210243,8740667,0.00036768,15.00000000,0
1531167213026,1531167213023,8740668,0.00036768,29.00000000,0
1531167222366,1531167222364,8740669,0.00036768,23.00000000,0
1531167242740,1531167242735,8740670,0.00036720,673.00000000,1
1531167243848,1531167243842,8740671,0.00036767,47.00000000,0
1531167246188,1531167246183,8740672,0.00036767,785.00000000,0
1531167247973,1531167247967,8740673,0.00036743,1359.00000000,0
1531167247988,1531167247982,8740674,0.00036767,1436.00000000,0
1531167248005,1531167248003,8740675,0.00036767,451.00000000,0
1531167250244,1531167250238,8740676,0.00036768,29.00000000,0
1531167250695,1531167250689,8740677,0.00036768,562.00000000,0
1531167266034,1531167266004,8740678,0.00036767,832.00000000,1
1531167266034,1531167266015,8740679,0.00036767,684.00000000,0
1531167266034,1531167266026,8740680,0.00036767,832.00000000,1
1531167289325,1531167289319,8740681,0.00036719,80.00000000,1
1531167289360,1531167289354,8740682,0.00036719,10.00000000,0
1531167302186,1531167302180,8740683,0.00036726,584.00000000,0
1531167302198,1531167302192,8740684,0.00036701,430.00000000,1
1531167302393,1531167302391,8740685,0.00036766,6.00000000,0
1531167302393,1531167302391,8740686,0.00036768,14.00000000,0
1531167325670,1531167325665,8740687,0.00036748,271.00000000,0
1531167325682,1531167325680,8740688,0.00036728,933.00000000,1
1531167325789,1531167325784,8740689,0.00036728,219.00000000,1
1531167326079,1531167326073,8740690,0.00036712,6.00000000,1
1531167326079,1531167326073,8740691,0.00036700,24.00000000,1
1531167331540,1531167331533,8740692,0.00036768,96.00000000,0
1531167354580,1531167354576,8740693,0.00036766,55.00000000,0
1531167354580,1531167354576,8740694,0.00036768,352.00000000,0
1531167354747,1531167354744,8740695,0.00036768,6.00000000,0
1531167354773,1531167354768,8740696,0.00036768,6.00000000,0
1531167354792,1531167354785,8740697,0.00036768,6.00000000,0
1531167354836,1531167354831,8740698,0.00036768,6.00000000,0
1531167354857,1531167354855,8740699,0.00036768,6.00000000,0
1531167354858,1531167354855,8740700,0.00036768,6.00000000,0
1531167354882,1531167354875,8740701,0.00036768,6.00000000,0
1531167354910,1531167354906,8740702,0.00036768,6.00000000,0
1531167354928,1531167354923,8740703,0.00036768,7.00000000,0
1531167374448,1531167374441,8740704,0.00036767,6.00000000,0
1531167374448,1531167374441,8740705,0.00036768,94.00000000,0
1531167461680,1531167461673,8740706,0.00036765,1445.00000000,0
1531167497079,1531167497072,8740707,0.00036765,52.00000000,1
1531167497079,1531167497072,8740708,0.00036705,24.00000000,1
1531167497079,1531167497072,8740709,0.00036704,6.00000000,1
1531167497079,1531167497072,8740710,0.00036700,222.00000000,1
1531167497079,1531167497072,8740711,0.00036679,23.00000000,1
1531167497079,1531167497072,8740712,0.00036654,1322.00000000,1
1531167514351,1531167514345,8740713,0.00036718,35.00000000,0
1531167514381,1531167514377,8740714,0.00036718,1.00000000,0
1531167515366,1531167515365,8740715,0.00036718,36.00000000,0
1531167516367,1531167516361,8740716,0.00036718,36.00000000,0
1531167517369,1531167517362,8740717,0.00036718,35.00000000,0
1531167517375,1531167517370,8740718,0.00036718,1.00000000,0
1531167518367,1531167518363,8740719,0.00036718,36.00000000,0
1531167519356,1531167519349,8740720,0.00036718,18.00000000,0
1531167519372,1531167519366,8740721,0.00036718,18.00000000,0
1531167520373,1531167520366,8740722,0.00036718,36.00000000,0
1531167521366,1531167521360,8740723,0.00036718,36.00000000,0
1531167522374,1531167522370,8740724,0.00036718,36.00000000,0
1531167523414,1531167523408,8740725,0.00036718,19.00000000,0
1531167523425,1531167523423,8740726,0.00036718,17.00000000,0
1531167524406,1531167524399,8740727,0.00036718,18.00000000,0
1531167524424,1531167524418,8740728,0.00036718,18.00000000,0
1531167525429,1531167525423,8740729,0.00036718,36.00000000,0
1531167527409,1531167527403,8740730,0.00036718,36.00000000,0
1531167528470,1531167528468,8740731,0.00036718,36.00000000,0
1531167529488,1531167529482,8740732,0.00036718,36.00000000,0
1531167530480,1531167530474,8740733,0.00036718,36.00000000,0
1531167531541,1531167531535,8740734,0.00036718,14.00000000,0
1531167537174,1531167537169,8740735,0.00036700,147.00000000,1
1531167537192,1531167537187,8740736,0.00036700,1439.00000000,1
1531167566733,1531167566728,8740737,0.00036734,1605.00000000,0
1531167566751,1531167566746,8740738,0.00036703,870.00000000,1
1531167566772,1531167566767,8740739,0.00036703,1295.00000000,1
1531167572738,1531167572735,8740740,0.00036765,6.00000000,0
1531167572738,1531167572735,8740741,0.00036766,14.00000000,0
1531167601911,1531167601906,8740742,0.00036713,25.00000000,1
1531167601911,1531167601906,8740743,0.00036709,6.00000000,1
1531167601911,1531167601906,8740744,0.00036706,4.00000000,1
1531167601911,1531167601906,8740745,0.00036701,42.00000000,1
1531167601911,1531167601906,8740746,0.00036666,23.00000000,1
1531167668924,1531167668919,8740747,0.00036683,16.00000000,1
1531167683266,1531167683260,8740748,0.00036701,3.00000000,0
1531167683363,1531167683358,8740749,0.00036701,33.00000000,0
1531167689921,1531167689915,8740750,0.00036765,4.00000000,0
1531167722471,1531167722468,8740751,0.00036680,481.00000000,1
1531167722486,1531167722481,8740752,0.00036680,1174.00000000,1
1531167722590,1531167722583,8740753,0.00036680,52.00000000,1
1531167722590,1531167722583,8740754,0.00036678,25.00000000,1
1531167722590,1531167722583,8740755,0.00036677,423.00000000,1
1531167736526,1531167736519,8740756,0.00036721,1254.00000000,0
1531167736538,1531167736533,8740757,0.00036678,831.00000000,1
1531167736555,1531167736550,8740758,0.00036678,747.00000000,1
1531167747799,1531167747793,8740759,0.00036678,35.00000000,1
1531167747820,1531167747819,8740760,0.00036678,115.00000000,0
1531167747840,1531167747835,8740761,0.00036678,5.00000000,0
1531167779000,1531167778996,8740762,0.00036721,300.00000000,0
1531167779018,1531167779012,8740763,0.00036678,886.00000000,1
1531167779044,1531167779038,8740764,0.00036678,124.00000000,1
1531167806015,1531167806010,8740765,0.00036674,466.00000000,1
1531167811455,1531167811452,8740766,0.00036719,819.00000000,0
1531167811464,1531167811458,8740767,0.00036674,944.00000000,1
1531167811490,1531167811483,8740768,0.00036674,266.00000000,1
1531167811551,1531167811548,8740769,0.00036674,466.00000000,0
1531167840678,1531167840674,8740770,0.00036722,2915.00000000,0
1531167840687,1531167840683,8740771,0.00036681,1246.00000000,1
1531167866549,1531167866544,8740772,0.00036722,3381.00000000,0
1531167866559,1531167866553,8740773,0.00036681,1470.00000000,1
1531167886614,1531167886608,8740774,0.00036684,252.00000000,1
1531167887641,1531167887634,8740775,0.00036684,60.00000000,1
1531167890644,1531167890638,8740776,0.00036674,23.00000000,1
1531167930282,1531167930275,8740777,0.00036683,8.00000000,1
1531167930296,1531167930290,8740778,0.00036683,298.00000000,0
1531167951591,1531167951584,8740779,0.00036684,940.00000000,1
1531167951604,1531167951602,8740780,0.00036684,271.00000000,1
1531167986736,1531167986730,8740781,0.00036686,9.00000000,1
1531167986769,1531167986767,8740782,0.00036685,16.00000000,0
1531168023623,1531168023619,8740783,0.00036685,824.00000000,1
1531168023667,1531168023661,8740784,0.00036685,2.00000000,0
1531168037554,1531168037548,8740785,0.00036686,6.00000000,1
1531168037554,1531168037548,8740786,0.00036685,274.00000000,1
1531168037580,1531168037575,8740787,0.00036685,303.00000000,0
1531168037602,1531168037596,8740788,0.00036685,77.00000000,0
1531168037603,1531168037598,8740789,0.00036685,14.00000000,0
1531168037608,1531168037606,8740790,0.00036685,28.00000000,0
1531168037620,1531168037615,8740791,0.00036685,264.00000000,0
1531168037681,1531168037680,8740792,0.00036685,98.00000000,0
1531168038394,1531168038389,8740793,0.00036685,30.00000000,0
1531168038494,1531168038491,8740794,0.00036685,5.00000000,0
1531168038818,1531168038811,8740795,0.00036685,23.00000000,0
1531168039899,1531168039892,8740796,0.00036685,17.00000000,0
1531168044080,1531168044073,8740797,0.00036684,1294.00000000,1
1531168044101,1531168044099,8740798,0.00036684,1180.00000000,1
1531168048865,1531168048863,8740799,0.00036685,62.00000000,0
1531168053258,1531168053251,8740800,0.00036685,3.00000000,0
1531168055902,1531168055900,8740801,0.00036685,632.00000000,0
1531168077308,1531168077302,8740802,0.00036683,14.00000000,1
1531168077322,1531168077316,8740803,0.00036683,2339.00000000,0
1531168077338,1531168077332,8740804,0.00036684,1226.00000000,0
1531168078083,1531168078077,8740805,0.00036685,164.00000000,0
1531168104840,1531168104836,8740806,0.00036674,949.00000000,1
1531168133394,1531168133388,8740807,0.00036719,1156.00000000,0
1531168133406,1531168133404,8740808,0.00036674,422.00000000,1
1531168136652,1531168136650,8740809,0.00036764,21.00000000,0
1531168136652,1531168136650,8740810,0.00036765,51.00000000,0
1531168196891,1531168196885,8740811,0.00036766,95.00000000,1
1531168196917,1531168196911,8740812,0.00036766,1323.00000000,1
1531168202718,1531168202711,8740813,0.00036765,10.00000000,1
1531168280448,1531168280442,8740814,0.00036759,50.00000000,0
1531168295263,1531168295261,8740815,0.00036670,4.00000000,1
1531168296185,1531168296179,8740816,0.00036758,811.00000000,0
1531168304237,1531168304234,8740817,0.00036727,2251.00000000,0
1531168304247,1531168304244,8740818,0.00036758,586.00000000,0
1531168304268,1531168304263,8740819,0.00036758,118.00000000,1
1531168310256,1531168310252,8740820,0.00036758,275.00000000,1
1531168314301,1531168314295,8740821,0.00036757,5.00000000,0
1531168427192,1531168427186,8740822,0.00036745,228.00000000,0
1531168542010,1531168542004,8740823,0.00036663,17.00000000,1
1531168542010,1531168542004,8740824,0.00036662,15.00000000,1
1531168563857,1531168563850,8740825,0.00036664,1182.00000000,1
1531168564338,1531168564335,8740826,0.00036711,3.00000000,0
1531168578868,1531168578862,8740827,0.00036703,964.00000000,0
1531168578868,1531168578862,8740828,0.00036704,22.00000000,0
1531168579141,1531168579135,8740829,0.00036741,17.00000000,0
1531168579141,1531168579135,8740830,0.00036742,13.00000000,0
1531168584735,1531168584728,8740831,0.00036711,850.00000000,1
1531168647042,1531168647036,8740832,0.00036663,20.00000000,1
1531168647042,1531168647036,8740833,0.00036662,4.00000000,1
1531168692467,1531168692462,8740834,0.00036686,2238.00000000,0
1531168692484,1531168692478,8740835,0.00036664,1027.00000000,1
1531168697328,1531168697323,8740836,0.00036709,2.00000000,0
1531168707564,1531168707557,8740837,0.00036709,2.00000000,0
1531168720763,1531168720760,8740838,0.00036686,2668.00000000,0
1531168720784,1531168720779,8740839,0.00036663,701.00000000,1
1531168720799,1531168720793,8740840,0.00036663,1247.00000000,1
1531168751842,1531168751838,8740841,0.00036663,1472.00000000,1
1531168751867,1531168751862,8740842,0.00036663,857.00000000,1
1531168766907,1531168766901,8740843,0.00036692,314.00000000,0
1531168766921,1531168766916,8740844,0.00036664,1165.00000000,1
1531168766937,1531168766932,8740845,0.00036664,194.00000000,1
1531168803121,1531168803117,8740846,0.00036722,2.00000000,0
1531168878344,1531168878340,8740847,0.00036728,16.00000000,0
1531168917176,1531168917171,8740848,0.00036718,859.00000000,0
1531168917197,1531168917194,8740849,0.00036718,858.00000000,0
1531168942699,1531168942696,8740850,0.00036666,1014.00000000,1
1531168942727,1531168942726,8740851,0.00036665,5.00000000,1
1531168944799,1531168944792,8740852,0.00036664,26.00000000,1
1531168945790,1531168945785,8740853,0.00036659,41.00000000,1
1531168974054,1531168974048,8740854,0.00036672,461.00000000,0
1531168974074,1531168974068,8740855,0.00036654,391.00000000,1
1531168974806,1531168974800,8740856,0.00036653,681.00000000,1
1531168976805,1531168976799,8740857,0.00036650,100.00000000,1
1531168998478,1531168998475,8740858,0.00036690,2.00000000,0
1531169006137,1531169006131,8740859,0.00036621,695.00000000,1
1531169006157,1531169006150,8740860,0.00036621,197.00000000,1
1531169022011,1531169022006,8740861,0.00036621,20.00000000,0
1531169022014,1531169022008,8740862,0.00036621,102.00000000,0
1531169022021,1531169022015,8740863,0.00036621,101.00000000,0
1531169022025,1531169022020,8740864,0.00036621,4.00000000,0
1531169022032,1531169022026,8740865,0.00036621,1.00000000,0
1531169040374,1531169040370,8740866,0.00036621,556.00000000,1
1531169040447,1531169040443,8740867,0.00036621,1236.00000000,1
1531169051177,1531169051173,8740868,0.00036694,2.00000000,0
1531169066738,1531169066733,8740869,0.00036657,73.00000000,0
1531169066748,1531169066742,8740870,0.00036621,25.00000000,1
1531169069821,1531169069815,8740871,0.00036727,23.00000000,0
1531169069821,1531169069815,8740872,0.00036728,37.00000000,0
1531169101753,1531169101748,8740873,0.00036729,1225.00000000,0
1531169101765,1531169101762,8740874,0.00036729,886.00000000,0
1531169126207,1531169126202,8740875,0.00036727,1094.00000000,0
1531169138547,1531169138523,8740876,0.00036725,20.00000000,0
1531169143696,1531169143691,8740877,0.00036728,6.00000000,0
1531169143714,1531169143706,8740878,0.00036728,8.00000000,0
1531169191561,1531169191554,8740879,0.00036684,20.00000000,1
1531169224662,1531169224657,8740880,0.00036684,1352.00000000,1
1531169245328,1531169245323,8740881,0.00036684,527.00000000,1
1531169245346,1531169245341,8740882,0.00036684,1152.00000000,1
1531169245831,1531169245827,8740883,0.00036683,50.00000000,1
1531169246706,1531169246701,8740884,0.00036684,20.00000000,0
1531169289820,1531169289814,8740885,0.00036684,345.00000000,0
1531169305750,1531169305744,8740886,0.00036727,53.00000000,0
1531169309618,1531169309612,8740887,0.00036728,186.00000000,0
1531169312562,1531169312557,8740888,0.00036706,2314.00000000,0
1531169312577,1531169312572,8740889,0.00036683,1151.00000000,1
1531169312595,1531169312590,8740890,0.00036683,1157.00000000,1
1531169321229,1531169321223,8740891,0.00036730,200.00000000,0
1531169324849,1531169324846,8740892,0.00036730,48.00000000,1
1531169326452,1531169326447,8740893,0.00036739,2.00000000,0
1531169326575,1531169326568,8740894,0.00036740,3.00000000,0
1531169332761,1531169332754,8740895,0.00036740,2.00000000,0
1531169348931,1531169348925,8740896,0.00036740,227.00000000,0
1531169349776,1531169349770,8740897,0.00036712,3035.00000000,0
1531169349792,1531169349788,8740898,0.00036685,1488.00000000,1
1531169407380,1531169407376,8740899,0.00036739,15.00000000,0
1531169423091,1531169423086,8740900,0.00036710,2432.00000000,0
1531169423110,1531169423106,8740901,0.00036738,950.00000000,0
1531169457179,1531169457174,8740902,0.00036694,153.00000000,1
1531169498161,1531169498155,8740903,0.00036729,15.00000000,0
1531169498161,1531169498155,8740904,0.00036738,15.00000000,0
1531169498161,1531169498155,8740905,0.00036739,6.00000000,0
1531169501406,1531169501402,8740906,0.00036711,157.00000000,0
1531169501419,1531169501415,8740907,0.00036684,69.00000000,1
1531169522182,1531169522176,8740908,0.00036711,159.00000000,0
1531169522196,1531169522191,8740909,0.00036684,494.00000000,1
1531169522221,1531169522215,8740910,0.00036684,153.00000000,1
1531169543857,1531169543851,8740911,0.00036684,263.00000000,1
1531169555647,1531169555640,8740912,0.00036683,130.00000000,1
1531169555647,1531169555640,8740913,0.00036620,57.00000000,1
1531169555647,1531169555640,8740914,0.00036619,22.00000000,1
1531169555647,1531169555640,8740915,0.00036615,903.00000000,1
1531169555670,1531169555663,8740916,0.00036615,17.00000000,0
1531169563869,1531169563862,8740917,0.00036706,24.00000000,0
1531169565885,1531169565879,8740918,0.00036706,24.00000000,0
1531169650268,1531169650263,8740919,0.00036729,2.00000000,0
1531169652849,1531169652844,8740920,0.00036706,5.00000000,1
1531169666361,1531169666355,8740921,0.00036694,75.00000000,1
1531169700050,1531169700045,8740922,0.00036671,1582.00000000,0
1531169700058,1531169700053,8740923,0.00036640,623.00000000,1
1531169716867,1531169716860,8740924,0.00036644,4.00000000,1
1531169746074,1531169746068,8740925,0.00036615,151.00000000,0
1531169757646,1531169757640,8740926,0.00036618,40.00000000,1
1531169770440,1531169770435,8740927,0.00036688,2.00000000,0
1531169836225,1531169836220,8740928,0.00036614,15.00000000,1
1531169836225,1531169836220,8740929,0.00036613,9.00000000,1
1531169836225,1531169836220,8740930,0.00036603,31.00000000,1
1531169836225,1531169836220,8740931,0.00036596,4.00000000,1
1531169836225,1531169836220,8740932,0.00036575,22.00000000,1
1531169836225,1531169836220,8740933,0.00036570,145.00000000,1
1531169875890,1531169875884,8740934,0.00036614,6.00000000,1
1531169875927,1531169875921,8740935,0.00036614,6.00000000,1
1531169875956,1531169875949,8740936,0.00036614,6.00000000,1
1531169875964,1531169875960,8740937,0.00036614,6.00000000,1
1531169876001,1531169875993,8740938,0.00036614,6.00000000,1
1531169876011,1531169876005,8740939,0.00036614,6.00000000,1
1531169876030,1531169876024,8740940,0.00036614,6.00000000,1
1531169876136,1531169876132,8740941,0.00036614,12.00000000,1
1531169888827,1531169888821,8740942,0.00036615,1123.00000000,1
1531169888852,1531169888846,8740943,0.00036615,822.00000000,1
1531169890088,1531169890082,8740944,0.00036614,250.00000000,1
1531169891851,1531169891821,8740945,0.00036614,7.00000000,1
1531169891857,1531169891851,8740946,0.00036614,17.00000000,1
1531169902047,1531169902043,8740947,0.00036689,15.00000000,0
1531169902048,1531169902043,8740948,0.00036689,19.00000000,0
1531169902086,1531169902080,8740949,0.00036689,16.00000000,0
1531169922897,1531169922891,8740950,0.00036665,1477.00000000,0
1531169931358,1531169931352,8740951,0.00036666,3.00000000,0
1531169932894,1531169932887,8740952,0.00036666,2.00000000,0
1531169987953,1531169987947,8740953,0.00036617,109.00000000,1
1531169987953,1531169987947,8740954,0.00036613,3.00000000,1
1531169987953,1531169987947,8740955,0.00036570,36.00000000,1
1531169987953,1531169987947,8740956,0.00036566,22.00000000,1
1531169987953,1531169987947,8740957,0.00036555,279.00000000,1
1531169991023,1531169991017,8740958,0.00036636,25.00000000,0
1531169991678,1531169991674,8740959,0.00036637,25.00000000,0
1531169992787,1531169992781,8740960,0.00036638,25.00000000,0
1531169996503,1531169996497,8740961,0.00036644,19.00000000,0
1531169999572,1531169999566,8740962,0.00036644,31.00000000,0
1531170008458,1531170008454,8740963,0.00036647,4.00000000,0
1531170024532,1531170024526,8740964,0.00036666,25.00000000,0
1531170070446,1531170070441,8740965,0.00036666,51.00000000,0
1531170087002,1531170086996,8740966,0.00036690,1134.00000000,0
1531170087031,1531170087026,8740967,0.00036690,1427.00000000,0
1531170116082,1531170116075,8740968,0.00036691,5.00000000,0
1531170116082,1531170116075,8740969,0.00036705,4.00000000,0
1531170116082,1531170116075,8740970,0.00036710,10.00000000,0
1531170116082,1531170116075,8740971,0.00036729,4.00000000,0
1531170138930,1531170138924,8740972,0.00036728,494.00000000,0
1531170138940,1531170138935,8740973,0.00036728,384.00000000,0
1531170177454,1531170177448,8740974,0.00036679,10.00000000,1
1531170180986,1531170180982,8740975,0.00036704,322.00000000,0
1531170180999,1531170180995,8740976,0.00036679,259.00000000,1
1531170201444,1531170201438,8740977,0.00036679,10.00000000,0
1531170216395,1531170216390,8740978,0.00036728,27.00000000,0
1531170253019,1531170253014,8740979,0.00036709,1719.00000000,0
1531170253029,1531170253023,8740980,0.00036691,597.00000000,1
1531170261913,1531170261907,8740981,0.00036728,288.00000000,0
1531170286899,1531170286894,8740982,0.00036690,53.00000000,1
1531170314252,1531170314249,8740983,0.00036719,888.00000000,0
1531170314275,1531170314270,8740984,0.00036719,1473.00000000,0
1531170347571,1531170347565,8740985,0.00036720,4.00000000,0
1531170357121,1531170357117,8740986,0.00036719,22.00000000,0
1531170361463,1531170361458,8740987,0.00036719,950.00000000,0
1531170371245,1531170371240,8740988,0.00036719,22.00000000,1
1531170373972,1531170373969,8740989,0.00036673,19.00000000,1
1531170389012,1531170389008,8740990,0.00036717,18.00000000,0
1531170399291,1531170399286,8740991,0.00036689,190.00000000,0
1531170399313,1531170399307,8740992,0.00036662,417.00000000,1
1531170399339,1531170399334,8740993,0.00036662,108.00000000,1
1531170410869,1531170410863,8740994,0.00036660,22.00000000,1
1531170444230,1531170444224,8740995,0.00036691,1649.00000000,0
1531170444249,1531170444243,8740996,0.00036666,959.00000000,1
1531170476366,1531170476360,8740997,0.00036717,1.00000000,0
1531170476366,1531170476360,8740998,0.00036718,179.00000000,0
1531170476366,1531170476360,8740999,0.00036720,135.00000000,0
1531170510330,1531170510324,8741000,0.00036720,61.00000000,0
1531170510330,1531170510324,8741001,0.00036728,59.00000000,0
1531170517655,1531170517649,8741002,0.00036675,11.00000000,1
1531170523244,1531170523239,8741003,0.00036728,50.00000000,0
1531170561969,1531170561963,8741004,0.00036700,5.00000000,1
1531170561969,1531170561963,8741005,0.00036677,10.00000000,1
1531170562467,1531170562461,8741006,0.00036727,1103.00000000,0
1531170562573,1531170562568,8741007,0.00036727,234.00000000,0
1531170580677,1531170580672,8741008,0.00036705,2050.00000000,0
1531170580695,1531170580689,8741009,0.00036683,136.00000000,1
1531170580708,1531170580703,8741010,0.00036683,1165.00000000,1
1531170602550,1531170602544,8741011,0.00036704,1466.00000000,0
1531170602560,1531170602555,8741012,0.00036727,764.00000000,0
1531170610140,1531170610135,8741013,0.00036728,105.00000000,0
1531170610140,1531170610135,8741014,0.00036729,2000.00000000,0
1531170610140,1531170610135,8741015,0.00036730,200.00000000,0
1531170610140,1531170610135,8741016,0.00036739,978.00000000,0
1531170618925,1531170618918,8741017,0.00036740,12.00000000,0
1531170621443,1531170621433,8741018,0.00036683,20.00000000,1
1531170621443,1531170621433,8741019,0.00036682,148.00000000,1
1531170621443,1531170621433,8741020,0.00036647,27.00000000,1
1531170621443,1531170621433,8741021,0.00036600,113.00000000,1
1531170621443,1531170621433,8741022,0.00036596,4.00000000,1
1531170621443,1531170621433,8741023,0.00036593,81.00000000,1
1531170621443,1531170621433,8741024,0.00036565,80.00000000,1
1531170621443,1531170621433,8741025,0.00036556,1000.00000000,1
1531170621443,1531170621433,8741026,0.00036554,600.00000000,1
1531170621443,1531170621433,8741027,0.00036540,50.00000000,1
1531170621443,1531170621433,8741028,0.00036535,343.00000000,1
1531170621443,1531170621433,8741029,0.00036530,50.00000000,1
1531170621443,1531170621433,8741030,0.00036528,30.00000000,1
1531170621443,1531170621433,8741031,0.00036525,14.00000000,1
1531170621443,1531170621433,8741032,0.00036520,735.00000000,1
1531170621443,1531170621433,8741033,0.00036518,6.00000000,1
1531170621443,1531170621433,8741034,0.00036512,12.00000000,1
1531170621443,1531170621433,8741035,0.00036510,50.00000000,1
1531170621443,1531170621433,8741036,0.00036509,9.00000000,1
1531170621443,1531170621433,8741037,0.00036506,294.00000000,1
1531170621443,1531170621433,8741038,0.00036504,20.00000000,1
1531170621443,1531170621433,8741039,0.00036503,3.00000000,1
1531170621443,1531170621433,8741040,0.00036502,3.00000000,1
1531170621443,1531170621433,8741041,0.00036501,64.00000000,1
1531170621443,1531170621433,8741042,0.00036500,1239.00000000,1
1531170621443,1531170621433,8741043,0.00036500,18.00000000,1
1531170639113,1531170639107,8741044,0.00036650,51.00000000,1
1531170645205,1531170645200,8741045,0.00036734,19.00000000,0
1531170660057,1531170660052,8741046,0.00036704,65.00000000,0
1531170660063,1531170660058,8741047,0.00036704,65.00000000,0
1531170675128,1531170675124,8741048,0.00036690,1118.00000000,0
1531170675146,1531170675142,8741049,0.00036679,766.00000000,1
1531170680549,1531170680542,8741050,0.00036657,7.00000000,1
1531170700456,1531170700450,8741051,0.00036658,514.00000000,1
1531170708759,1531170708754,8741052,0.00036702,2.00000000,0
1531170791190,1531170791184,8741053,0.00036644,28.00000000,1
1531170791190,1531170791184,8741054,0.00036643,162.00000000,1
1531170791307,1531170791303,8741055,0.00036665,2818.00000000,0
1531170791322,1531170791316,8741056,0.00036643,1119.00000000,1
1531170791349,1531170791343,8741057,0.00036643,81.00000000,0
1531170791350,1531170791344,8741058,0.00036643,19.00000000,0
1531170791458,1531170791451,8741059,0.00036643,62.00000000,0
1531170809010,1531170809005,8741060,0.00036662,842.00000000,0
1531170809025,1531170809022,8741061,0.00036642,795.00000000,1
1531170816481,1531170816475,8741062,0.00036541,1.00000000,1
1531170834678,1531170834674,8741063,0.00036628,26.00000000,1
1531170834678,1531170834674,8741064,0.00036612,24.00000000,1
1531170842173,1531170842167,8741065,0.00036615,200.00000000,1
1531170883138,1531170883132,8741066,0.00036635,155.00000000,1
1531170906836,1531170906831,8741067,0.00036635,439.00000000,1
1531170932639,1531170932634,8741068,0.00036672,136.00000000,0
1531170935415,1531170935410,8741069,0.00036672,5.00000000,0
1531170935820,1531170935813,8741070,0.00036672,2.00000000,1
1531170936381,1531170936375,8741071,0.00036672,40.00000000,0
1531170936612,1531170936606,8741072,0.00036672,8.00000000,0
1531170939391,1531170939385,8741073,0.00036672,5.00000000,0
1531170944664,1531170944659,8741074,0.00036672,2.00000000,1
1531170945245,1531170945240,8741075,0.00036668,1.00000000,0
1531170945271,1531170945266,8741076,0.00036673,7.00000000,1
1531170946218,1531170946212,8741077,0.00036673,9.00000000,1
1531170954952,1531170954947,8741078,0.00036682,32.00000000,1
1531170959540,1531170959535,8741079,0.00036703,6.00000000,0
1531170978342,1531170978337,8741080,0.00036619,782.00000000,1
1531170989950,1531170989945,8741081,0.00036665,8.00000000,1
1531171036049,1531171036047,8741082,0.00036618,24.00000000,0
1531171037075,1531171037069,8741083,0.00036618,8.00000000,0
1531171037190,1531171037186,8741084,0.00036665,24.00000000,0
1531171054079,1531171054075,8741085,0.00036690,54.00000000,1
1531171059964,1531171059958,8741086,0.00036682,215.00000000,1
1531171069036,1531171069030,8741087,0.00036683,3543.00000000,0
1531171069051,1531171069044,8741088,0.00036702,1384.00000000,0
1531171102958,1531171102954,8741089,0.00036665,215.00000000,1
1531171108545,1531171108539,8741090,0.00036701,10.00000000,0
1531171132877,1531171132872,8741091,0.00036680,30.00000000,1
1531171145206,1531171145201,8741092,0.00036699,78.00000000,0
1531171161996,1531171161992,8741093,0.00036699,63.00000000,0
1531171176719,1531171176714,8741094,0.00036698,805.00000000,0
1531171226164,1531171226159,8741095,0.00036649,553.00000000,1
1531171266697,1531171266691,8741096,0.00036544,162.00000000,1
1531171266697,1531171266691,8741097,0.00036543,17.00000000,1
1531171266697,1531171266691,8741098,0.00036541,147.00000000,1
1531171266697,1531171266691,8741099,0.00036540,175.00000000,1
1531171277981,1531171277977,8741100,0.00036650,3.00000000,0
1531171279167,1531171279162,8741101,0.00036650,3.00000000,0
1531171301005,1531171301002,8741102,0.00036608,76.00000000,0
1531171302204,1531171302198,8741103,0.00036577,1034.00000000,1
1531171302373,1531171302370,8741104,0.00036610,3.00000000,0
1531171303758,1531171303754,8741105,0.00036610,3.00000000,0
1531171308585,1531171308580,8741106,0.00036610,9.00000000,0
1531171332406,1531171332401,8741107,0.00036610,2.00000000,0
1531171332406,1531171332401,8741108,0.00036618,215.00000000,0
1531171343135,1531171343130,8741109,0.00036650,4.00000000,0
1531171350469,1531171350464,8741110,0.00036650,27.00000000,0
1531171419543,1531171419538,8741111,0.00036650,50.00000000,0
1531171484264,1531171484259,8741112,0.00036650,18.00000000,0
1531171484283,1531171484278,8741113,0.00036650,19.00000000,0
1531171490526,1531171490522,8741114,0.00036650,20.00000000,0
1531171521719,1531171521713,8741115,0.00036641,772.00000000,0
1531171521739,1531171521734,8741116,0.00036633,909.00000000,1
1531171521757,1531171521753,8741117,0.00036633,471.00000000,1
1531171543721,1531171543718,8741118,0.00036609,1459.00000000,0
1531171543733,1531171543728,8741119,0.00036649,194.00000000,0
1531171543744,1531171543740,8741120,0.00036649,1028.00000000,0
1531171555761,1531171555755,8741121,0.00036572,264.00000000,0
1531171556636,1531171556631,8741122,0.00036572,77.00000000,0
1531171567900,1531171567897,8741123,0.00036572,140.00000000,0
1531171584595,1531171584590,8741124,0.00036570,1358.00000000,1
1531171593009,1531171593004,8741125,0.00036571,9.00000000,0
1531171593009,1531171593004,8741126,0.00036572,40.00000000,0
1531171596801,1531171596796,8741127,0.00036572,58.00000000,0
1531171599878,1531171599873,8741128,0.00036571,51.00000000,1
1531171600875,1531171600871,8741129,0.00036571,1173.00000000,1
1531171600884,1531171600881,8741130,0.00036571,2327.00000000,0
1531171600906,1531171600901,8741131,0.00036571,1173.00000000,1
1531171620205,1531171620201,8741132,0.00036569,1943.00000000,0
1531171620220,1531171620216,8741133,0.00036571,51.00000000,0
1531171622751,1531171622748,8741134,0.00036572,105.00000000,0
1531171645060,1531171645055,8741135,0.00036637,62.00000000,0
1531171669067,1531171669064,8741136,0.00036650,2.00000000,0
1531171679421,1531171679416,8741137,0.00036650,11.00000000,0
1531171700365,1531171700360,8741138,0.00036649,852.00000000,0
1531171700393,1531171700388,8741139,0.00036649,1124.00000000,0
1531171728709,1531171728705,8741140,0.00036650,297.00000000,0
1531171776715,1531171776710,8741141,0.00036614,1001.00000000,1
1531171818145,1531171818141,8741142,0.00036614,34.00000000,1
1531171820712,1531171820708,8741143,0.00036650,10.00000000,0
1531171823280,1531171823275,8741144,0.00036614,16.00000000,1
1531171828133,1531171828128,8741145,0.00036613,5.00000000,1
1531171842769,1531171842763,8741146,0.00036613,10.00000000,1
1531171901404,1531171901402,8741147,0.00036604,2232.00000000,0
1531171901423,1531171901420,8741148,0.00036596,786.00000000,1
1531171908085,1531171908080,8741149,0.00036595,11.00000000,1
1531171908085,1531171908080,8741150,0.00036594,23.00000000,1
1531171927884,1531171927879,8741151,0.00036593,3347.00000000,0
1531171927904,1531171927899,8741152,0.00036573,937.00000000,1
1531171927925,1531171927922,8741153,0.00036573,1204.00000000,1
1531171955476,1531171955471,8741154,0.00036574,3.00000000,1
1531171964471,1531171964466,8741155,0.00036599,126.00000000,0
1531171969599,1531171969594,8741156,0.00036585,2828.00000000,0
1531171969609,1531171969604,8741157,0.00036575,358.00000000,1
1531171969627,1531171969622,8741158,0.00036575,1010.00000000,1
1531171982165,1531171982160,8741159,0.00036594,398.00000000,0
1531171982185,1531171982181,8741160,0.00036594,1432.00000000,0
1531172000360,1531172000356,8741161,0.00036595,75.00000000,0
1531172000360,1531172000356,8741162,0.00036600,9.00000000,0
1531172000360,1531172000356,8741163,0.00036613,84.00000000,0
1531172013449,1531172013444,8741164,0.00036532,7.00000000,1
1531172013449,1531172013444,8741165,0.00036531,54.00000000,1
1531172013449,1531172013444,8741166,0.00036528,49.00000000,1
1531172013449,1531172013444,8741167,0.00036527,5.00000000,1
1531172013484,1531172013480,8741168,0.00036527,146.00000000,1
1531172013628,1531172013624,8741169,0.00036528,29.00000000,0
1531172014078,1531172014073,8741170,0.00036528,65.00000000,0
1531172028506,1531172028502,8741171,0.00036528,1.00000000,0
1531172028543,1531172028540,8741172,0.00036528,1.00000000,0
1531172028578,1531172028574,8741173,0.00036528,1.00000000,0
1531172028600,1531172028596,8741174,0.00036528,1.00000000,0
1531172028651,1531172028645,8741175,0.00036528,1.00000000,0
1531172034066,1531172034065,8741176,0.00036527,29.00000000,0
1531172048805,1531172048800,8741177,0.00036510,39.00000000,1
1531172052308,1531172052304,8741178,0.00036510,1.00000000,0
1531172053765,1531172053759,8741179,0.00036506,34.00000000,1
1531172061439,1531172061435,8741180,0.00036506,61.00000000,1
1531172064153,1531172064148,8741181,0.00036507,1733.00000000,0
1531172064163,1531172064158,8741182,0.00036505,1376.00000000,1
1531172069137,1531172069133,8741183,0.00036504,46.00000000,1
1531172082103,1531172082099,8741184,0.00036510,27.00000000,0
1531172088510,1531172088505,8741185,0.00036510,27.00000000,0
1531172093058,1531172093053,8741186,0.00036510,2.00000000,0
1531172094962,1531172094958,8741187,0.00036510,27.00000000,0
1531172100866,1531172100860,8741188,0.00036506,698.00000000,1
1531172100881,1531172100876,8741189,0.00036506,239.00000000,1
1531172124606,1531172124602,8741190,0.00036527,1150.00000000,0
1531172124618,1531172124614,8741191,0.00036527,75.00000000,0
1531172124730,1531172124723,8741192,0.00036528,14.00000000,0
1531172124730,1531172124723,8741193,0.00036558,31.00000000,0
1531172124730,1531172124723,8741194,0.00036594,80.00000000,0
1531172124730,1531172124723,8741195,0.00036599,21.00000000,0
1531172164525,1531172164520,8741196,0.00036510,81.00000000,1
1531172165091,1531172165087,8741197,0.00036599,1.00000000,0
1531172165091,1531172165087,8741198,0.00036604,19.00000000,0
1531172210592,1531172210591,8741199,0.00036506,15.00000000,1
1531172210720,1531172210717,8741200,0.00036505,34.00000000,1
1531172211121,1531172211116,8741201,0.00036504,28.00000000,0
1531172212127,1531172212123,8741202,0.00036506,26.00000000,0
1531172235279,1531172235275,8741203,0.00036588,2.00000000,0
1531172293295,1531172293291,8741204,0.00036588,59.00000000,1
1531172293304,1531172293300,8741205,0.00036509,59.00000000,1
1531172304585,1531172304582,8741206,0.00036540,1482.00000000,0
1531172304603,1531172304599,8741207,0.00036510,753.00000000,1
1531172304621,1531172304617,8741208,0.00036510,1074.00000000,1
1531172320984,1531172320979,8741209,0.00036509,1.00000000,1
1531172321292,1531172321288,8741210,0.00036509,26.00000000,0
1531172324714,1531172324710,8741211,0.00036598,2.00000000,0
1531172339912,1531172339908,8741212,0.00036503,12.00000000,1
1531172444423,1531172444415,8741213,0.00036504,7.00000000,1
1531172445393,1531172445389,8741214,0.00036504,33.00000000,0
1531172448112,1531172448108,8741215,0.00036574,4.00000000,0
1531172511816,1531172511812,8741216,0.00036574,3.00000000,0
1531172511816,1531172511812,8741217,0.00036575,11.00000000,0
1531172511817,1531172511812,8741218,0.00036599,36.00000000,0
1531172519523,1531172519522,8741219,0.00036574,131.00000000,1
1531172519558,1531172519554,8741220,0.00036512,23.00000000,1
1531172519558,1531172519554,8741221,0.00036511,65.00000000,1
1531172521034,1531172521029,8741222,0.00036542,1618.00000000,0
1531172521048,1531172521044,8741223,0.00036511,1496.00000000,1
1531172521068,1531172521063,8741224,0.00036511,1355.00000000,1
1531172523798,1531172523793,8741225,0.00036505,28.00000000,1
1531172523878,1531172523874,8741226,0.00036505,27.00000000,0
1531172524018,1531172524015,8741227,0.00036505,4.00000000,0
1531172526043,1531172526039,8741228,0.00036505,1.00000000,0
1531172532866,1531172532861,8741229,0.00036505,27.00000000,0
1531172533313,1531172533309,8741230,0.00036505,27.00000000,0
1531172534584,1531172534581,8741231,0.00036504,3.00000000,0
1531172536835,1531172536830,8741232,0.00036504,9.00000000,0
1531172541184,1531172541181,8741233,0.00036504,27.00000000,0
1531172542703,1531172542699,8741234,0.00036504,843.00000000,0
1531172543246,1531172543241,8741235,0.00036505,60.00000000,0
1531172574879,1531172574874,8741236,0.00036509,78.00000000,1
1531172574879,1531172574874,8741237,0.00036507,322.00000000,1
1531172593822,1531172593819,8741238,0.00036504,11.00000000,1
1531172593822,1531172593819,8741239,0.00036503,67.00000000,1
1531172596259,1531172596255,8741240,0.00036505,27.00000000,0
1531172607089,1531172607084,8741241,0.00036505,30.00000000,0
1531172607183,1531172607177,8741242,0.00036505,20.00000000,0
1531172607183,1531172607177,8741243,0.00036559,23.00000000,0
1531172607183,1531172607177,8741244,0.00036604,10.00000000,0
1531172700285,1531172700280,8741245,0.00036513,11.00000000,1
1531172700285,1531172700280,8741246,0.00036512,7.00000000,1
1531172700285,1531172700280,8741247,0.00036511,3.00000000,1
1531172700285,1531172700280,8741248,0.00036503,137.00000000,1
1531172700285,1531172700280,8741249,0.00036502,31.00000000,1
1531172705517,1531172705515,8741250,0.00036603,13.00000000,0
1531172705878,1531172705874,8741251,0.00036593,16.00000000,1
1531172705881,1531172705878,8741252,0.00036511,16.00000000,1
1531172723876,1531172723871,8741253,0.00036595,2.00000000,0
1531172732089,1531172732086,8741254,0.00036589,2.00000000,0
1531172847464,1531172847461,8741255,0.00036506,102.00000000,1
1531172847478,1531172847475,8741256,0.00036506,668.00000000,1
1531172880129,1531172880125,8741257,0.00036507,685.00000000,1
1531172880152,1531172880148,8741258,0.00036507,195.00000000,1
1531172884780,1531172884776,8741259,0.00036506,9.00000000,1
1531172884780,1531172884776,8741260,0.00036505,15.00000000,1
1531172884780,1531172884776,8741261,0.00036504,26.00000000,1
1531172909362,1531172909359,8741262,0.00036505,419.00000000,1
1531172933717,1531172933714,8741263,0.00036537,2.00000000,0
1531172937622,1531172937620,8741264,0.00036537,2.00000000,0
1531172940662,1531172940659,8741265,0.00036521,1038.00000000,0
1531172940676,1531172940673,8741266,0.00036505,864.00000000,1
1531172940700,1531172940697,8741267,0.00036505,409.00000000,1
1531172956236,1531172956233,8741268,0.00036521,607.00000000,0
1531172956250,1531172956247,8741269,0.00036505,313.00000000,1
1531172977982,1531172977980,8741270,0.00036537,3.00000000,0
1531172992677,1531172992672,8741271,0.00036505,3.00000000,1
1531173002899,1531173002896,8741272,0.00036506,1296.00000000,1
1531173002916,1531173002913,8741273,0.00036506,332.00000000,1
1531173023296,1531173023291,8741274,0.00036521,195.00000000,0
1531173023305,1531173023301,8741275,0.00036506,663.00000000,1
1531173023323,1531173023320,8741276,0.00036506,127.00000000,1
1531173062081,1531173062078,8741277,0.00036534,7.00000000,0
1531173089483,1531173089480,8741278,0.00036548,178.00000000,0
1531173118485,1531173118485,8741279,0.00036568,29.00000000,0
1531173157595,1531173157593,8741280,0.00036543,15.00000000,1
1531173158643,1531173158640,8741281,0.00036543,1.00000000,1
1531173163360,1531173163355,8741282,0.00036543,13.00000000,1
1531173176480,1531173176477,8741283,0.00036582,59.00000000,0
1531173177487,1531173177484,8741284,0.00036588,109.00000000,0
1531173178482,1531173178479,8741285,0.00036592,33.00000000,0
1531173179490,1531173179487,8741286,0.00036588,80.00000000,0
1531173214809,1531173214806,8741287,0.00036573,1229.00000000,0
1531173214823,1531173214820,8741288,0.00036603,652.00000000,0
1531173214848,1531173214844,8741289,0.00036603,788.00000000,0
1531173242399,1531173242395,8741290,0.00036603,896.00000000,0
1531173254409,1531173254405,8741291,0.00036603,1458.00000000,0
1531173308531,1531173308528,8741292,0.00036603,12.00000000,1
1531173328492,1531173328490,8741293,0.00036603,12.00000000,0
1531173368149,1531173368145,8741294,0.00036573,1104.00000000,0
1531173368157,1531173368154,8741295,0.00036603,449.00000000,0
1531173378893,1531173378890,8741296,0.00036603,1170.00000000,0
1531173378904,1531173378902,8741297,0.00036603,353.00000000,0
1531173388429,1531173388425,8741298,0.00036603,100.00000000,1
1531173423091,1531173423089,8741299,0.00036576,2757.00000000,0
1531173423113,1531173423109,8741300,0.00036603,999.00000000,0
1531173462913,1531173462910,8741301,0.00036576,1925.00000000,0
1531173462929,1531173462925,8741302,0.00036603,1197.00000000,0
1531173462943,1531173462940,8741303,0.00036603,816.00000000,0
1531173486579,1531173486576,8741304,0.00036576,2193.00000000,0
1531173486596,1531173486593,8741305,0.00036603,288.00000000,0
1531173486618,1531173486614,8741306,0.00036603,1192.00000000,0
1531173520915,1531173520912,8741307,0.00036551,1335.00000000,1
1531173520935,1531173520932,8741308,0.00036551,806.00000000,1
1531173564485,1531173564483,8741309,0.00036566,5.00000000,1
1531173564527,1531173564524,8741310,0.00036551,8.00000000,0
1531173573438,1531173573434,8741311,0.00036550,47.00000000,1
1531173573438,1531173573434,8741312,0.00036548,28.00000000,1
1531173573949,1531173573946,8741313,0.00036544,36.00000000,1
1531173573949,1531173573946,8741314,0.00036543,37.00000000,1
1531173573949,1531173573946,8741315,0.00036506,2.00000000,1
1531173574529,1531173574526,8741316,0.00036550,47.00000000,0
1531173578757,1531173578754,8741317,0.00036510,47.00000000,1
1531173579366,1531173579364,8741318,0.00036506,78.00000000,1
1531173581353,1531173581349,8741319,0.00036537,18.00000000,1
1531173582406,1531173582404,8741320,0.00036536,9.00000000,1
1531173583417,1531173583414,8741321,0.00036536,14.00000000,1
1531173583757,1531173583754,8741322,0.00036505,14.00000000,1
1531173584356,1531173584353,8741323,0.00036506,18.00000000,1
1531173587448,1531173587445,8741324,0.00036534,13.00000000,1
1531173587951,1531173587948,8741325,0.00036534,13.00000000,1
1531173587959,1531173587956,8741326,0.00036512,13.00000000,1
1531173588363,1531173588361,8741327,0.00036512,67.00000000,1
1531173591157,1531173591155,8741328,0.00036504,13.00000000,1
1531173591199,1531173591197,8741329,0.00036502,19.00000000,1
1531173591223,1531173591220,8741330,0.00036502,53.00000000,1
1531173591375,1531173591371,8741331,0.00036502,62.00000000,1
1531173593558,1531173593556,8741332,0.00036512,18.00000000,1
1531173593777,1531173593774,8741333,0.00036512,13.00000000,1
1531173594952,1531173594948,8741334,0.00036512,33.00000000,1
1531173594957,1531173594954,8741335,0.00036502,33.00000000,1
1531173596141,1531173596138,8741336,0.00036502,454.00000000,1
1531173603864,1531173603860,8741337,0.00036502,16.00000000,1
1531173603991,1531173603988,8741338,0.00036596,2.00000000,0
1531173607948,1531173607945,8741339,0.00036549,1059.00000000,0
1531173607958,1531173607955,8741340,0.00036502,200.00000000,1
1531173607975,1531173607973,8741341,0.00036502,1043.00000000,1
1531173608529,1531173608527,8741342,0.00036502,16.00000000,0
1531173608868,1531173608865,8741343,0.00036501,27.00000000,1
1531173609082,1531173609080,8741344,0.00036500,35.00000000,1
1531173609114,1531173609111,8741345,0.00036500,3.00000000,1
1531173609532,1531173609530,8741346,0.00036566,53.00000000,0
1531173645544,1531173645541,8741347,0.00036596,88.00000000,0
1531173646536,1531173646535,8741348,0.00036602,80.00000000,0
1531173647542,1531173647540,8741349,0.00036611,55.00000000,0
1531173661548,1531173661545,8741350,0.00036566,33.00000000,0
1531173661828,1531173661824,8741351,0.00036599,80.00000000,0
1531173661875,1531173661874,8741352,0.00036611,1.00000000,1
1531173713622,1531173713619,8741353,0.00036611,3.00000000,1
1531173736633,1531173736631,8741354,0.00036570,816.00000000,0
1531173736649,1531173736647,8741355,0.00036612,669.00000000,0
1531173774558,1531173774556,8741356,0.00036612,1492.00000000,0
1531173782372,1531173782368,8741357,0.00036612,93.00000000,0
1531173784666,1531173784663,8741358,0.00036613,51.00000000,0
1531173785049,1531173785046,8741359,0.00036615,1153.00000000,1
1531173795449,1531173795446,8741360,0.00036650,72.00000000,0
1531173797512,1531173797508,8741361,0.00036616,240.00000000,1
1531173801195,1531173801194,8741362,0.00036633,1456.00000000,0
1531173801212,1531173801210,8741363,0.00036616,747.00000000,1
1531173815407,1531173815403,8741364,0.00036616,211.00000000,0
1531173820968,1531173820964,8741365,0.00036619,427.00000000,1
1531173825055,1531173825052,8741366,0.00036618,10.00000000,1
1531173834860,1531173834855,8741367,0.00036650,19.00000000,0
1531173841083,1531173841080,8741368,0.00036634,1155.00000000,0
1531173841097,1531173841093,8741369,0.00036619,494.00000000,1
1531173884443,1531173884441,8741370,0.00036649,1458.00000000,0
1531173896804,1531173896802,8741371,0.00036620,18.00000000,1
1531173905620,1531173905618,8741372,0.00036650,97.00000000,0
1531173907318,1531173907315,8741373,0.00036650,20.00000000,0
1531173911130,1531173911128,8741374,0.00036621,952.00000000,1
1531173956871,1531173956868,8741375,0.00036650,268.00000000,0
1531173956871,1531173956868,8741376,0.00036705,232.00000000,0
1531173962419,1531173962415,8741377,0.00036648,16.00000000,1
1531173972985,1531173972983,8741378,0.00036683,825.00000000,1
1531173983436,1531173983434,8741379,0.00036682,100.00000000,1
1531174023009,1531174023006,8741380,0.00036700,68.00000000,1
1531174033108,1531174033105,8741381,0.00036682,442.00000000,0
1531174046374,1531174046371,8741382,0.00036683,1114.00000000,1
1531174087879,1531174087876,8741383,0.00036695,2771.00000000,0
1531174087898,1531174087895,8741384,0.00036685,356.00000000,1
1531174087920,1531174087916,8741385,0.00036685,1414.00000000,1
1531174105166,1531174105163,8741386,0.00036685,1094.00000000,1
1531174132228,1531174132225,8741387,0.00036705,61.00000000,0
1531174159032,1531174159028,8741388,0.00036710,145.00000000,0
1531174159046,1531174159044,8741389,0.00036733,125.00000000,0
1531174171408,1531174171405,8741390,0.00036682,33.00000000,1
1531174199612,1531174199610,8741391,0.00036709,3611.00000000,0
1531174199622,1531174199620,8741392,0.00036685,1368.00000000,1
1531174208562,1531174208559,8741393,0.00036699,12.00000000,1
1531174211656,1531174211654,8741394,0.00036734,82.00000000,0
1531174211658,1531174211655,8741395,0.00036734,355.00000000,0
1531174211659,1531174211657,8741396,0.00036734,129.00000000,0
1531174211660,1531174211657,8741397,0.00036734,258.00000000,0
1531174211692,1531174211688,8741398,0.00036734,7.00000000,1
1531174211873,1531174211870,8741399,0.00036734,4.00000000,1
1531174215736,1531174215734,8741400,0.00036734,30.00000000,1
1531174221885,1531174221884,8741401,0.00036734,16.00000000,1
1531174224894,1531174224892,8741402,0.00036735,16.00000000,1
1531174225164,1531174225162,8741403,0.00036735,8.00000000,1
1531174226886,1531174226882,8741404,0.00036735,3.00000000,1
1531174227515,1531174227512,8741405,0.00036735,102.00000000,1
1531174228374,1531174228372,8741406,0.00036735,475.00000000,1
1531174228433,1531174228430,8741407,0.00036735,1.00000000,0
1531174228433,1531174228430,8741408,0.00036739,81.00000000,0
1531174228433,1531174228430,8741409,0.00036740,50.00000000,0
1531174228484,1531174228481,8741410,0.00036740,17.00000000,1
1531174228854,1531174228851,8741411,0.00036740,54.00000000,1
1531174229448,1531174229446,8741412,0.00036732,59.00000000,1
1531174231502,1531174231499,8741413,0.00036699,8.00000000,1
1531174232476,1531174232473,8741414,0.00036699,8.00000000,0
1531174233271,1531174233268,8741415,0.00036682,30.00000000,1
1531174233900,1531174233896,8741416,0.00036682,88.00000000,1
1531174234215,1531174234212,8741417,0.00036682,20.00000000,1
1531174234918,1531174234915,8741418,0.00036683,20.00000000,1
1531174234918,1531174234915,8741419,0.00036682,10.00000000,1
1531174235235,1531174235231,8741420,0.00036682,16.00000000,1
1531174235263,1531174235261,8741421,0.00036682,4.00000000,1
1531174235339,1531174235336,8741422,0.00036682,136.00000000,1
1531174236597,1531174236595,8741423,0.00036682,10.00000000,1
1531174238259,1531174238257,8741424,0.00036682,15.00000000,1
1531174245910,1531174245909,8741425,0.00036735,120.00000000,0
1531174245937,1531174245935,8741426,0.00036735,20.00000000,1
1531174245995,1531174245992,8741427,0.00036735,99.00000000,1
1531174246928,1531174246925,8741428,0.00036735,100.00000000,1
1531174251969,1531174251966,8741429,0.00036740,4.00000000,0
1531174251969,1531174251966,8741430,0.00036742,3203.00000000,0
1531174251996,1531174251993,8741431,0.00036742,529.00000000,0
1531174251997,1531174251995,8741432,0.00036742,27.00000000,0
1531174252008,1531174252005,8741433,0.00036742,867.00000000,0
1531174252049,1531174252047,8741434,0.00036736,13.00000000,1
1531174252049,1531174252047,8741435,0.00036735,14.00000000,1
1531174252076,1531174252074,8741436,0.00036735,94.00000000,1
1531174252957,1531174252955,8741437,0.00036735,401.00000000,1
1531174253423,1531174253421,8741438,0.00036742,2201.00000000,0
1531174254425,1531174254421,8741439,0.00036754,4.00000000,0
1531174255579,1531174255577,8741440,0.00036757,100.00000000,0
1531174257426,1531174257424,8741441,0.00036765,27.00000000,0
1531174258969,1531174258967,8741442,0.00036810,1.00000000,0
1531174266583,1531174266581,8741443,0.00036809,13.00000000,0
1531174267928,1531174267925,8741444,0.00036736,205.00000000,1
1531174272426,1531174272424,8741445,0.00036768,46.00000000,0
1531174273528,1531174273526,8741446,0.00036768,46.00000000,0
1531174274646,1531174274643,8741447,0.00036790,46.00000000,0
1531174274738,1531174274735,8741448,0.00036810,118.00000000,0
1531174276431,1531174276428,8741449,0.00036810,2054.00000000,0
1531174277434,1531174277432,8741450,0.00036809,529.00000000,0
1531174278763,1531174278761,8741451,0.00036811,5.00000000,0
1531174280514,1531174280512,8741452,0.00036815,4.00000000,0
1531174281592,1531174281590,8741453,0.00036818,81.00000000,0
1531174282593,1531174282591,8741454,0.00036823,45.00000000,0
1531174284508,1531174284506,8741455,0.00036830,18.00000000,0
1531174286796,1531174286794,8741456,0.00036852,4.00000000,0
1531174290425,1531174290423,8741457,0.00036875,13.00000000,0
1531174292076,1531174292073,8741458,0.00036876,1.00000000,0
1531174294387,1531174294384,8741459,0.00036832,12.00000000,1
1531174313441,1531174313439,8741460,0.00036852,6.00000000,0
1531174314870,1531174314866,8741461,0.00036852,7.00000000,0
1531174314870,1531174314866,8741462,0.00036875,21.00000000,0
1531174314870,1531174314866,8741463,0.00036876,25.00000000,0
1531174319296,1531174319294,8741464,0.00036879,4.00000000,0
1531174319848,1531174319846,8741465,0.00036876,3.00000000,1
1531174319848,1531174319846,8741466,0.00036853,3.00000000,1
1531174319848,1531174319846,8741467,0.00036833,64.00000000,1
1531174319985,1531174319983,8741468,0.00036879,1.00000000,0
1531174319985,1531174319983,8741469,0.00036888,5.00000000,0
1531174319985,1531174319983,8741470,0.00036889,14.00000000,0
1531174322057,1531174322041,8741471,0.00036834,721.00000000,1
1531174324969,1531174324967,8741472,0.00036834,125.00000000,1
1531174324969,1531174324967,8741473,0.00036833,275.00000000,1
1531174324969,1531174324967,8741474,0.00036832,321.00000000,1
1531174331523,1531174331521,8741475,0.00036880,3.00000000,0
1531174332570,1531174332566,8741476,0.00036880,27.00000000,0
1531174342639,1531174342636,8741477,0.00036832,816.00000000,1
1531174343096,1531174343093,8741478,0.00036832,31.00000000,0
1531174365438,1531174365435,8741479,0.00036860,923.00000000,0
1531174365450,1531174365448,8741480,0.00036888,622.00000000,0
1531174365467,1531174365465,8741481,0.00036888,669.00000000,0
1531174383856,1531174383852,8741482,0.00036875,9.00000000,0
