event_time,trade_time,trade_id,price,quantity,maker
1531160270254,1531160270250,2039554,0.00040871,336.00000000,1
1531160270254,1531160270250,2039555,0.00040870,280.00000000,1
1531160296503,1531160296500,2039556,0.00040885,24.00000000,1
1531160296503,1531160296500,2039557,0.00040883,26.00000000,1
1531160301652,1531160301648,2039558,0.00040886,24.00000000,1
1531160303075,1531160303073,2039559,0.00040886,23.00000000,1
1531160303116,1531160303116,2039560,0.00040886,19.00000000,1
1531160308731,1531160308728,2039561,0.00040888,125.00000000,1
1531160308731,1531160308728,2039562,0.00040887,75.00000000,1
1531160308733,1531160308731,2039563,0.00040887,125.00000000,1
1531160314803,1531160314799,2039564,0.00040892,45.00000000,1
1531160314804,1531160314799,2039565,0.00040880,27.00000000,1
1531160327529,1531160327525,2039566,0.00041064,24.00000000,0
1531160357567,1531160357563,2039567,0.00041003,18.00000000,0
1531160367799,1531160367797,2039568,0.00040895,4.00000000,1
1531160394818,1531160394818,2039569,0.00040893,3.00000000,0
1531160397773,1531160397772,2039570,0.00040891,22.00000000,1
1531160406258,1531160406256,2039571,0.00040890,73.00000000,0
1531160417945,1531160417941,2039572,0.00040890,129.00000000,0
1531160417945,1531160417941,2039573,0.00040891,3.00000000,0
1531160417945,1531160417941,2039574,0.00041006,23.00000000,0
1531160417945,1531160417941,2039575,0.00041064,83.00000000,0
1531160417945,1531160417941,2039576,0.00041082,21.00000000,0
1531160417981,1531160417966,2039577,0.00041082,1.00000000,0
1531160430468,1531160430463,2039578,0.00041080,56.00000000,0
1531160430468,1531160430463,2039579,0.00041082,43.00000000,0
1531160456465,1531160456463,2039580,0.00040898,18.00000000,1
1531160496168,1531160496164,2039581,0.00040903,200.00000000,1
1531160510565,1531160510562,2039582,0.00040907,24.00000000,1
1531160510565,1531160510562,2039583,0.00040906,3.00000000,1
1531160523700,1531160523668,2039584,0.00040913,84.00000000,1
1531160528134,1531160528131,2039585,0.00040913,9.00000000,1
1531160533313,1531160533309,2039586,0.00040913,28.00000000,1
1531160533313,1531160533309,2039587,0.00040912,24.00000000,1
1531160533313,1531160533309,2039588,0.00040911,31.00000000,1
1531160543855,1531160543851,2039589,0.00040911,199.00000000,0
1531160554132,1531160554130,2039590,0.00040999,4.00000000,0
1531160573934,1531160573929,2039591,0.00040923,88.00000000,1
1531160582688,1531160582684,2039592,0.00040999,3.00000000,0
1531160597455,1531160597451,2039593,0.00040924,76.00000000,1
1531160597455,1531160597451,2039594,0.00040923,114.00000000,1
1531160597455,1531160597451,2039595,0.00040909,24.00000000,1
1531160597455,1531160597451,2039596,0.00040906,31.00000000,1
1531160599289,1531160599286,2039597,0.00040996,11.00000000,0
1531160599289,1531160599286,2039598,0.00040997,2.00000000,0
1531160616534,1531160616531,2039599,0.00040997,34.00000000,0
1531160623495,1531160623490,2039600,0.00040997,3.00000000,0
1531160626163,1531160626160,2039601,0.00040997,9.00000000,0
1531160631087,1531160631082,2039602,0.00040997,93.00000000,0
1531160676091,1531160676086,2039603,0.00040925,45.00000000,1
1531160685007,1531160685004,2039604,0.00040925,4.00000000,1
1531160688980,1531160688976,2039605,0.00040925,179.00000000,1
1531160692915,1531160692911,2039606,0.00040906,22.00000000,1
1531160692915,1531160692911,2039607,0.00040902,6.00000000,1
1531160711984,1531160711979,2039608,0.00040907,191.00000000,1
1531160711984,1531160711979,2039609,0.00040902,18.00000000,1
1531160711984,1531160711979,2039610,0.00040901,24.00000000,1
1531160711984,1531160711979,2039611,0.00040890,73.00000000,1
1531160711984,1531160711979,2039612,0.00040885,9.00000000,1
1531160711984,1531160711979,2039613,0.00040879,20.00000000,1
1531160711984,1531160711979,2039614,0.00040870,83.00000000,1
1531160711993,1531160711988,2039615,0.00040800,19.00000000,1
1531160711993,1531160711988,2039616,0.00040781,9.00000000,1
1531160711993,1531160711988,2039617,0.00040777,10.00000000,1
1531160711993,1531160711988,2039618,0.00040768,153.00000000,1
1531160711998,1531160711994,2039619,0.00040768,47.00000000,1
1531160713645,1531160713642,2039620,0.00040768,52.00000000,1
1531160725041,1531160725038,2039621,0.00040768,39.00000000,1
1531160730365,1531160730361,2039622,0.00040768,345.00000000,1
1531160730871,1531160730867,2039623,0.00040768,15.00000000,0
1531160735857,1531160735854,2039624,0.00040748,15.00000000,1
1531160735866,1531160735854,2039625,0.00040748,345.00000000,1
1531160735866,1531160735854,2039626,0.00040717,19.00000000,1
1531160735866,1531160735854,2039627,0.00040700,56.00000000,1
1531160735866,1531160735854,2039628,0.00040690,3.00000000,1
1531160735866,1531160735854,2039629,0.00040681,122.00000000,1
1531160735866,1531160735854,2039630,0.00040668,5.00000000,1
1531160735866,1531160735854,2039631,0.00040661,5.00000000,1
1531160735866,1531160735854,2039632,0.00040647,133.00000000,1
1531160735866,1531160735854,2039633,0.00040639,3.00000000,1
1531160735866,1531160735854,2039634,0.00040609,3.00000000,1
1531160735866,1531160735854,2039635,0.00040590,3.00000000,1
1531160735866,1531160735854,2039636,0.00040589,36.00000000,1
1531160735866,1531160735854,2039637,0.00040588,11.00000000,1
1531160735866,1531160735854,2039638,0.00040587,34.00000000,1
1531160735866,1531160735854,2039639,0.00040586,4.00000000,1
1531160735866,1531160735854,2039640,0.00040585,6.00000000,1
1531160735866,1531160735854,2039641,0.00040584,10.00000000,1
1531160735866,1531160735854,2039642,0.00040577,9.00000000,1
1531160735866,1531160735854,2039643,0.00040558,173.00000000,1
1531160735866,1531160735854,2039644,0.00040551,5.00000000,1
1531160735866,1531160735854,2039645,0.00040546,3.00000000,1
1531160735866,1531160735854,2039646,0.00040539,5.00000000,1
1531160735866,1531160735854,2039647,0.00040537,3.00000000,1
1531160735866,1531160735854,2039648,0.00040530,106.00000000,1
1531160735866,1531160735854,2039649,0.00040519,58.00000000,1
1531160735866,1531160735854,2039650,0.00040515,8.00000000,1
1531160735866,1531160735854,2039651,0.00040506,303.00000000,1
1531160735866,1531160735854,2039652,0.00040503,61.00000000,1
1531160735866,1531160735854,2039653,0.00040500,210.00000000,1
1531160735866,1531160735854,2039654,0.00040486,34.00000000,1
1531160735866,1531160735854,2039655,0.00040482,195.00000000,1
1531160735866,1531160735854,2039656,0.00040479,5.00000000,1
1531160735866,1531160735854,2039657,0.00040474,640.00000000,1
1531160735866,1531160735854,2039658,0.00040474,121.00000000,1
1531160735880,1531160735876,2039659,0.00040525,56.00000000,0
1531160736184,1531160736179,2039660,0.00040706,61.00000000,0
1531160736727,1531160736723,2039661,0.00040625,13.00000000,0
1531160737656,1531160737651,2039662,0.00040476,15.00000000,1
1531160737723,1531160737720,2039663,0.00040544,7.00000000,0
1531160738018,1531160738015,2039664,0.00040544,14.00000000,0
1531160738198,1531160738194,2039665,0.00040544,13.00000000,0
1531160738297,1531160738293,2039666,0.00040544,1.00000000,0
1531160739862,1531160739860,2039667,0.00040544,14.00000000,0
1531160743870,1531160743869,2039668,0.00040544,11.00000000,0
1531160744000,1531160743997,2039669,0.00040624,145.00000000,0
1531160745594,1531160745589,2039670,0.00040487,17.00000000,1
1531160745594,1531160745589,2039671,0.00040486,4.00000000,1
1531160745594,1531160745589,2039672,0.00040474,5.00000000,1
1531160746887,1531160746883,2039673,0.00040483,15.00000000,0
1531160746929,1531160746925,2039674,0.00040474,15.00000000,1
1531160748003,1531160748000,2039675,0.00040483,9.00000000,0
1531160748083,1531160748080,2039676,0.00040474,50.00000000,1
1531160748185,1531160748182,2039677,0.00040483,3.00000000,0
1531160749640,1531160749637,2039678,0.00040474,353.00000000,1
1531160749640,1531160749637,2039679,0.00040461,4.00000000,1
1531160749875,1531160749874,2039680,0.00040461,3.00000000,0
1531160755066,1531160755062,2039681,0.00040461,1.00000000,0
1531160762804,1531160762801,2039682,0.00040482,6.00000000,1
1531160765023,1531160765020,2039683,0.00040483,413.00000000,0
1531160765069,1531160765064,2039684,0.00040500,191.00000000,1
1531160765073,1531160765070,2039685,0.00040500,175.00000000,1
1531160765160,1531160765156,2039686,0.00040500,13.00000000,1
1531160765984,1531160765982,2039687,0.00040461,55.00000000,0
1531160766605,1531160766602,2039688,0.00040461,1.00000000,0
1531160766634,1531160766631,2039689,0.00040489,13.00000000,1
1531160767745,1531160767741,2039690,0.00040453,24.00000000,1
1531160767745,1531160767741,2039691,0.00040451,8.00000000,1
1531160767745,1531160767741,2039692,0.00040444,61.00000000,1
1531160771730,1531160771727,2039693,0.00040558,6.00000000,0
1531160784199,1531160784194,2039694,0.00040444,4.00000000,1
1531160798811,1531160798807,2039695,0.00040553,1.00000000,0
1531160802162,1531160802158,2039696,0.00040553,2.00000000,0
1531160804825,1531160804822,2039697,0.00040445,3.00000000,1
1531160816494,1531160816489,2039698,0.00040553,8.00000000,0
1531160816494,1531160816489,2039699,0.00040554,5.00000000,0
1531160845561,1531160845558,2039700,0.00040473,61.00000000,1
1531160845561,1531160845558,2039701,0.00040445,2.00000000,1
1531160845561,1531160845558,2039702,0.00040444,253.00000000,1
1531160853285,1531160853282,2039703,0.00040444,23.00000000,1
1531160869153,1531160869149,2039704,0.00040445,281.00000000,1
1531160871620,1531160871616,2039705,0.00040473,11.00000000,0
1531160871620,1531160871616,2039706,0.00040553,14.00000000,0
1531160878059,1531160878056,2039707,0.00040553,12.00000000,0
1531160885124,1531160885121,2039708,0.00040472,56.00000000,1
1531160885124,1531160885121,2039709,0.00040445,10.00000000,1
1531160889593,1531160889589,2039710,0.00040446,12.00000000,1
1531160901540,1531160901536,2039711,0.00040446,13.00000000,1
1531160904555,1531160904551,2039712,0.00040552,2.00000000,0
1531160908733,1531160908730,2039713,0.00040552,10.00000000,0
1531160913574,1531160913570,2039714,0.00040552,13.00000000,1
1531160914962,1531160914959,2039715,0.00040581,13.00000000,1
1531160917868,1531160917865,2039716,0.00040552,72.00000000,1
1531160925580,1531160925576,2039717,0.00040447,15.00000000,1
1531160970773,1531160970768,2039718,0.00040447,102.00000000,1
1531160970773,1531160970768,2039719,0.00040445,336.00000000,1
1531160977348,1531160977344,2039720,0.00040445,293.00000000,1
1531160979111,1531160979108,2039721,0.00040445,22.00000000,0
1531160992027,1531160992023,2039722,0.00040445,1.00000000,0
1531161042134,1531161042130,2039723,0.00040469,10.00000000,1
1531161052468,1531161052465,2039724,0.00040469,472.00000000,1
1531161052692,1531161052691,2039725,0.00040469,341.00000000,1
1531161054258,1531161054254,2039726,0.00040469,68.00000000,1
1531161056011,1531161056005,2039727,0.00040547,34.00000000,0
1531161056011,1531161056005,2039728,0.00040552,254.00000000,0
1531161056011,1531161056005,2039729,0.00040624,15.00000000,0
1531161056011,1531161056005,2039730,0.00040625,1.00000000,0
1531161056011,1531161056005,2039731,0.00040646,18.00000000,0
1531161056011,1531161056005,2039732,0.00040653,4.00000000,0
1531161056011,1531161056005,2039733,0.00040668,34.00000000,0
1531161056011,1531161056005,2039734,0.00040669,11.00000000,0
1531161056011,1531161056005,2039735,0.00040670,36.00000000,0
1531161056011,1531161056005,2039736,0.00040681,18.00000000,0
1531161056011,1531161056005,2039737,0.00040731,3.00000000,0
1531161056011,1531161056005,2039738,0.00040764,24.00000000,0
1531161056011,1531161056005,2039739,0.00040849,42.00000000,0
1531161061072,1531161061069,2039740,0.00040846,3.00000000,0
1531161071366,1531161071362,2039741,0.00040831,50.00000000,0
1531161082113,1531161082110,2039742,0.00040775,14.00000000,0
1531161082210,1531161082207,2039743,0.00040775,167.00000000,1
1531161082316,1531161082311,2039744,0.00040775,96.00000000,1
1531161082326,1531161082321,2039745,0.00040775,264.00000000,1
1531161082326,1531161082321,2039746,0.00040494,25.00000000,1
1531161082326,1531161082321,2039747,0.00040493,16.00000000,1
1531161082326,1531161082321,2039748,0.00040473,7.00000000,1
1531161082326,1531161082321,2039749,0.00040469,48.00000000,1
1531161105348,1531161105343,2039750,0.00040470,77.00000000,1
1531161107367,1531161107363,2039751,0.00040612,10.00000000,0
1531161116322,1531161116319,2039752,0.00040471,71.00000000,1
1531161116322,1531161116319,2039753,0.00040470,15.00000000,1
1531161116322,1531161116319,2039754,0.00040469,1.00000000,1
1531161121205,1531161121202,2039755,0.00040469,15.00000000,1
1531161137777,1531161137772,2039756,0.00040500,163.00000000,0
1531161137777,1531161137772,2039757,0.00040590,26.00000000,0
1531161137777,1531161137772,2039758,0.00040591,16.00000000,0
1531161137777,1531161137772,2039759,0.00040592,15.00000000,0
1531161137777,1531161137772,2039760,0.00040612,317.00000000,0
1531161137777,1531161137772,2039761,0.00040615,7.00000000,0
1531161149209,1531161149205,2039762,0.00040791,26.00000000,0
1531161149209,1531161149205,2039763,0.00040792,171.00000000,0
1531161178778,1531161178774,2039764,0.00040635,34.00000000,1
1531161217786,1531161217783,2039765,0.00040686,5.00000000,1
1531161218154,1531161218150,2039766,0.00040686,138.00000000,1
1531161232308,1531161232303,2039767,0.00040749,268.00000000,0
1531161232730,1531161232726,2039768,0.00040749,8.00000000,1
1531161235574,1531161235574,2039769,0.00040750,9.00000000,0
1531161244739,1531161244735,2039770,0.00040816,39.00000000,0
1531161265147,1531161265143,2039771,0.00040815,55.00000000,0
1531161265147,1531161265143,2039772,0.00040816,2.00000000,0
1531161272905,1531161272902,2039773,0.00040765,33.00000000,1
1531161273109,1531161273106,2039774,0.00040781,12.00000000,1
1531161278479,1531161278474,2039775,0.00040816,10.00000000,0
1531161290543,1531161290539,2039776,0.00040815,185.00000000,0
1531161295370,1531161295366,2039777,0.00040815,445.00000000,0
1531161295430,1531161295426,2039778,0.00040782,4.00000000,1
1531161312522,1531161312517,2039779,0.00040815,167.00000000,0
1531161312522,1531161312517,2039780,0.00040816,83.00000000,0
1531161325491,1531161325487,2039781,0.00040816,17.00000000,0
1531161327017,1531161327013,2039782,0.00040850,3.00000000,0
1531161329170,1531161329165,2039783,0.00040816,64.00000000,1
1531161329171,1531161329165,2039784,0.00040789,65.00000000,1
1531161329171,1531161329165,2039785,0.00040786,223.00000000,1
1531161329171,1531161329165,2039786,0.00040784,7.00000000,1
1531161330034,1531161330030,2039787,0.00040849,4.00000000,0
1531161334120,1531161334115,2039788,0.00040785,2.00000000,1
1531161336309,1531161336306,2039789,0.00040786,2.00000000,1
1531161340116,1531161340111,2039790,0.00040892,3.00000000,0
1531161345609,1531161345605,2039791,0.00040792,65.00000000,1
1531161345609,1531161345605,2039792,0.00040784,6.00000000,1
1531161345609,1531161345605,2039793,0.00040782,548.00000000,1
1531161410510,1531161410506,2039794,0.00040785,34.00000000,1
1531161426530,1531161426526,2039795,0.00040816,8.00000000,0
1531161459441,1531161459438,2039796,0.00040886,65.00000000,0
1531161459441,1531161459438,2039797,0.00040892,4.00000000,0
1531161459441,1531161459438,2039798,0.00040900,7.00000000,0
1531161473406,1531161473401,2039799,0.00040818,5.00000000,1
1531161473406,1531161473401,2039800,0.00040816,8.00000000,1
1531161480493,1531161480488,2039801,0.00040816,4.00000000,1
1531161498175,1531161498171,2039802,0.00040816,19.00000000,1
1531161498207,1531161498203,2039803,0.00040816,3.00000000,1
1531161524690,1531161524687,2039804,0.00040816,4.00000000,1
1531161584638,1531161584634,2039805,0.00040816,7.00000000,0
1531161605413,1531161605409,2039806,0.00040786,6.00000000,1
1531161648821,1531161648816,2039807,0.00040816,43.00000000,0
1531161649005,1531161649000,2039808,0.00040786,3.00000000,1
1531161678596,1531161678590,2039809,0.00040816,3.00000000,0
1531161678596,1531161678590,2039810,0.00040883,20.00000000,0
1531161678596,1531161678590,2039811,0.00040900,107.00000000,0
1531161678596,1531161678590,2039812,0.00040967,6.00000000,0
1531161678596,1531161678590,2039813,0.00041000,136.00000000,0
1531161678596,1531161678590,2039814,0.00041002,6.00000000,0
1531161678596,1531161678590,2039815,0.00041023,9.00000000,0
1531161678596,1531161678590,2039816,0.00041050,25.00000000,0
1531161678596,1531161678590,2039817,0.00041064,9.00000000,0
1531161678596,1531161678590,2039818,0.00041101,29.00000000,0
1531161689236,1531161689231,2039819,0.00040864,4.00000000,1
1531161703024,1531161703022,2039820,0.00041020,3.00000000,0
1531161706713,1531161706709,2039821,0.00040863,1.00000000,1
1531161770997,1531161770993,2039822,0.00040867,15.00000000,1
1531161775745,1531161775740,2039823,0.00040866,24.00000000,1
1531161775745,1531161775740,2039824,0.00040865,213.00000000,1
1531161775745,1531161775740,2039825,0.00040864,69.00000000,1
1531161777165,1531161777161,2039826,0.00040864,24.00000000,1
1531161777235,1531161777231,2039827,0.00040864,60.00000000,1
1531161786481,1531161786477,2039828,0.00040863,6.00000000,1
1531161818552,1531161818548,2039829,0.00040816,24.00000000,1
1531161824486,1531161824481,2039830,0.00040816,3.00000000,0
1531161839929,1531161839924,2039831,0.00040787,27.00000000,1
1531161839929,1531161839924,2039832,0.00040786,10.00000000,1
1531161839929,1531161839924,2039833,0.00040785,188.00000000,1
1531161839929,1531161839924,2039834,0.00040782,673.00000000,1
1531161840910,1531161840908,2039835,0.00040782,52.00000000,1
1531161841902,1531161841896,2039836,0.00040782,580.00000000,1
1531161842912,1531161842908,2039837,0.00040754,3.00000000,1
1531161845910,1531161845905,2039838,0.00040720,20.00000000,1
1531161846904,1531161846900,2039839,0.00040635,4.00000000,1
1531161846904,1531161846900,2039840,0.00040635,96.00000000,1
1531161846904,1531161846900,2039841,0.00040615,404.00000000,1
1531161912985,1531161912980,2039842,0.00040615,287.00000000,1
1531161917190,1531161917185,2039843,0.00040613,15.00000000,0
1531161917190,1531161917185,2039844,0.00040614,4.00000000,0
1531161939728,1531161939722,2039845,0.00040501,16.00000000,1
1531161939728,1531161939722,2039846,0.00040500,83.00000000,1
1531161939728,1531161939722,2039847,0.00040466,6.00000000,1
1531161939728,1531161939722,2039848,0.00040444,72.00000000,1
1531161939728,1531161939722,2039849,0.00040406,3.00000000,1
1531161939728,1531161939722,2039850,0.00040400,64.00000000,1
1531161939728,1531161939722,2039851,0.00040399,537.00000000,1
1531161939886,1531161939884,2039852,0.00040399,16.00000000,0
1531161939964,1531161939960,2039853,0.00040399,33.00000000,0
1531161940077,1531161940073,2039854,0.00040399,40.00000000,0
1531161946058,1531161946053,2039855,0.00040479,21.00000000,0
1531161962070,1531161962065,2039856,0.00040479,304.00000000,0
1531161975729,1531161975727,2039857,0.00040583,3.00000000,0
1531161984701,1531161984697,2039858,0.00040583,1.00000000,0
1531161984761,1531161984758,2039859,0.00040426,62.00000000,1
1531161984761,1531161984758,2039860,0.00040422,33.00000000,1
1531161984761,1531161984758,2039861,0.00040421,21.00000000,1
1531161984761,1531161984758,2039862,0.00040398,8.00000000,1
1531161990042,1531161990039,2039863,0.00040583,25.00000000,0
1531161992408,1531161992403,2039864,0.00040583,26.00000000,0
1531161992408,1531161992403,2039865,0.00040584,20.00000000,0
1531161992408,1531161992403,2039866,0.00040608,24.00000000,0
1531161992408,1531161992403,2039867,0.00040743,180.00000000,0
1531161993814,1531161993809,2039868,0.00040743,76.00000000,0
1531161993814,1531161993809,2039869,0.00040744,7.00000000,0
1531161995990,1531161995988,2039870,0.00040744,4.00000000,0
1531162006671,1531162006667,2039871,0.00040419,3.00000000,1
1531162021780,1531162021775,2039872,0.00040582,3.00000000,0
1531162021780,1531162021775,2039873,0.00040583,45.00000000,0
1531162023210,1531162023208,2039874,0.00040583,116.00000000,0
1531162117382,1531162117378,2039875,0.00040733,24.00000000,1
1531162133006,1531162132999,2039876,0.00040744,51.00000000,0
1531162133006,1531162132999,2039877,0.00040745,41.00000000,0
1531162133006,1531162132999,2039878,0.00040811,24.00000000,0
1531162133006,1531162132999,2039879,0.00040824,3.00000000,0
1531162133006,1531162132999,2039880,0.00040897,24.00000000,0
1531162133006,1531162132999,2039881,0.00040939,3.00000000,0
1531162133006,1531162132999,2039882,0.00040957,87.00000000,0
1531162133006,1531162132999,2039883,0.00040999,667.00000000,0
1531162133006,1531162132999,2039884,0.00041000,700.00000000,0
1531162133006,1531162132999,2039885,0.00041110,6.00000000,0
1531162133006,1531162132999,2039886,0.00041113,364.00000000,0
1531162136549,1531162136544,2039887,0.00040829,74.00000000,1
1531162136549,1531162136544,2039888,0.00040828,21.00000000,1
1531162152109,1531162152105,2039889,0.00041063,25.00000000,0
1531162157117,1531162157110,2039890,0.00040837,39.00000000,1
1531162157117,1531162157110,2039891,0.00040833,6.00000000,1
1531162157117,1531162157110,2039892,0.00040718,7.00000000,1
1531162157117,1531162157110,2039893,0.00040700,6.00000000,1
1531162157117,1531162157110,2039894,0.00040686,3.00000000,1
1531162157117,1531162157110,2039895,0.00040665,3.00000000,1
1531162157117,1531162157110,2039896,0.00040663,5.00000000,1
1531162157117,1531162157110,2039897,0.00040662,13.00000000,1
1531162157117,1531162157110,2039898,0.00040661,13.00000000,1
1531162157117,1531162157110,2039899,0.00040657,15.00000000,1
1531162157117,1531162157110,2039900,0.00040655,3.00000000,1
1531162157117,1531162157110,2039901,0.00040648,1.00000000,1
1531162158958,1531162158953,2039902,0.00040838,7.00000000,1
1531162183044,1531162183039,2039903,0.00040706,99.00000000,0
1531162197223,1531162197222,2039904,0.00040705,5.00000000,0
1531162207641,1531162207637,2039905,0.00040705,3.00000000,0
1531162227168,1531162227163,2039906,0.00040676,64.00000000,1
1531162227287,1531162227286,2039907,0.00040676,9.00000000,1
1531162229260,1531162229255,2039908,0.00040705,41.00000000,0
1531162229260,1531162229255,2039909,0.00040746,3.00000000,0
1531162229260,1531162229255,2039910,0.00040796,13.00000000,0
1531162229260,1531162229255,2039911,0.00040800,3.00000000,0
1531162229260,1531162229255,2039912,0.00040824,5.00000000,0
1531162229260,1531162229255,2039913,0.00040835,15.00000000,0
1531162229260,1531162229255,2039914,0.00040860,10.00000000,0
1531162229260,1531162229255,2039915,0.00040861,7.00000000,0
1531162229260,1531162229255,2039916,0.00040962,17.00000000,0
1531162239014,1531162239011,2039917,0.00040684,114.00000000,1
1531162244951,1531162244945,2039918,0.00040738,3.00000000,0
1531162267629,1531162267625,2039919,0.00040727,3.00000000,0
1531162267629,1531162267625,2039920,0.00040738,2.00000000,0
1531162272960,1531162272958,2039921,0.00040740,16.00000000,1
1531162272960,1531162272958,2039922,0.00040738,30.00000000,1
1531162371708,1531162371702,2039923,0.00040824,16.00000000,0
1531162371708,1531162371702,2039924,0.00040825,73.00000000,0
1531162371708,1531162371702,2039925,0.00040826,61.00000000,0
1531162371708,1531162371702,2039926,0.00040830,35.00000000,0
1531162371708,1531162371702,2039927,0.00040948,11.00000000,0
1531162371708,1531162371702,2039928,0.00040956,13.00000000,0
1531162371708,1531162371702,2039929,0.00040976,43.00000000,0
1531162400740,1531162400735,2039930,0.00040956,7.00000000,0
1531162400740,1531162400735,2039931,0.00040957,20.00000000,0
1531162402005,1531162402001,2039932,0.00040977,8.00000000,0
1531162403793,1531162403790,2039933,0.00040977,16.00000000,0
1531162440158,1531162440153,2039934,0.00040977,36.00000000,0
1531162442435,1531162442429,2039935,0.00040977,72.00000000,0
1531162442435,1531162442429,2039936,0.00040978,41.00000000,0
1531162446747,1531162446741,2039937,0.00040978,24.00000000,0
1531162449860,1531162449856,2039938,0.00040825,24.00000000,1
1531162496776,1531162496770,2039939,0.00040842,412.00000000,1
1531162496776,1531162496770,2039940,0.00040839,52.00000000,1
1531162519617,1531162519612,2039941,0.00040826,31.00000000,0
1531162548283,1531162548280,2039942,0.00040825,8.00000000,1
1531162555152,1531162555147,2039943,0.00040825,57.00000000,1
1531162556195,1531162556193,2039944,0.00040825,20.00000000,0
1531162580350,1531162580345,2039945,0.00040824,31.00000000,0
1531162597369,1531162597366,2039946,0.00040794,86.00000000,1
1531162602429,1531162602423,2039947,0.00040792,42.00000000,0
1531162645165,1531162645163,2039948,0.00040768,14.00000000,0
1531162679200,1531162679194,2039949,0.00040791,16.00000000,0
1531162683262,1531162683256,2039950,0.00040824,2.00000000,0
1531162683262,1531162683256,2039951,0.00040825,14.00000000,0
1531162683262,1531162683256,2039952,0.00040826,227.00000000,0
1531162683262,1531162683256,2039953,0.00040848,20.00000000,0
1531162683262,1531162683256,2039954,0.00040973,5.00000000,0
1531162683262,1531162683256,2039955,0.00040974,5.00000000,0
1531162683262,1531162683256,2039956,0.00040975,5.00000000,0
1531162683262,1531162683256,2039957,0.00040976,34.00000000,0
1531162696437,1531162696432,2039958,0.00040946,26.00000000,1
1531162697031,1531162697027,2039959,0.00040946,27.00000000,1
1531162738772,1531162738770,2039960,0.00040817,18.00000000,1
1531162738772,1531162738770,2039961,0.00040790,4.00000000,1
1531162762710,1531162762704,2039962,0.00040797,18.00000000,1
1531162804139,1531162804135,2039963,0.00040801,19.00000000,1
1531162839211,1531162839207,2039964,0.00040900,6.00000000,1
1531162899941,1531162899936,2039965,0.00040900,75.00000000,1
1531162907756,1531162907750,2039966,0.00040899,18.00000000,0
1531162907756,1531162907750,2039967,0.00040900,25.00000000,0
1531162907756,1531162907750,2039968,0.00040952,40.00000000,0
1531162907756,1531162907750,2039969,0.00040954,20.00000000,0
1531162912646,1531162912640,2039970,0.00040954,10.00000000,1
1531162926978,1531162926973,2039971,0.00040900,179.00000000,0
1531162939695,1531162939691,2039972,0.00040900,127.00000000,0
1531162945894,1531162945888,2039973,0.00040900,54.00000000,0
1531162975856,1531162975851,2039974,0.00040941,12.00000000,0
1531162982981,1531162982976,2039975,0.00040850,59.00000000,1
1531162982981,1531162982976,2039976,0.00040849,68.00000000,1
1531162982981,1531162982976,2039977,0.00040831,19.00000000,1
1531162982981,1531162982976,2039978,0.00040830,63.00000000,1
1531162982981,1531162982976,2039979,0.00040821,4.00000000,1
1531162982981,1531162982976,2039980,0.00040799,27.00000000,1
1531162982981,1531162982976,2039981,0.00040779,20.00000000,1
1531162982981,1531162982976,2039982,0.00040741,14.00000000,1
1531162982981,1531162982976,2039983,0.00040739,30.00000000,1
1531162982981,1531162982976,2039984,0.00040738,199.00000000,1
1531162982998,1531162982994,2039985,0.00040654,56.00000000,1
1531162982998,1531162982994,2039986,0.00040613,3.00000000,1
1531162983002,1531162982994,2039987,0.00040613,191.00000000,1
1531162983002,1531162982994,2039988,0.00040579,26.00000000,1
1531162983002,1531162982994,2039989,0.00040571,4.00000000,1
1531162983002,1531162982994,2039990,0.00040570,8.00000000,1
1531162983002,1531162982994,2039991,0.00040565,14.00000000,1
1531162983002,1531162982994,2039992,0.00040544,5.00000000,1
1531162983002,1531162982994,2039993,0.00040543,4.00000000,1
1531162983002,1531162982994,2039994,0.00040542,4.00000000,1
1531162983002,1531162982994,2039995,0.00040532,15.00000000,1
1531162983002,1531162982994,2039996,0.00040528,9.00000000,1
1531162983002,1531162982994,2039997,0.00040527,13.00000000,1
1531162983002,1531162982994,2039998,0.00040502,7.00000000,1
1531162983002,1531162982994,2039999,0.00040501,11.00000000,1
1531162983002,1531162982994,2040000,0.00040500,10.00000000,1
1531162983018,1531162983012,2040001,0.00040491,21.00000000,1
1531162983037,1531162983032,2040002,0.00040500,24.00000000,0
1531162983038,1531162983032,2040003,0.00040500,479.00000000,0
1531162983078,1531162983072,2040004,0.00040491,17.00000000,1
1531162983112,1531162983108,2040005,0.00040500,88.00000000,0
1531162983144,1531162983141,2040006,0.00040500,228.00000000,0
1531162983150,1531162983144,2040007,0.00040491,8.00000000,1
1531162983150,1531162983144,2040008,0.00040488,14.00000000,1
1531162983150,1531162983144,2040009,0.00040485,9.00000000,1
1531162985029,1531162985024,2040010,0.00040495,53.00000000,0
1531162985201,1531162985195,2040011,0.00040495,10.00000000,0
1531162985201,1531162985195,2040012,0.00040500,30.00000000,0
1531162987019,1531162987014,2040013,0.00040473,3.00000000,1
1531162987274,1531162987270,2040014,0.00040473,3.00000000,0
1531162988589,1531162988583,2040015,0.00040473,130.00000000,0
1531162989207,1531162989202,2040016,0.00040470,4.00000000,1
1531162989208,1531162989202,2040017,0.00040469,58.00000000,1
1531162990037,1531162990033,2040018,0.00040469,3.00000000,0
1531162994685,1531162994680,2040019,0.00040462,26.00000000,0
1531162996731,1531162996727,2040020,0.00040462,36.00000000,0
1531162996731,1531162996727,2040021,0.00040465,38.00000000,0
1531162997503,1531162997497,2040022,0.00040465,21.00000000,0
1531163001895,1531163001885,2040023,0.00040467,45.00000000,0
1531163001953,1531163001947,2040024,0.00040467,28.00000000,0
1531163001988,1531163001985,2040025,0.00040467,45.00000000,1
1531163002490,1531163002485,2040026,0.00040462,25.00000000,1
1531163016593,1531163016588,2040027,0.00040468,6.00000000,0
1531163018154,1531163018149,2040028,0.00040468,4.00000000,1
1531163025368,1531163025363,2040029,0.00040469,55.00000000,0
1531163039128,1531163039123,2040030,0.00040463,35.00000000,1
1531163058744,1531163058739,2040031,0.00040469,4.00000000,0
1531163064738,1531163064732,2040032,0.00040469,2.00000000,0
1531163094013,1531163094010,2040033,0.00040440,6.00000000,1
1531163094013,1531163094010,2040034,0.00040410,14.00000000,1
1531163094013,1531163094010,2040035,0.00040403,21.00000000,1
1531163094013,1531163094010,2040036,0.00040388,616.00000000,1
1531163095059,1531163095057,2040037,0.00040464,24.00000000,0
1531163095543,1531163095538,2040038,0.00040388,6.00000000,1
1531163187831,1531163187826,2040039,0.00040406,59.00000000,1
1531163187831,1531163187826,2040040,0.00040389,764.00000000,1
1531163187831,1531163187826,2040041,0.00040388,377.00000000,1
1531163204789,1531163204784,2040042,0.00040404,3.00000000,0
1531163215290,1531163215284,2040043,0.00040404,4.00000000,0
1531163245067,1531163245062,2040044,0.00040404,4.00000000,0
1531163254098,1531163254094,2040045,0.00040388,136.00000000,1
1531163256919,1531163256916,2040046,0.00040388,71.00000000,1
1531163285593,1531163285587,2040047,0.00040404,5.00000000,0
1531163285593,1531163285587,2040048,0.00040464,55.00000000,0
1531163289276,1531163289271,2040049,0.00040464,5.00000000,0
1531163293205,1531163293200,2040050,0.00040463,181.00000000,0
1531163293232,1531163293227,2040051,0.00040464,24.00000000,0
1531163293306,1531163293300,2040052,0.00040388,20.00000000,1
1531163293320,1531163293315,2040053,0.00040388,181.00000000,1
1531163295922,1531163295919,2040054,0.00040458,3.00000000,0
1531163304825,1531163304819,2040055,0.00040388,126.00000000,1
1531163306272,1531163306266,2040056,0.00040458,21.00000000,0
1531163313989,1531163313985,2040057,0.00040458,610.00000000,1
1531163324507,1531163324500,2040058,0.00040458,80.00000000,1
1531163324507,1531163324500,2040059,0.00040388,89.00000000,1
1531163325039,1531163325033,2040060,0.00040445,14.00000000,0
1531163325039,1531163325033,2040061,0.00040469,17.00000000,0
1531163343780,1531163343777,2040062,0.00040388,21.00000000,1
1531163361896,1531163361891,2040063,0.00040469,4.00000000,0
1531163414462,1531163414457,2040064,0.00040469,7.00000000,0
1531163417596,1531163417590,2040065,0.00040469,12.00000000,0
1531163471002,1531163470996,2040066,0.00040391,59.00000000,1
1531163521619,1531163521614,2040067,0.00040390,49.00000000,1
1531163521619,1531163521614,2040068,0.00040389,25.00000000,1
1531163521619,1531163521614,2040069,0.00040388,126.00000000,1
1531163556000,1531163555992,2040070,0.00040391,16.00000000,0
1531163582249,1531163582246,2040071,0.00040391,2.00000000,0
1531163591066,1531163591059,2040072,0.00040465,59.00000000,0
1531163591066,1531163591059,2040073,0.00040467,113.00000000,0
1531163591066,1531163591059,2040074,0.00040469,33.00000000,0
1531163591066,1531163591059,2040075,0.00040470,21.00000000,0
1531163592154,1531163592148,2040076,0.00040470,25.00000000,1
1531163601122,1531163601117,2040077,0.00040470,6.00000000,1
1531163625744,1531163625738,2040078,0.00040470,5.00000000,1
1531163667987,1531163667982,2040079,0.00040470,43.00000000,1
1531163671322,1531163671316,2040080,0.00040500,1.00000000,0
1531163677228,1531163677223,2040081,0.00040500,4.00000000,0
1531163769073,1531163769067,2040082,0.00040404,21.00000000,1
1531163769073,1531163769067,2040083,0.00040403,7.00000000,1
1531163774644,1531163774636,2040084,0.00040500,20.00000000,0
1531163780029,1531163780024,2040085,0.00040500,250.00000000,0
1531163809550,1531163809544,2040086,0.00040500,17.00000000,0
1531163809580,1531163809575,2040087,0.00040500,17.00000000,0
1531163809618,1531163809612,2040088,0.00040500,17.00000000,0
1531163860129,1531163860125,2040089,0.00040403,3.00000000,1
1531163891307,1531163891302,2040090,0.00040405,2.00000000,1
1531163927928,1531163927921,2040091,0.00040403,75.00000000,1
1531163927928,1531163927921,2040092,0.00040388,1118.00000000,1
1531163928153,1531163928147,2040093,0.00040369,3.00000000,1
1531163928153,1531163928147,2040094,0.00040361,10.00000000,1
1531163929179,1531163929173,2040095,0.00040354,62.00000000,1
1531163931093,1531163931087,2040096,0.00040346,13.00000000,1
1531163931093,1531163931087,2040097,0.00040324,15.00000000,1
1531163932166,1531163932159,2040098,0.00040324,94.00000000,1
1531163932717,1531163932715,2040099,0.00040323,14.00000000,1
1531163933035,1531163933030,2040100,0.00040323,4.00000000,1
1531163933075,1531163933071,2040101,0.00040348,4.00000000,0
1531163933075,1531163933071,2040102,0.00040388,122.00000000,0
1531163934433,1531163934431,2040103,0.00040323,3.00000000,1
1531163934433,1531163934431,2040104,0.00040318,3.00000000,1
1531163935178,1531163935176,2040105,0.00040300,12.00000000,1
1531163935180,1531163935176,2040106,0.00040298,3.00000000,1
1531163935180,1531163935176,2040107,0.00040262,5.00000000,1
1531163935180,1531163935176,2040108,0.00040242,5.00000000,1
1531163935180,1531163935176,2040109,0.00040237,3.00000000,1
1531163935180,1531163935176,2040110,0.00040190,65.00000000,1
1531163935180,1531163935176,2040111,0.00040179,5.00000000,1
1531163935180,1531163935176,2040112,0.00040178,58.00000000,1
1531163935192,1531163935186,2040113,0.00040200,16.00000000,0
1531163935196,1531163935191,2040114,0.00040200,474.00000000,0
1531163935208,1531163935204,2040115,0.00040200,17.00000000,0
1531163935220,1531163935214,2040116,0.00040200,17.00000000,0
1531163935232,1531163935227,2040117,0.00040200,17.00000000,0
1531163935233,1531163935228,2040118,0.00040200,17.00000000,0
1531163935245,1531163935240,2040119,0.00040200,17.00000000,0
1531163936007,1531163936001,2040120,0.00040200,17.00000000,0
1531163936690,1531163936686,2040121,0.00040178,6.00000000,1
1531163936778,1531163936774,2040122,0.00040200,122.00000000,0
1531163936858,1531163936853,2040123,0.00040178,17.00000000,1
1531163936988,1531163936982,2040124,0.00040178,17.00000000,1
1531163938175,1531163938168,2040125,0.00040207,70.00000000,0
1531163938479,1531163938473,2040126,0.00040178,8.00000000,1
1531163939317,1531163939308,2040127,0.00040178,14.00000000,1
1531163943616,1531163943611,2040128,0.00040207,5.00000000,0
1531163945439,1531163945433,2040129,0.00040207,4.00000000,0
1531163951393,1531163951389,2040130,0.00040178,48.00000000,1
1531163953127,1531163953122,2040131,0.00040178,5.00000000,1
1531163970442,1531163970437,2040132,0.00040178,7.00000000,1
1531163972672,1531163972666,2040133,0.00040178,25.00000000,1
1531163989044,1531163989039,2040134,0.00040207,3.00000000,0
1531163992282,1531163992275,2040135,0.00040207,50.00000000,0
1531163992282,1531163992275,2040136,0.00040269,21.00000000,0
1531163992318,1531163992313,2040137,0.00040296,60.00000000,1
1531163992654,1531163992648,2040138,0.00040296,17.00000000,1
1531163992707,1531163992700,2040139,0.00040296,52.00000000,1
1531163993929,1531163993925,2040140,0.00040296,17.00000000,1
1531163996020,1531163996015,2040141,0.00040346,5.00000000,0
1531164013417,1531164013412,2040142,0.00040345,25.00000000,0
1531164028071,1531164028066,2040143,0.00040240,21.00000000,1
1531164028071,1531164028066,2040144,0.00040207,5.00000000,1
1531164028071,1531164028066,2040145,0.00040178,5.00000000,1
1531164032530,1531164032524,2040146,0.00040340,29.00000000,0
1531164093750,1531164093746,2040147,0.00040181,16.00000000,1
1531164093750,1531164093746,2040148,0.00040180,9.00000000,1
1531164096511,1531164096505,2040149,0.00040180,12.00000000,1
1531164096511,1531164096505,2040150,0.00040178,10.00000000,1
1531164096511,1531164096505,2040151,0.00040128,3.00000000,1
1531164096511,1531164096505,2040152,0.00040123,3.00000000,1
1531164096511,1531164096505,2040153,0.00040101,214.00000000,1
1531164096511,1531164096505,2040154,0.00040100,167.00000000,1
1531164096511,1531164096505,2040155,0.00040100,132.00000000,1
1531164099091,1531164099086,2040156,0.00040180,1.00000000,0
1531164100087,1531164100082,2040157,0.00040180,12.00000000,0
1531164123193,1531164123188,2040158,0.00040138,5.00000000,0
1531164126278,1531164126276,2040159,0.00040138,4.00000000,0
1531164157469,1531164157466,2040160,0.00040101,3.00000000,1
1531164168691,1531164168685,2040161,0.00040101,5.00000000,1
1531164172147,1531164172142,2040162,0.00040138,7.00000000,0
1531164192836,1531164192829,2040163,0.00040138,44.00000000,1
1531164192836,1531164192829,2040164,0.00040101,25.00000000,1
1531164192836,1531164192829,2040165,0.00040100,197.00000000,1
1531164193186,1531164193182,2040166,0.00040100,4.00000000,0
1531164194417,1531164194412,2040167,0.00040100,16.00000000,0
1531164215981,1531164215976,2040168,0.00040090,48.00000000,1
1531164225806,1531164225799,2040169,0.00040100,66.00000000,0
1531164242563,1531164242557,2040170,0.00040100,1.00000000,0
1531164242563,1531164242557,2040171,0.00040180,190.00000000,0
1531164294961,1531164294958,2040172,0.00040109,64.00000000,1
1531164294961,1531164294958,2040173,0.00040090,18.00000000,1
1531164302302,1531164302299,2040174,0.00040219,5.00000000,0
1531164315106,1531164315101,2040175,0.00040139,13.00000000,0
1531164357254,1531164357249,2040176,0.00040140,100.00000000,1
1531164378947,1531164378944,2040177,0.00040217,22.00000000,0
1531164378961,1531164378955,2040178,0.00040221,21.00000000,0
1531164378961,1531164378955,2040179,0.00040340,13.00000000,0
1531164378961,1531164378955,2040180,0.00040346,7.00000000,0
1531164378961,1531164378955,2040181,0.00040373,39.00000000,0
1531164379929,1531164379927,2040182,0.00040217,44.00000000,1
1531164379965,1531164379959,2040183,0.00040217,7.00000000,0
1531164481803,1531164481799,2040184,0.00040299,22.00000000,1
1531164502849,1531164502842,2040185,0.00040329,55.00000000,0
1531164502849,1531164502842,2040186,0.00040330,18.00000000,0
1531164502849,1531164502842,2040187,0.00040367,48.00000000,0
1531164502849,1531164502842,2040188,0.00040373,21.00000000,0
1531164502849,1531164502842,2040189,0.00040459,2.00000000,0
1531164506459,1531164506453,2040190,0.00040459,4.00000000,0
1531164517217,1531164517210,2040191,0.00040220,16.00000000,1
1531164517217,1531164517210,2040192,0.00040219,25.00000000,1
1531164517217,1531164517210,2040193,0.00040217,61.00000000,1
1531164517217,1531164517210,2040194,0.00040211,21.00000000,1
1531164517217,1531164517210,2040195,0.00040140,215.00000000,1
1531164517217,1531164517210,2040196,0.00040139,501.00000000,1
1531164532175,1531164532173,2040197,0.00040133,16.00000000,0
1531164549813,1531164549807,2040198,0.00040138,5.00000000,0
1531164573121,1531164573116,2040199,0.00040137,20.00000000,0
1531164573935,1531164573930,2040200,0.00040092,55.00000000,1
1531164573974,1531164573971,2040201,0.00040091,9.00000000,0
1531164573976,1531164573971,2040202,0.00040091,20.00000000,0
1531164574423,1531164574420,2040203,0.00040091,9.00000000,0
1531164593545,1531164593541,2040204,0.00040194,3.00000000,0
1531164594753,1531164594747,2040205,0.00040091,55.00000000,1
1531164596487,1531164596482,2040206,0.00040091,5.00000000,0
1531164628503,1531164628496,2040207,0.00040091,188.00000000,0
1531164640061,1531164640055,2040208,0.00040091,2913.00000000,0
1531164642181,1531164642174,2040209,0.00040090,134.00000000,1
1531164642181,1531164642174,2040210,0.00040089,11.00000000,1
1531164642181,1531164642174,2040211,0.00040068,164.00000000,1
1531164642181,1531164642174,2040212,0.00040049,6.00000000,1
1531164642181,1531164642174,2040213,0.00040037,50.00000000,1
1531164642181,1531164642174,2040214,0.00040035,500.00000000,1
1531164642181,1531164642174,2040215,0.00040034,21.00000000,1
1531164642181,1531164642174,2040216,0.00040003,50.00000000,1
1531164642968,1531164642962,2040217,0.00040194,18.00000000,0
1531164642968,1531164642962,2040218,0.00040338,20.00000000,0
1531164642968,1531164642962,2040219,0.00040359,16.00000000,0
1531164643484,1531164643480,2040220,0.00040358,17.00000000,0
1531164648808,1531164648803,2040221,0.00040144,21.00000000,1
1531164648808,1531164648803,2040222,0.00040092,43.00000000,1
1531164648808,1531164648803,2040223,0.00040091,17.00000000,1
1531164648808,1531164648803,2040224,0.00040030,14.00000000,1
1531164648808,1531164648803,2040225,0.00040003,87.00000000,1
1531164650408,1531164650402,2040226,0.00040166,14.00000000,0
1531164699668,1531164699666,2040227,0.00040091,23.00000000,1
1531164717866,1531164717863,2040228,0.00040142,10.00000000,1
1531164717867,1531164717863,2040229,0.00040074,10.00000000,1
1531164720103,1531164720099,2040230,0.00040137,10.00000000,0
1531164728017,1531164728011,2040231,0.00040232,249.00000000,0
1531164734989,1531164734983,2040232,0.00040234,21.00000000,0
1531164797128,1531164797123,2040233,0.00040234,14.00000000,1
1531164806655,1531164806650,2040234,0.00040234,138.00000000,1
1531164824132,1531164824127,2040235,0.00040329,16.00000000,0
1531164824132,1531164824127,2040236,0.00040330,38.00000000,0
1531164828506,1531164828499,2040237,0.00040338,10.00000000,0
1531164828506,1531164828499,2040238,0.00040357,7.00000000,0
1531164837937,1531164837933,2040239,0.00040235,4.00000000,1
1531164841594,1531164841591,2040240,0.00040354,2.00000000,0
1531164865307,1531164865302,2040241,0.00040260,172.00000000,1
1531164880518,1531164880513,2040242,0.00040339,4.00000000,0
1531164880518,1531164880513,2040243,0.00040340,5.00000000,0
1531164892732,1531164892726,2040244,0.00040339,5.00000000,0
1531164895148,1531164895142,2040245,0.00040339,38.00000000,0
1531164913877,1531164913872,2040246,0.00040340,10.00000000,1
1531164919288,1531164919285,2040247,0.00040340,2.00000000,1
1531164930108,1531164930100,2040248,0.00040350,2.00000000,1
1531164932693,1531164932687,2040249,0.00040357,10.00000000,0
1531164952927,1531164952921,2040250,0.00040359,34.00000000,0
1531164953507,1531164953503,2040251,0.00040400,5.00000000,0
1531164953536,1531164953531,2040252,0.00040400,16.00000000,1
1531164953564,1531164953563,2040253,0.00040400,5.00000000,1
1531164953565,1531164953563,2040254,0.00040400,3.00000000,1
1531164966106,1531164966101,2040255,0.00040488,4.00000000,0
1531164971703,1531164971698,2040256,0.00040400,5.00000000,1
1531164982363,1531164982357,2040257,0.00040485,194.00000000,0
1531164982363,1531164982357,2040258,0.00040487,200.00000000,0
1531164982363,1531164982357,2040259,0.00040490,21.00000000,0
1531164982363,1531164982357,2040260,0.00040500,1110.00000000,0
1531164982363,1531164982357,2040261,0.00040503,3.00000000,0
1531164982376,1531164982370,2040262,0.00040503,78.00000000,1
1531164990448,1531164990442,2040263,0.00040406,9.00000000,1
1531165005848,1531165005844,2040264,0.00040503,3.00000000,1
1531165007334,1531165007330,2040265,0.00040411,5.00000000,1
1531165008907,1531165008905,2040266,0.00040411,9.00000000,1
1531165011296,1531165011290,2040267,0.00040486,126.00000000,1
1531165011306,1531165011301,2040268,0.00040411,126.00000000,1
1531165012400,1531165012365,2040269,0.00040411,25.00000000,1
1531165025205,1531165025199,2040270,0.00040450,11.00000000,1
1531165033659,1531165033653,2040271,0.00040513,3.00000000,0
1531165033696,1531165033695,2040272,0.00040520,20.00000000,1
1531165033786,1531165033780,2040273,0.00040520,12.00000000,1
1531165038147,1531165038142,2040274,0.00040520,4.00000000,1
1531165042231,1531165042226,2040275,0.00040520,3.00000000,1
1531165044895,1531165044892,2040276,0.00040520,4.00000000,1
1531165047383,1531165047380,2040277,0.00040520,25.00000000,1
1531165048977,1531165048971,2040278,0.00040520,12.00000000,1
1531165057214,1531165057207,2040279,0.00040520,12.00000000,1
1531165060069,1531165060061,2040280,0.00040543,7.00000000,0
1531165060069,1531165060061,2040281,0.00040563,20.00000000,0
1531165060069,1531165060061,2040282,0.00040606,14.00000000,0
1531165060069,1531165060061,2040283,0.00040612,4.00000000,0
1531165060069,1531165060061,2040284,0.00040655,3.00000000,0
1531165060069,1531165060061,2040285,0.00040689,10.00000000,0
1531165060069,1531165060061,2040286,0.00040693,12.00000000,0
1531165060069,1531165060061,2040287,0.00040698,4.00000000,0
1531165064181,1531165064174,2040288,0.00040698,3.00000000,0
1531165064181,1531165064174,2040289,0.00040700,6.00000000,0
1531165064181,1531165064174,2040290,0.00040707,15.00000000,0
1531165078587,1531165078582,2040291,0.00040700,22.00000000,1
1531165078590,1531165078588,2040292,0.00040700,84.00000000,1
1531165078590,1531165078588,2040293,0.00040533,11.00000000,1
1531165103044,1531165103039,2040294,0.00040548,16.00000000,1
1531165119351,1531165119345,2040295,0.00040552,10.00000000,1
1531165135463,1531165135460,2040296,0.00040703,4.00000000,0
1531165140585,1531165140579,2040297,0.00040700,24.00000000,0
1531165140585,1531165140579,2040298,0.00040701,7.00000000,0
1531165140585,1531165140579,2040299,0.00040702,110.00000000,0
1531165141782,1531165141775,2040300,0.00040705,17.00000000,1
1531165146315,1531165146311,2040301,0.00040705,346.00000000,1
1531165149229,1531165149226,2040302,0.00040600,147.00000000,1
1531165149853,1531165149848,2040303,0.00040601,3.00000000,1
1531165153043,1531165153039,2040304,0.00040600,4.00000000,1
1531165156283,1531165156278,2040305,0.00040703,54.00000000,0
1531165156622,1531165156616,2040306,0.00040704,3.00000000,1
1531165158103,1531165158097,2040307,0.00040705,85.00000000,0
1531165162314,1531165162311,2040308,0.00040705,91.00000000,1
1531165164528,1531165164527,2040309,0.00040708,53.00000000,0
1531165165473,1531165165468,2040310,0.00040708,1.00000000,0
1531165165473,1531165165468,2040311,0.00040709,6.00000000,0
1531165165473,1531165165468,2040312,0.00040710,9.00000000,0
1531165171480,1531165171475,2040313,0.00040714,4.00000000,0
1531165171480,1531165171475,2040314,0.00040734,190.00000000,0
1531165171480,1531165171475,2040315,0.00040735,11.00000000,0
1531165172551,1531165172545,2040316,0.00040735,7.00000000,1
1531165173832,1531165173827,2040317,0.00040737,24.00000000,0
1531165173832,1531165173827,2040318,0.00040738,108.00000000,0
1531165175315,1531165175308,2040319,0.00040738,13.00000000,0
1531165182757,1531165182751,2040320,0.00040753,8.00000000,0
1531165185300,1531165185295,2040321,0.00040753,5.00000000,1
1531165187371,1531165187366,2040322,0.00040783,10.00000000,0
1531165187371,1531165187366,2040323,0.00040785,11.00000000,0
1531165189813,1531165189806,2040324,0.00040785,3.00000000,1
1531165189898,1531165189892,2040325,0.00040785,50.00000000,1
1531165191818,1531165191814,2040326,0.00040753,3.00000000,1
1531165196188,1531165196181,2040327,0.00040791,27.00000000,0
1531165196215,1531165196208,2040328,0.00040791,6.00000000,1
1531165196236,1531165196229,2040329,0.00040791,9.00000000,1
1531165196321,1531165196314,2040330,0.00040791,13.00000000,1
1531165199592,1531165199586,2040331,0.00040792,4.00000000,0
1531165203191,1531165203185,2040332,0.00040798,19.00000000,0
1531165205119,1531165205112,2040333,0.00040799,35.00000000,0
1531165205119,1531165205112,2040334,0.00040819,54.00000000,0
1531165206516,1531165206510,2040335,0.00040819,24.00000000,0
1531165208369,1531165208364,2040336,0.00040819,23.00000000,0
1531165210541,1531165210536,2040337,0.00040798,3.00000000,1
1531165210919,1531165210913,2040338,0.00040819,36.00000000,0
1531165212142,1531165212136,2040339,0.00040798,4.00000000,1
1531165213738,1531165213733,2040340,0.00040798,3.00000000,1
1531165214665,1531165214659,2040341,0.00040819,18.00000000,0
1531165214665,1531165214659,2040342,0.00040857,18.00000000,0
1531165216213,1531165216209,2040343,0.00040799,3.00000000,1
1531165217797,1531165217793,2040344,0.00040799,3.00000000,1
1531165227605,1531165227598,2040345,0.00040856,3.00000000,0
1531165227890,1531165227884,2040346,0.00040856,3.00000000,0
1531165230976,1531165230970,2040347,0.00040857,38.00000000,0
1531165230976,1531165230970,2040348,0.00040891,109.00000000,0
1531165230976,1531165230970,2040349,0.00040892,23.00000000,0
1531165230976,1531165230970,2040350,0.00040896,8.00000000,0
1531165237521,1531165237517,2040351,0.00040896,20.00000000,0
1531165237537,1531165237532,2040352,0.00040900,70.00000000,1
1531165237858,1531165237855,2040353,0.00040900,16.00000000,1
1531165238474,1531165238469,2040354,0.00040900,641.00000000,1
1531165240472,1531165240466,2040355,0.00040896,30.00000000,1
1531165241150,1531165241143,2040356,0.00040798,7.00000000,1
1531165241150,1531165241143,2040357,0.00040793,9.00000000,1
1531165241470,1531165241464,2040358,0.00040799,4.00000000,1
1531165247535,1531165247530,2040359,0.00040903,4.00000000,0
1531165247535,1531165247530,2040360,0.00040904,3.00000000,0
1531165247535,1531165247530,2040361,0.00040932,3.00000000,0
1531165247535,1531165247530,2040362,0.00040941,9.00000000,0
1531165253466,1531165253462,2040363,0.00040941,10.00000000,0
1531165254348,1531165254342,2040364,0.00040964,133.00000000,0
1531165258320,1531165258314,2040365,0.00040964,61.00000000,0
1531165266556,1531165266551,2040366,0.00040799,6.00000000,1
1531165278058,1531165278052,2040367,0.00040963,364.00000000,0
1531165280331,1531165280328,2040368,0.00040963,16.00000000,0
1531165280573,1531165280567,2040369,0.00040964,12.00000000,1
1531165281323,1531165281318,2040370,0.00040964,363.00000000,1
1531165287277,1531165287273,2040371,0.00040795,6.00000000,1
1531165289033,1531165289027,2040372,0.00040796,16.00000000,1
1531165289034,1531165289027,2040373,0.00040795,9.00000000,1
1531165359524,1531165359517,2040374,0.00040791,4.00000000,1
1531165359524,1531165359517,2040375,0.00040735,21.00000000,1
1531165366396,1531165366389,2040376,0.00040939,3.00000000,0
1531165368487,1531165368484,2040377,0.00040854,8.00000000,1
1531165382364,1531165382360,2040378,0.00040932,2.00000000,0
1531165397309,1531165397304,2040379,0.00040925,13.00000000,0
1531165398339,1531165398334,2040380,0.00040932,7.00000000,1
1531165405075,1531165405072,2040381,0.00040769,3.00000000,1
1531165406307,1531165406302,2040382,0.00040970,3.00000000,0
1531165409341,1531165409335,2040383,0.00040932,232.00000000,1
1531165438689,1531165438683,2040384,0.00040768,31.00000000,1
1531165447655,1531165447650,2040385,0.00040709,3.00000000,1
1531165447675,1531165447669,2040386,0.00040709,7.00000000,0
1531165447675,1531165447669,2040387,0.00040725,3.00000000,0
1531165447675,1531165447669,2040388,0.00040726,9.00000000,0
1531165453917,1531165453912,2040389,0.00040768,24.00000000,0
1531165498079,1531165498073,2040390,0.00040768,90.00000000,0
1531165505863,1531165505857,2040391,0.00040890,4.00000000,0
1531165542055,1531165542049,2040392,0.00040890,4.00000000,0
1531165544308,1531165544303,2040393,0.00040890,5.00000000,0
1531165545344,1531165545337,2040394,0.00040890,44.00000000,1
1531165552358,1531165552352,2040395,0.00040891,5.00000000,1
1531165556358,1531165556353,2040396,0.00040890,150.00000000,1
1531165569613,1531165569606,2040397,0.00040890,4.00000000,0
1531165569613,1531165569606,2040398,0.00040931,10.00000000,0
1531165569613,1531165569606,2040399,0.00040932,23.00000000,0
1531165569613,1531165569606,2040400,0.00040955,19.00000000,0
1531165569613,1531165569606,2040401,0.00040968,6.00000000,0
1531165577894,1531165577887,2040402,0.00040773,16.00000000,1
1531165577894,1531165577887,2040403,0.00040663,3.00000000,1
1531165577894,1531165577887,2040404,0.00040646,600.00000000,1
1531165588061,1531165588058,2040405,0.00040956,3.00000000,0
1531165608358,1531165608352,2040406,0.00040809,3.00000000,1
1531165635802,1531165635795,2040407,0.00040691,20.00000000,1
1531165635802,1531165635795,2040408,0.00040672,52.00000000,1
1531165635802,1531165635795,2040409,0.00040671,23.00000000,1
1531165635802,1531165635795,2040410,0.00040668,269.00000000,1
1531165638424,1531165638416,2040411,0.00040692,23.00000000,1
1531165638424,1531165638416,2040412,0.00040691,481.00000000,1
1531165638424,1531165638416,2040413,0.00040668,481.00000000,1
1531165638424,1531165638416,2040414,0.00040664,438.00000000,1
1531165638424,1531165638416,2040415,0.00040645,56.00000000,1
1531165638424,1531165638416,2040416,0.00040640,4.00000000,1
1531165638424,1531165638416,2040417,0.00040639,13.00000000,1
1531165638424,1531165638416,2040418,0.00040637,3.00000000,1
1531165638424,1531165638416,2040419,0.00040625,13.00000000,1
1531165638424,1531165638416,2040420,0.00040600,147.00000000,1
1531165638424,1531165638416,2040421,0.00040562,14.00000000,1
1531165638424,1531165638416,2040422,0.00040558,10.00000000,1
1531165638424,1531165638416,2040423,0.00040557,11.00000000,1
1531165638424,1531165638416,2040424,0.00040552,3.00000000,1
1531165638424,1531165638416,2040425,0.00040550,3.00000000,1
1531165638424,1531165638416,2040426,0.00040547,10.00000000,1
1531165638424,1531165638416,2040427,0.00040546,11.00000000,1
1531165638424,1531165638416,2040428,0.00040536,14.00000000,1
1531165638424,1531165638416,2040429,0.00040530,12.00000000,1
1531165638424,1531165638416,2040430,0.00040529,14.00000000,1
1531165638424,1531165638416,2040431,0.00040528,11.00000000,1
1531165638424,1531165638416,2040432,0.00040527,39.00000000,1
1531165638424,1531165638416,2040433,0.00040524,14.00000000,1
1531165638424,1531165638416,2040434,0.00040520,12.00000000,1
1531165638424,1531165638416,2040435,0.00040516,11.00000000,1
1531165638424,1531165638416,2040436,0.00040500,54.00000000,1
1531165638445,1531165638438,2040437,0.00040500,88.00000000,0
1531165638453,1531165638447,2040438,0.00040500,87.00000000,0
1531165638454,1531165638447,2040439,0.00040500,269.00000000,0
1531165638457,1531165638451,2040440,0.00040500,20.00000000,0
1531165638472,1531165638467,2040441,0.00040500,88.00000000,0
1531165638482,1531165638476,2040442,0.00040500,31.00000000,0
1531165638682,1531165638676,2040443,0.00040491,76.00000000,1
1531165638713,1531165638706,2040444,0.00040491,11.00000000,1
1531165638751,1531165638746,2040445,0.00040489,9.00000000,1
1531165638792,1531165638784,2040446,0.00040489,5.00000000,1
1531165638792,1531165638784,2040447,0.00040478,3.00000000,1
1531165638792,1531165638784,2040448,0.00040473,8.00000000,1
1531165638809,1531165638806,2040449,0.00040473,6.00000000,1
1531165638809,1531165638806,2040450,0.00040470,5.00000000,1
1531165640371,1531165640366,2040451,0.00040466,14.00000000,1
1531165642364,1531165642357,2040452,0.00040463,5.00000000,1
1531165644351,1531165644345,2040453,0.00040445,19.00000000,1
1531165645358,1531165645351,2040454,0.00040434,14.00000000,1
1531165650354,1531165650348,2040455,0.00040389,21.00000000,1
1531165651454,1531165651447,2040456,0.00040386,3.00000000,1
1531165655438,1531165655430,2040457,0.00040362,3.00000000,1
1531165655438,1531165655430,2040458,0.00040355,9.00000000,1
1531165655438,1531165655430,2040459,0.00040331,50.00000000,1
1531165655438,1531165655430,2040460,0.00040330,12.00000000,1
1531165656977,1531165656971,2040461,0.00040481,7.00000000,0
1531165686358,1531165686352,2040462,0.00040449,52.00000000,0
1531165686358,1531165686352,2040463,0.00040450,198.00000000,0
1531165708147,1531165708143,2040464,0.00040319,7.00000000,1
1531165708733,1531165708728,2040465,0.00040319,3.00000000,1
1531165718693,1531165718688,2040466,0.00040475,2.00000000,0
1531165729930,1531165729907,2040467,0.00040326,199.00000000,1
1531165729930,1531165729907,2040468,0.00040325,23.00000000,1
1531165729930,1531165729907,2040469,0.00040319,11.00000000,1
1531165729930,1531165729907,2040470,0.00040300,29.00000000,1
1531165729930,1531165729907,2040471,0.00040234,44.00000000,1
1531165729930,1531165729907,2040472,0.00040220,6.00000000,1
1531165729930,1531165729907,2040473,0.00040207,12.00000000,1
1531165729930,1531165729907,2040474,0.00040205,3.00000000,1
1531165729930,1531165729907,2040475,0.00040167,3.00000000,1
1531165729930,1531165729907,2040476,0.00040163,7.00000000,1
1531165729930,1531165729907,2040477,0.00040157,3.00000000,1
1531165729930,1531165729907,2040478,0.00040119,14.00000000,1
1531165729931,1531165729907,2040479,0.00040114,35.00000000,1
1531165729931,1531165729907,2040480,0.00040095,10.00000000,1
1531165729931,1531165729907,2040481,0.00040088,14.00000000,1
1531165729931,1531165729907,2040482,0.00040084,14.00000000,1
1531165729931,1531165729907,2040483,0.00040082,9.00000000,1
1531165729931,1531165729907,2040484,0.00040081,14.00000000,1
1531165729931,1531165729907,2040485,0.00040080,3.00000000,1
1531165729931,1531165729907,2040486,0.00040077,10.00000000,1
1531165729931,1531165729907,2040487,0.00040075,11.00000000,1
1531165729931,1531165729907,2040488,0.00040074,212.00000000,1
1531165729931,1531165729907,2040489,0.00040073,37.00000000,1
1531165729931,1531165729907,2040490,0.00040072,197.00000000,1
1531165729931,1531165729907,2040491,0.00040055,14.00000000,1
1531165729931,1531165729907,2040492,0.00040040,14.00000000,1
1531165729931,1531165729907,2040493,0.00040039,305.00000000,1
1531165729931,1531165729907,2040494,0.00040038,3.00000000,1
1531165729931,1531165729907,2040495,0.00040035,17.00000000,1
1531165729931,1531165729907,2040496,0.00040034,14.00000000,1
1531165729931,1531165729907,2040497,0.00040026,14.00000000,1
1531165729931,1531165729907,2040498,0.00040024,10.00000000,1
1531165729931,1531165729907,2040499,0.00040022,14.00000000,1
1531165729931,1531165729907,2040500,0.00040021,14.00000000,1
1531165729931,1531165729907,2040501,0.00040020,14.00000000,1
1531165729931,1531165729907,2040502,0.00040019,17.00000000,1
1531165729931,1531165729907,2040503,0.00040017,69.00000000,1
1531165729931,1531165729907,2040504,0.00040016,110.00000000,1
1531165729931,1531165729907,2040505,0.00040014,111.00000000,1
1531165729931,1531165729907,2040506,0.00040013,11.00000000,1
1531165729931,1531165729907,2040507,0.00040010,17.00000000,1
1531165729931,1531165729907,2040508,0.00040009,38.00000000,1
1531165729931,1531165729907,2040509,0.00040008,7.00000000,1
1531165729931,1531165729907,2040510,0.00040003,6.00000000,1
1531165729931,1531165729907,2040511,0.00040002,993.00000000,1
1531165729931,1531165729907,2040512,0.00040001,64.00000000,1
1531165729931,1531165729907,2040513,0.00040000,4061.00000000,1
1531165729931,1531165729907,2040514,0.00039997,14.00000000,1
1531165729931,1531165729907,2040515,0.00039996,4.00000000,1
1531165729931,1531165729907,2040516,0.00039992,3.00000000,1
1531165729932,1531165729907,2040517,0.00039986,14.00000000,1
1531165729932,1531165729907,2040518,0.00039985,12.00000000,1
1531165729932,1531165729907,2040519,0.00039984,11.00000000,1
1531165729932,1531165729907,2040520,0.00039983,3.00000000,1
1531165729932,1531165729907,2040521,0.00039982,59.00000000,1
1531165729932,1531165729907,2040522,0.00039982,77.00000000,1
1531165729933,1531165729907,2040523,0.00039982,7.00000000,1
1531165729933,1531165729907,2040524,0.00039980,9.00000000,1
1531165729940,1531165729907,2040525,0.00039980,115.00000000,1
1531165729940,1531165729907,2040526,0.00039978,3.00000000,1
1531165729940,1531165729907,2040527,0.00039976,45.00000000,1
1531165729940,1531165729907,2040528,0.00039974,5.00000000,1
1531165729940,1531165729907,2040529,0.00039973,11.00000000,1
1531165729940,1531165729907,2040530,0.00039968,12.00000000,1
1531165729940,1531165729907,2040531,0.00039967,23.00000000,1
1531165729940,1531165729907,2040532,0.00039966,24.00000000,1
1531165729940,1531165729907,2040533,0.00039963,14.00000000,1
1531165729940,1531165729907,2040534,0.00039962,8.00000000,1
1531165729940,1531165729907,2040535,0.00039960,3.00000000,1
1531165729940,1531165729907,2040536,0.00039959,24.00000000,1
1531165729940,1531165729907,2040537,0.00039957,65.00000000,1
1531165729940,1531165729907,2040538,0.00039952,16.00000000,1
1531165729940,1531165729907,2040539,0.00039950,8.00000000,1
1531165729940,1531165729907,2040540,0.00039946,131.00000000,1
1531165729940,1531165729907,2040541,0.00039945,5.00000000,1
1531165729940,1531165729907,2040542,0.00039944,32.00000000,1
1531165729953,1531165729947,2040543,0.00039981,34.00000000,0
1531165729954,1531165729947,2040544,0.00039981,225.00000000,0
1531165729955,1531165729949,2040545,0.00039981,34.00000000,0
1531165729965,1531165729960,2040546,0.00039981,225.00000000,0
1531165729967,1531165729961,2040547,0.00039981,33.00000000,0
1531165729985,1531165729982,2040548,0.00039981,34.00000000,0
1531165729986,1531165729982,2040549,0.00039981,34.00000000,0
1531165729989,1531165729983,2040550,0.00039981,89.00000000,0
1531165729989,1531165729983,2040551,0.00039981,64.00000000,0
1531165730008,1531165730002,2040552,0.00039981,96.00000000,0
1531165730073,1531165730069,2040553,0.00039944,2.00000000,1
1531165730087,1531165730083,2040554,0.00039944,9.00000000,1
1531165730149,1531165730143,2040555,0.00039981,12.00000000,0
1531165730185,1531165730179,2040556,0.00039944,89.00000000,1
1531165730213,1531165730207,2040557,0.00039944,64.00000000,1
1531165730245,1531165730240,2040558,0.00039944,17.00000000,1
1531165730813,1531165730807,2040559,0.00039944,75.00000000,1
1531165731046,1531165731039,2040560,0.00039944,21.00000000,1
1531165731125,1531165731120,2040561,0.00039944,17.00000000,1
1531165731142,1531165731136,2040562,0.00039944,84.00000000,1
1531165731152,1531165731151,2040563,0.00039943,14.00000000,1
1531165731171,1531165731164,2040564,0.00039980,14.00000000,0
1531165731257,1531165731251,2040565,0.00039980,9.00000000,0
1531165731257,1531165731251,2040566,0.00039981,5.00000000,0
1531165731334,1531165731328,2040567,0.00039981,14.00000000,0
1531165731524,1531165731518,2040568,0.00039981,14.00000000,0
1531165731875,1531165731868,2040569,0.00039941,3.00000000,1
1531165732366,1531165732361,2040570,0.00039936,5.00000000,1
1531165733459,1531165733455,2040571,0.00039935,5.00000000,1
1531165734306,1531165734300,2040572,0.00039900,36.00000000,1
1531165734306,1531165734300,2040573,0.00039900,34.00000000,1
1531165734395,1531165734388,2040574,0.00039900,14.00000000,1
1531165734475,1531165734469,2040575,0.00039933,6.00000000,0
1531165734475,1531165734469,2040576,0.00039973,53.00000000,0
1531165734495,1531165734491,2040577,0.00039973,20.00000000,0
1531165734499,1531165734495,2040578,0.00039973,59.00000000,0
1531165736188,1531165736182,2040579,0.00039933,9.00000000,0
1531165736188,1531165736182,2040580,0.00039934,11.00000000,0
1531165736275,1531165736272,2040581,0.00039891,3.00000000,1
1531165737370,1531165737364,2040582,0.00039900,6.00000000,1
1531165739382,1531165739377,2040583,0.00039891,85.00000000,1
1531165740203,1531165740200,2040584,0.00039971,29.00000000,0
1531165740203,1531165740200,2040585,0.00039972,23.00000000,0
1531165740605,1531165740600,2040586,0.00039973,22.00000000,1
1531165741033,1531165741027,2040587,0.00039970,2.00000000,0
1531165742550,1531165742546,2040588,0.00039907,14.00000000,1
1531165743107,1531165743101,2040589,0.00039970,22.00000000,0
1531165743192,1531165743186,2040590,0.00039970,19.00000000,0
1531165743192,1531165743186,2040591,0.00039974,75.00000000,0
1531165743192,1531165743186,2040592,0.00039981,24.00000000,0
1531165744590,1531165744584,2040593,0.00039981,125.00000000,0
1531165744590,1531165744584,2040594,0.00039990,34.00000000,0
1531165744590,1531165744584,2040595,0.00039995,29.00000000,0
1531165744590,1531165744584,2040596,0.00040000,11.00000000,0
1531165757058,1531165757050,2040597,0.00039897,35.00000000,1
1531165757058,1531165757050,2040598,0.00039889,3.00000000,1
1531165757058,1531165757050,2040599,0.00039887,3.00000000,1
1531165757058,1531165757050,2040600,0.00039870,12.00000000,1
1531165757058,1531165757050,2040601,0.00039866,25.00000000,1
1531165757058,1531165757050,2040602,0.00039856,3.00000000,1
1531165757058,1531165757050,2040603,0.00039830,69.00000000,1
1531165757058,1531165757050,2040604,0.00039823,6.00000000,1
1531165757058,1531165757050,2040605,0.00039811,190.00000000,1
1531165757058,1531165757050,2040606,0.00039804,42.00000000,1
1531165757058,1531165757050,2040607,0.00039800,581.00000000,1
1531165757058,1531165757050,2040608,0.00039778,54.00000000,1
1531165757152,1531165757146,2040609,0.00039897,35.00000000,1
1531165758374,1531165758372,2040610,0.00039897,5.00000000,1
1531165762807,1531165762806,2040611,0.00039909,16.00000000,0
1531165765433,1531165765428,2040612,0.00039791,12.00000000,1
1531165766142,1531165766137,2040613,0.00039791,11.00000000,1
1531165766298,1531165766293,2040614,0.00039790,52.00000000,0
1531165766706,1531165766700,2040615,0.00039790,52.00000000,0
1531165766712,1531165766706,2040616,0.00039790,23.00000000,0
1531165767293,1531165767292,2040617,0.00039790,10.00000000,0
1531165767459,1531165767455,2040618,0.00039790,85.00000000,0
1531165767760,1531165767755,2040619,0.00039889,5.00000000,0
1531165770600,1531165770594,2040620,0.00039869,3.00000000,0
1531165770600,1531165770594,2040621,0.00039888,2.00000000,0
1531165773483,1531165773476,2040622,0.00039780,234.00000000,1
1531165773483,1531165773476,2040623,0.00039779,44.00000000,1
1531165773483,1531165773476,2040624,0.00039778,134.00000000,1
1531165782719,1531165782714,2040625,0.00039839,7.00000000,0
1531165784918,1531165784912,2040626,0.00039838,45.00000000,0
1531165784918,1531165784912,2040627,0.00039856,3.00000000,0
1531165790366,1531165790360,2040628,0.00039780,3.00000000,0
1531165791044,1531165791041,2040629,0.00039793,14.00000000,1
1531165794127,1531165794123,2040630,0.00039868,3.00000000,0
1531165796321,1531165796315,2040631,0.00039867,24.00000000,0
1531165797281,1531165797274,2040632,0.00039800,23.00000000,1
1531165801139,1531165801135,2040633,0.00039801,3.00000000,1
1531165807433,1531165807426,2040634,0.00039836,17.00000000,0
1531165808545,1531165808539,2040635,0.00039836,12.00000000,0
1531165808545,1531165808539,2040636,0.00039837,5.00000000,0
1531165808545,1531165808539,2040637,0.00039873,27.00000000,0
1531165808545,1531165808539,2040638,0.00039877,11.00000000,0
1531165808545,1531165808539,2040639,0.00039900,126.00000000,0
1531165808545,1531165808539,2040640,0.00039909,1.00000000,0
1531165808545,1531165808539,2040641,0.00039990,5.00000000,0
1531165808545,1531165808539,2040642,0.00039999,18.00000000,0
1531165812451,1531165812446,2040643,0.00039997,6.00000000,0
1531165813013,1531165813010,2040644,0.00039957,13.00000000,0
1531165813013,1531165813010,2040645,0.00039996,12.00000000,0
1531165814718,1531165814712,2040646,0.00039958,8.00000000,0
1531165816519,1531165816514,2040647,0.00039957,15.00000000,0
1531165822523,1531165822517,2040648,0.00039876,3.00000000,0
1531165857866,1531165857861,2040649,0.00039837,14.00000000,1
1531165858862,1531165858855,2040650,0.00039837,9.00000000,1
1531165858862,1531165858855,2040651,0.00039836,5.00000000,1
1531165883525,1531165883521,2040652,0.00039806,53.00000000,0
1531165883945,1531165883938,2040653,0.00039893,203.00000000,0
1531165885034,1531165885026,2040654,0.00039805,23.00000000,1
1531165885034,1531165885026,2040655,0.00039804,5.00000000,1
1531165893582,1531165893577,2040656,0.00039893,64.00000000,1
1531165893593,1531165893586,2040657,0.00039804,2.00000000,1
1531165893593,1531165893586,2040658,0.00039803,50.00000000,1
1531165893593,1531165893586,2040659,0.00039801,12.00000000,1
1531165898010,1531165898004,2040660,0.00039801,308.00000000,1
1531165904243,1531165904237,2040661,0.00039801,250.00000000,1
1531165909845,1531165909839,2040662,0.00039802,250.00000000,1
1531165915619,1531165915613,2040663,0.00039801,250.00000000,1
1531165922512,1531165922507,2040664,0.00039801,250.00000000,1
1531165927450,1531165927446,2040665,0.00039803,19.00000000,1
1531165934026,1531165934020,2040666,0.00039803,141.00000000,1
1531165938907,1531165938901,2040667,0.00039837,13.00000000,1
1531165939162,1531165939155,2040668,0.00039837,17.00000000,1
1531165940459,1531165940454,2040669,0.00039837,220.00000000,1
1531165941004,1531165940998,2040670,0.00039879,100.00000000,0
1531165944799,1531165944794,2040671,0.00039837,4.00000000,1
1531165944800,1531165944794,2040672,0.00039837,246.00000000,1
1531165945371,1531165945364,2040673,0.00039823,4.00000000,0
1531165945615,1531165945609,2040674,0.00039878,15.00000000,0
1531165950567,1531165950560,2040675,0.00039838,91.00000000,1
1531165975712,1531165975703,2040676,0.00039806,30.00000000,1
1531165975712,1531165975703,2040677,0.00039801,6.00000000,1
1531165975712,1531165975703,2040678,0.00039800,64.00000000,1
1531165975712,1531165975703,2040679,0.00039779,200.00000000,1
1531165975712,1531165975703,2040680,0.00039778,3.00000000,1
1531165975712,1531165975703,2040681,0.00039775,8.00000000,1
1531165975712,1531165975703,2040682,0.00039765,6.00000000,1
1531165975712,1531165975703,2040683,0.00039761,200.00000000,1
1531165975712,1531165975703,2040684,0.00039751,25.00000000,1
1531165975712,1531165975703,2040685,0.00039721,84.00000000,1
1531165975712,1531165975703,2040686,0.00039712,100.00000000,1
1531165975712,1531165975703,2040687,0.00039710,261.00000000,1
1531165975712,1531165975703,2040688,0.00039700,96.00000000,1
1531165980372,1531165980366,2040689,0.00039757,11.00000000,0
1531165982613,1531165982609,2040690,0.00039717,15.00000000,0
1531165982908,1531165982905,2040691,0.00039717,11.00000000,0
1531165982908,1531165982905,2040692,0.00039757,100.00000000,0
1531165982908,1531165982905,2040693,0.00039796,5.00000000,0
1531165982908,1531165982905,2040694,0.00039815,31.00000000,0
1531165982908,1531165982905,2040695,0.00039838,103.00000000,0
1531165984605,1531165984598,2040696,0.00039716,29.00000000,0
1531165990100,1531165990095,2040697,0.00039838,10.00000000,0
1531165990564,1531165990558,2040698,0.00039838,5.00000000,0
1531165990731,1531165990726,2040699,0.00039838,3.00000000,0
1531165991544,1531165991537,2040700,0.00039707,10.00000000,1
1531165992304,1531165992299,2040701,0.00039707,13.00000000,1
1531165992304,1531165992299,2040702,0.00039706,7.00000000,1
1531165993239,1531165993235,2040703,0.00039837,23.00000000,0
1531165993239,1531165993235,2040704,0.00039838,107.00000000,0
1531165999200,1531165999195,2040705,0.00039710,3.00000000,1
1531166002802,1531166002795,2040706,0.00039838,4.00000000,0
1531166019248,1531166019245,2040707,0.00039838,96.00000000,0
1531166019479,1531166019473,2040708,0.00039838,14.00000000,0
1531166025554,1531166025547,2040709,0.00039887,8.00000000,0
1531166034569,1531166034563,2040710,0.00039847,10.00000000,0
1531166064366,1531166064360,2040711,0.00039748,8.00000000,1
1531166075021,1531166075016,2040712,0.00039847,9.00000000,1
1531166076276,1531166076269,2040713,0.00039721,76.00000000,1
1531166080334,1531166080328,2040714,0.00039720,3.00000000,1
1531166086260,1531166086253,2040715,0.00039720,64.00000000,1
1531166086407,1531166086400,2040716,0.00039718,67.00000000,0
1531166086477,1531166086471,2040717,0.00039717,10.00000000,1
1531166086514,1531166086509,2040718,0.00039712,170.00000000,1
1531166086710,1531166086705,2040719,0.00039708,170.00000000,1
1531166086769,1531166086763,2040720,0.00039708,613.00000000,1
1531166086948,1531166086942,2040721,0.00039700,552.00000000,1
1531166087233,1531166087226,2040722,0.00039701,18.00000000,1
1531166087233,1531166087226,2040723,0.00039700,287.00000000,1
1531166087255,1531166087248,2040724,0.00039700,13.00000000,1
1531166087910,1531166087903,2040725,0.00039879,8.00000000,0
1531166116612,1531166116605,2040726,0.00039849,5.00000000,0
1531166116770,1531166116762,2040727,0.00039717,2.00000000,1
1531166118219,1531166118214,2040728,0.00039713,2.00000000,1
1531166119039,1531166119033,2040729,0.00039849,13.00000000,0
1531166122038,1531166122031,2040730,0.00039850,14.00000000,0
1531166125054,1531166125048,2040731,0.00039866,10.00000000,0
1531166125954,1531166125951,2040732,0.00039866,33.00000000,1
1531166126578,1531166126575,2040733,0.00039866,10.00000000,1
1531166128299,1531166128294,2040734,0.00039717,19.00000000,1
1531166143878,1531166143873,2040735,0.00039883,13.00000000,0
1531166161134,1531166161127,2040736,0.00039883,6.00000000,0
1531166164132,1531166164125,2040737,0.00039884,8.00000000,0
1531166185777,1531166185770,2040738,0.00039802,25.00000000,1
1531166185777,1531166185770,2040739,0.00039720,9.00000000,1
1531166185777,1531166185770,2040740,0.00039717,17.00000000,1
1531166185777,1531166185770,2040741,0.00039714,57.00000000,1
1531166185777,1531166185770,2040742,0.00039712,128.00000000,1
1531166185777,1531166185770,2040743,0.00039706,118.00000000,1
1531166228034,1531166228027,2040744,0.00039732,16.00000000,1
1531166228034,1531166228027,2040745,0.00039731,4.00000000,1
1531166235319,1531166235313,2040746,0.00039733,48.00000000,1
1531166235319,1531166235313,2040747,0.00039723,84.00000000,1
1531166235319,1531166235313,2040748,0.00039706,4.00000000,1
1531166243111,1531166243105,2040749,0.00039705,57.00000000,1
1531166257629,1531166257627,2040750,0.00039705,143.00000000,1
1531166258459,1531166258455,2040751,0.00039705,751.00000000,0
1531166259834,1531166259828,2040752,0.00039704,3.00000000,1
1531166291699,1531166291693,2040753,0.00039710,9.00000000,1
1531166291699,1531166291693,2040754,0.00039704,77.00000000,1
1531166291699,1531166291693,2040755,0.00039700,14.00000000,1
1531166297361,1531166297354,2040756,0.00039710,3.00000000,1
1531166331688,1531166331684,2040757,0.00039710,24.00000000,1
1531166331804,1531166331798,2040758,0.00039710,24.00000000,1
1531166333930,1531166333926,2040759,0.00039710,59.00000000,1
1531166333946,1531166333944,2040760,0.00039710,8.00000000,1
1531166343619,1531166343610,2040761,0.00039799,2.00000000,0
1531166343706,1531166343700,2040762,0.00039799,14.00000000,0
1531166345592,1531166345588,2040763,0.00039800,3.00000000,0
1531166368439,1531166368431,2040764,0.00039835,67.00000000,0
1531166379283,1531166379278,2040765,0.00039876,23.00000000,0
1531166379329,1531166379325,2040766,0.00039877,106.00000000,0
1531166379385,1531166379379,2040767,0.00039880,6.00000000,0
1531166379461,1531166379456,2040768,0.00039881,25.00000000,0
1531166379487,1531166379482,2040769,0.00039886,27.00000000,0
1531166391680,1531166391674,2040770,0.00039886,3.00000000,0
1531166417188,1531166417181,2040771,0.00039877,76.00000000,0
1531166417188,1531166417181,2040772,0.00039879,21.00000000,0
1531166417188,1531166417181,2040773,0.00039886,5.00000000,0
1531166417188,1531166417181,2040774,0.00039887,9.00000000,0
1531166443621,1531166443597,2040775,0.00039887,27.00000000,0
1531166443621,1531166443597,2040776,0.00039962,21.00000000,0
1531166443621,1531166443597,2040777,0.00039966,6.00000000,0
1531166465759,1531166465752,2040778,0.00039940,11.00000000,0
1531166465759,1531166465752,2040779,0.00039966,17.00000000,0
1531166465759,1531166465752,2040780,0.00039967,599.00000000,0
1531166479199,1531166479193,2040781,0.00039940,42.00000000,0
1531166561887,1531166561880,2040782,0.00039880,9.00000000,1
1531166587443,1531166587437,2040783,0.00039880,61.00000000,1
1531166588512,1531166588507,2040784,0.00039880,58.00000000,0
1531166602760,1531166602754,2040785,0.00039963,3.00000000,0
1531166607294,1531166607288,2040786,0.00039921,26.00000000,1
1531166607721,1531166607717,2040787,0.00039900,30.00000000,0
1531166636701,1531166636695,2040788,0.00039878,5.00000000,1
1531166636701,1531166636695,2040789,0.00039862,6.00000000,1
1531166637007,1531166637001,2040790,0.00039862,15.00000000,1
1531166637525,1531166637519,2040791,0.00039780,9.00000000,0
1531166686594,1531166686588,2040792,0.00039763,17.00000000,1
1531166714241,1531166714235,2040793,0.00039900,31.00000000,0
1531166715461,1531166715455,2040794,0.00039903,20.00000000,0
1531166739765,1531166739760,2040795,0.00039806,4.00000000,1
1531166752145,1531166752139,2040796,0.00039903,1.00000000,0
1531166761888,1531166761887,2040797,0.00039965,17.00000000,0
1531166761888,1531166761887,2040798,0.00039966,8.00000000,0
1531166772148,1531166772142,2040799,0.00039795,88.00000000,1
1531166772148,1531166772142,2040800,0.00039793,220.00000000,1
1531166772163,1531166772157,2040801,0.00039786,48.00000000,0
1531166772970,1531166772964,2040802,0.00039958,2.00000000,0
1531166779297,1531166779291,2040803,0.00039801,15.00000000,1
1531166779297,1531166779291,2040804,0.00039800,21.00000000,1
1531166779297,1531166779291,2040805,0.00039782,8.00000000,1
1531166779297,1531166779291,2040806,0.00039780,6.00000000,1
1531166829132,1531166829126,2040807,0.00039781,43.00000000,1
1531166856286,1531166856280,2040808,0.00039783,31.00000000,1
1531166860676,1531166860670,2040809,0.00039784,52.00000000,1
1531166860676,1531166860670,2040810,0.00039782,8.00000000,1
1531166860676,1531166860670,2040811,0.00039781,7.00000000,1
1531166891388,1531166891382,2040812,0.00039781,463.00000000,1
1531166918131,1531166918124,2040813,0.00039780,2.00000000,1
1531166938498,1531166938491,2040814,0.00039780,12.00000000,1
1531166938498,1531166938491,2040815,0.00039750,6.00000000,1
1531166938498,1531166938491,2040816,0.00039747,190.00000000,1
1531167022700,1531167022696,2040817,0.00039747,35.00000000,1
1531167025923,1531167025920,2040818,0.00039747,276.00000000,1
1531167030462,1531167030455,2040819,0.00039735,17.00000000,1
1531167082724,1531167082717,2040820,0.00039752,14.00000000,0
1531167084823,1531167084817,2040821,0.00039735,44.00000000,1
1531167105659,1531167105653,2040822,0.00039735,200.00000000,1
1531167128619,1531167128614,2040823,0.00039782,7.00000000,0
1531167130297,1531167130292,2040824,0.00039782,7.00000000,0
1531167135493,1531167135488,2040825,0.00039736,1.00000000,1
1531167156828,1531167156823,2040826,0.00039774,27.00000000,0
1531167173935,1531167173928,2040827,0.00039774,1.00000000,0
1531167175994,1531167175989,2040828,0.00039774,141.00000000,0
1531167181475,1531167181469,2040829,0.00039774,14.00000000,0
1531167184002,1531167183996,2040830,0.00039714,42.00000000,0
1531167184628,1531167184622,2040831,0.00039711,52.00000000,1
1531167184628,1531167184622,2040832,0.00039710,7.00000000,1
1531167192036,1531167192030,2040833,0.00039710,75.00000000,1
1531167192036,1531167192030,2040834,0.00039700,1291.00000000,1
1531167204836,1531167204830,2040835,0.00039714,1.00000000,0
1531167223831,1531167223827,2040836,0.00039766,8.00000000,0
1531167287919,1531167287913,2040837,0.00039702,24.00000000,1
1531167287919,1531167287913,2040838,0.00039701,69.00000000,1
1531167287919,1531167287913,2040839,0.00039700,92.00000000,1
1531167287919,1531167287913,2040840,0.00039699,61.00000000,1
1531167287919,1531167287913,2040841,0.00039698,9.00000000,1
1531167287919,1531167287913,2040842,0.00039688,3.00000000,1
1531167287919,1531167287913,2040843,0.00039666,10.00000000,1
1531167287919,1531167287913,2040844,0.00039663,8.00000000,1
1531167287919,1531167287913,2040845,0.00039634,26.00000000,1
1531167287919,1531167287913,2040846,0.00039630,30.00000000,1
1531167309671,1531167309667,2040847,0.00039710,116.00000000,1
1531167313137,1531167313130,2040848,0.00039630,5.00000000,1
1531167316632,1531167316625,2040849,0.00039667,45.00000000,0
1531167317628,1531167317622,2040850,0.00039668,13.00000000,0
1531167357600,1531167357595,2040851,0.00039750,31.00000000,0
1531167357836,1531167357829,2040852,0.00039750,6.00000000,0
1531167377878,1531167377875,2040853,0.00039750,245.00000000,0
1531167379658,1531167379652,2040854,0.00039750,3.00000000,0
1531167383631,1531167383630,2040855,0.00039749,32.00000000,0
1531167385033,1531167385027,2040856,0.00039760,12.00000000,0
1531167387988,1531167387981,2040857,0.00039760,2.00000000,0
1531167387988,1531167387981,2040858,0.00039775,67.00000000,0
1531167423651,1531167423651,2040859,0.00039775,44.00000000,0
1531167434437,1531167434435,2040860,0.00039657,7.00000000,1
1531167499131,1531167499124,2040861,0.00039654,4.00000000,1
1531167499131,1531167499124,2040862,0.00039631,26.00000000,1
1531167499131,1531167499124,2040863,0.00039630,195.00000000,1
1531167499131,1531167499124,2040864,0.00039617,132.00000000,1
1531167499131,1531167499124,2040865,0.00039616,132.00000000,1
1531167499131,1531167499124,2040866,0.00039615,55.00000000,1
1531167509919,1531167509912,2040867,0.00039615,10.00000000,1
1531167513084,1531167513077,2040868,0.00039615,72.00000000,1
1531167513642,1531167513637,2040869,0.00039708,4.00000000,0
1531167542419,1531167542411,2040870,0.00039654,50.00000000,0
1531167542869,1531167542869,2040871,0.00039654,1019.00000000,0
1531167542869,1531167542869,2040872,0.00039655,398.00000000,0
1531167549346,1531167549339,2040873,0.00039685,14.00000000,0
1531167560614,1531167560608,2040874,0.00039610,22.00000000,1
1531167560614,1531167560608,2040875,0.00039609,591.00000000,1
1531167560851,1531167560846,2040876,0.00039609,25.00000000,1
1531167564289,1531167564283,2040877,0.00039658,50.00000000,0
1531167564655,1531167564648,2040878,0.00039659,24.00000000,0
1531167566522,1531167566517,2040879,0.00039698,3.00000000,0
1531167566522,1531167566517,2040880,0.00039699,16.00000000,0
1531167567258,1531167567257,2040881,0.00039699,24.00000000,0
1531167580460,1531167580454,2040882,0.00039588,14.00000000,1
1531167580460,1531167580454,2040883,0.00039588,2.00000000,1
1531167580460,1531167580454,2040884,0.00039587,3.00000000,1
1531167581265,1531167581259,2040885,0.00039579,67.00000000,0
1531167581783,1531167581779,2040886,0.00039570,3.00000000,1
1531167581783,1531167581779,2040887,0.00039566,5.00000000,1
1531167583342,1531167583338,2040888,0.00039614,65.00000000,0
1531167584808,1531167584804,2040889,0.00039574,10.00000000,0
1531167585117,1531167585111,2040890,0.00039613,16.00000000,0
1531167585210,1531167585204,2040891,0.00039550,10.00000000,1
1531167586575,1531167586569,2040892,0.00039551,16.00000000,1
1531167586575,1531167586569,2040893,0.00039550,137.00000000,1
1531167588113,1531167588108,2040894,0.00039550,5.00000000,1
1531167588507,1531167588501,2040895,0.00039653,12.00000000,0
1531167594663,1531167594657,2040896,0.00039573,14.00000000,0
1531167611035,1531167611031,2040897,0.00039516,37.00000000,0
1531167611063,1531167611063,2040898,0.00039516,37.00000000,0
1531167611653,1531167611649,2040899,0.00039516,68.00000000,0
1531167614364,1531167614358,2040900,0.00039593,16.00000000,0
1531167614722,1531167614716,2040901,0.00039593,142.00000000,0
1531167615096,1531167615089,2040902,0.00039594,21.00000000,0
1531167625550,1531167625545,2040903,0.00039600,17.00000000,0
1531167635283,1531167635275,2040904,0.00039524,20.00000000,1
1531167635283,1531167635275,2040905,0.00039513,35.00000000,1
1531167635283,1531167635275,2040906,0.00039512,3.00000000,1
1531167635283,1531167635275,2040907,0.00039501,4.00000000,1
1531167635283,1531167635275,2040908,0.00039500,215.00000000,1
1531167635283,1531167635275,2040909,0.00039488,8.00000000,1
1531167635313,1531167635306,2040910,0.00039500,34.00000000,0
1531167635404,1531167635396,2040911,0.00039500,22.00000000,0
1531167635663,1531167635657,2040912,0.00039500,63.00000000,0
1531167656328,1531167656319,2040913,0.00039499,22.00000000,0
1531167661168,1531167661166,2040914,0.00039487,6.00000000,1
1531167661168,1531167661166,2040915,0.00039486,4.00000000,1
1531167661168,1531167661166,2040916,0.00039479,2.00000000,1
1531167662322,1531167662317,2040917,0.00039500,219.00000000,0
1531167663315,1531167663314,2040918,0.00039500,5.00000000,0
1531167676002,1531167676000,2040919,0.00039479,7.00000000,1
1531167676804,1531167676799,2040920,0.00039449,15.00000000,0
1531167677203,1531167677199,2040921,0.00039440,4.00000000,1
1531167677549,1531167677545,2040922,0.00039440,3.00000000,1
1531167678801,1531167678796,2040923,0.00039440,14.00000000,1
1531167679601,1531167679597,2040924,0.00039440,11.00000000,1
1531167680813,1531167680808,2040925,0.00039441,3.00000000,1
1531167680881,1531167680876,2040926,0.00039441,14.00000000,1
1531167682071,1531167682068,2040927,0.00039450,3.00000000,0
1531167732581,1531167732575,2040928,0.00039450,25.00000000,0
1531167733674,1531167733669,2040929,0.00039450,3.00000000,0
1531167809571,1531167809565,2040930,0.00039443,100.00000000,1
1531167809571,1531167809565,2040931,0.00039439,20.00000000,1
1531167835302,1531167835296,2040932,0.00039444,5.00000000,0
1531167835387,1531167835384,2040933,0.00039444,75.00000000,0
1531167841888,1531167841881,2040934,0.00039439,17.00000000,1
1531167841888,1531167841881,2040935,0.00039403,6.00000000,1
1531167841888,1531167841881,2040936,0.00039400,112.00000000,1
1531167842907,1531167842900,2040937,0.00039361,3.00000000,0
1531167842908,1531167842900,2040938,0.00039351,6.00000000,1
1531167842908,1531167842900,2040939,0.00039350,100.00000000,1
1531167842908,1531167842900,2040940,0.00039328,6.00000000,1
1531167842908,1531167842900,2040941,0.00039325,13.00000000,1
1531167842908,1531167842900,2040942,0.00039313,64.00000000,1
1531167842908,1531167842900,2040943,0.00039300,16.00000000,1
1531167843029,1531167843027,2040944,0.00039321,12.00000000,0
1531167843132,1531167843126,2040945,0.00039321,5.00000000,0
1531167843351,1531167843345,2040946,0.00039321,5.00000000,0
1531167844322,1531167844319,2040947,0.00039300,12.00000000,1
1531167844699,1531167844693,2040948,0.00039322,10.00000000,0
1531167844805,1531167844799,2040949,0.00039300,14.00000000,1
1531167845130,1531167845129,2040950,0.00039300,14.00000000,1
1531167845690,1531167845685,2040951,0.00039321,12.00000000,0
1531167846255,1531167846248,2040952,0.00039300,104.00000000,1
1531167846369,1531167846364,2040953,0.00039300,3.00000000,1
1531167846617,1531167846611,2040954,0.00039300,14.00000000,1
1531167847235,1531167847228,2040955,0.00039300,14.00000000,1
1531167847285,1531167847281,2040956,0.00039300,13.00000000,1
1531167848850,1531167848846,2040957,0.00039320,3.00000000,0
1531167848850,1531167848846,2040958,0.00039321,10.00000000,0
1531167849189,1531167849187,2040959,0.00039300,31.00000000,1
1531167850687,1531167850682,2040960,0.00039321,3.00000000,0
1531167854573,1531167854567,2040961,0.00039300,5.00000000,1
1531167857321,1531167857320,2040962,0.00039300,100.00000000,1
1531167858494,1531167858489,2040963,0.00039278,3.00000000,0
1531167858843,1531167858839,2040964,0.00039278,11.00000000,0
1531167860698,1531167860691,2040965,0.00039300,285.00000000,0
1531167862333,1531167862328,2040966,0.00039276,67.00000000,1
1531167862333,1531167862328,2040967,0.00039275,42.00000000,1
1531167862333,1531167862328,2040968,0.00039274,20.00000000,1
1531167862333,1531167862328,2040969,0.00039236,8.00000000,1
1531167862333,1531167862328,2040970,0.00039221,41.00000000,1
1531167862673,1531167862666,2040971,0.00039400,5.00000000,0
1531167865302,1531167865299,2040972,0.00039222,14.00000000,1
1531167865604,1531167865598,2040973,0.00039281,13.00000000,0
1531167865667,1531167865660,2040974,0.00039281,1.00000000,0
1531167865667,1531167865660,2040975,0.00039360,17.00000000,0
1531167865667,1531167865660,2040976,0.00039361,7.00000000,0
1531167868941,1531167868935,2040977,0.00039320,14.00000000,0
1531167869253,1531167869251,2040978,0.00039321,5.00000000,0
1531167869323,1531167869321,2040979,0.00039321,2.00000000,0
1531167871712,1531167871705,2040980,0.00039322,12.00000000,0
1531167877060,1531167877060,2040981,0.00039350,4.00000000,0
1531167877620,1531167877616,2040982,0.00039350,11.00000000,0
1531167878508,1531167878501,2040983,0.00039350,4.00000000,0
1531167882213,1531167882207,2040984,0.00039233,26.00000000,1
1531167883171,1531167883166,2040985,0.00039399,3.00000000,0
1531167892914,1531167892910,2040986,0.00039239,2.00000000,1
1531167902360,1531167902355,2040987,0.00039360,2.00000000,0
1531167908690,1531167908684,2040988,0.00039321,194.00000000,0
1531167914691,1531167914685,2040989,0.00039281,5.00000000,0
1531167920050,1531167920044,2040990,0.00039254,12.00000000,1
1531167920050,1531167920044,2040991,0.00039253,8.00000000,1
1531167930974,1531167930968,2040992,0.00039299,3.00000000,0
1531167935479,1531167935475,2040993,0.00039299,3.00000000,0
1531167944179,1531167944173,2040994,0.00039258,20.00000000,1
1531167956266,1531167956264,2040995,0.00039279,7.00000000,0
1531167956266,1531167956264,2040996,0.00039280,10.00000000,0
1531167956266,1531167956264,2040997,0.00039290,14.00000000,0
1531167956266,1531167956264,2040998,0.00039300,18.00000000,0
1531167956266,1531167956264,2040999,0.00039350,11.00000000,0
1531167956266,1531167956264,2041000,0.00039389,253.00000000,0
1531167956266,1531167956264,2041001,0.00039390,15.00000000,0
1531167956266,1531167956264,2041002,0.00039400,48.00000000,0
1531167956266,1531167956264,2041003,0.00039444,108.00000000,0
1531167956266,1531167956264,2041004,0.00039450,19.00000000,0
1531167956266,1531167956264,2041005,0.00039475,108.00000000,0
1531167986572,1531167986567,2041006,0.00039481,63.00000000,0
1531168003497,1531168003491,2041007,0.00039252,2.00000000,1
1531168005515,1531168005510,2041008,0.00039253,2.00000000,1
1531168032556,1531168032553,2041009,0.00039268,50.00000000,1
1531168032910,1531168032904,2041010,0.00039267,15.00000000,0
1531168059171,1531168059166,2041011,0.00039267,3.00000000,0
1531168062990,1531168062984,2041012,0.00039267,189.00000000,0
1531168065272,1531168065268,2041013,0.00039322,8.00000000,0
1531168074607,1531168074600,2041014,0.00039322,25.00000000,0
1531168093755,1531168093751,2041015,0.00039322,62.00000000,0
1531168099142,1531168099136,2041016,0.00039322,57.00000000,0
1531168116049,1531168116049,2041017,0.00039322,11.00000000,0
1531168195355,1531168195350,2041018,0.00039267,206.00000000,1
1531168197982,1531168197978,2041019,0.00039221,198.00000000,1
1531168227223,1531168227217,2041020,0.00039221,18.00000000,1
1531168227223,1531168227217,2041021,0.00039220,101.00000000,1
1531168236772,1531168236767,2041022,0.00039220,23.00000000,1
1531168241138,1531168241137,2041023,0.00039266,16.00000000,0
1531168282275,1531168282274,2041024,0.00039220,100.00000000,1
1531168286881,1531168286876,2041025,0.00039262,23.00000000,0
1531168320225,1531168320224,2041026,0.00039220,282.00000000,1
1531168333381,1531168333381,2041027,0.00039207,3.00000000,1
1531168333381,1531168333381,2041028,0.00039188,3.00000000,1
1531168333381,1531168333381,2041029,0.00039183,1.00000000,1
1531168333382,1531168333381,2041030,0.00039183,111.00000000,1
1531168333382,1531168333381,2041031,0.00039162,6.00000000,1
1531168333382,1531168333381,2041032,0.00039161,20.00000000,1
1531168333383,1531168333381,2041033,0.00039150,7.00000000,1
1531168334642,1531168334640,2041034,0.00039188,14.00000000,1
1531168334751,1531168334744,2041035,0.00039188,56.00000000,1
1531168334826,1531168334821,2041036,0.00039188,6.00000000,1
1531168335434,1531168335430,2041037,0.00039188,12.00000000,1
1531168336873,1531168336869,2041038,0.00039188,14.00000000,1
1531168336901,1531168336897,2041039,0.00039184,22.00000000,0
1531168337777,1531168337771,2041040,0.00039150,51.00000000,1
1531168338976,1531168338974,2041041,0.00039155,12.00000000,1
1531168343615,1531168343608,2041042,0.00039184,1.00000000,0
1531168348419,1531168348413,2041043,0.00039155,14.00000000,1
1531168352852,1531168352846,2041044,0.00039156,16.00000000,1
1531168352852,1531168352846,2041045,0.00039155,9.00000000,1
1531168352852,1531168352846,2041046,0.00039150,31.00000000,1
1531168352852,1531168352846,2041047,0.00039109,43.00000000,1
1531168353434,1531168353428,2041048,0.00039109,23.00000000,1
1531168356814,1531168356808,2041049,0.00039183,8.00000000,0
1531168356815,1531168356815,2041050,0.00039183,6.00000000,0
1531168366364,1531168366358,2041051,0.00039257,13.00000000,0
1531168366378,1531168366374,2041052,0.00039257,19.00000000,0
1531168368671,1531168368665,2041053,0.00039188,5.00000000,1
1531168382711,1531168382710,2041054,0.00039256,15.00000000,0
1531168395438,1531168395432,2041055,0.00039114,70.00000000,1
1531168395438,1531168395432,2041056,0.00039110,117.00000000,1
1531168395455,1531168395449,2041057,0.00039110,171.00000000,0
1531168402974,1531168402969,2041058,0.00039111,1.00000000,1
1531168404263,1531168404261,2041059,0.00039253,2.00000000,0
1531168413971,1531168413967,2041060,0.00039264,5.00000000,0
1531168414473,1531168414467,2041061,0.00039264,8.00000000,0
1531168423505,1531168423498,2041062,0.00039265,8.00000000,0
1531168423521,1531168423514,2041063,0.00039265,30.00000000,0
1531168439450,1531168439443,2041064,0.00039137,37.00000000,1
1531168439450,1531168439443,2041065,0.00039136,66.00000000,1
1531168439450,1531168439443,2041066,0.00039129,13.00000000,1
1531168439450,1531168439443,2041067,0.00039109,251.00000000,1
1531168456246,1531168456240,2041068,0.00039245,6.00000000,0
1531168512217,1531168512212,2041069,0.00039111,20.00000000,1
1531168512217,1531168512212,2041070,0.00039110,50.00000000,1
1531168512217,1531168512212,2041071,0.00039109,230.00000000,1
1531168522962,1531168522956,2041072,0.00039110,10.00000000,1
1531168522962,1531168522956,2041073,0.00039109,256.00000000,1
1531168523764,1531168523757,2041074,0.00039101,14.00000000,1
1531168524704,1531168524700,2041075,0.00039101,3.00000000,1
1531168530732,1531168530726,2041076,0.00039101,83.00000000,1
1531168534132,1531168534126,2041077,0.00039100,12.00000000,1
1531168536935,1531168536934,2041078,0.00039092,7.00000000,1
1531168536935,1531168536934,2041079,0.00039090,3.00000000,1
1531168536935,1531168536934,2041080,0.00039083,101.00000000,1
1531168540784,1531168540778,2041081,0.00039083,488.00000000,1
1531168550529,1531168550524,2041082,0.00039083,178.00000000,1
1531168552445,1531168552439,2041083,0.00039059,6.00000000,1
1531168554008,1531168553983,2041084,0.00039059,7.00000000,1
1531168556098,1531168556092,2041085,0.00039049,7.00000000,0
1531168556135,1531168556130,2041086,0.00039049,7.00000000,0
1531168561816,1531168561811,2041087,0.00039046,128.00000000,1
1531168564589,1531168564584,2041088,0.00039045,3.00000000,0
1531168565332,1531168565329,2041089,0.00039016,14.00000000,1
1531168571107,1531168571104,2041090,0.00039050,2.00000000,0
1531168571893,1531168571892,2041091,0.00039049,3.00000000,0
1531168573086,1531168573080,2041092,0.00039016,59.00000000,1
1531168574118,1531168574115,2041093,0.00039049,5.00000000,0
1531168591547,1531168591541,2041094,0.00039045,11.00000000,0
1531168591808,1531168591803,2041095,0.00039047,29.00000000,0
1531168591916,1531168591915,2041096,0.00039048,16.00000000,0
1531168591916,1531168591915,2041097,0.00039090,3.00000000,0
1531168591916,1531168591915,2041098,0.00039109,99.00000000,0
1531168594624,1531168594624,2041099,0.00039108,208.00000000,0
1531168604315,1531168604309,2041100,0.00039106,19.00000000,0
1531168605366,1531168605360,2041101,0.00039106,236.00000000,0
1531168605366,1531168605360,2041102,0.00039107,19.00000000,0
1531168607421,1531168607416,2041103,0.00039107,10.00000000,0
1531168609428,1531168609423,2041104,0.00039109,585.00000000,0
1531168612450,1531168612444,2041105,0.00039159,20.00000000,0
1531168612692,1531168612690,2041106,0.00039158,3.00000000,0
1531168618307,1531168618300,2041107,0.00039157,15.00000000,0
1531168627523,1531168627519,2041108,0.00039155,12.00000000,0
1531168627523,1531168627519,2041109,0.00039157,240.00000000,0
1531168627769,1531168627763,2041110,0.00039157,6.00000000,1
1531168631875,1531168631869,2041111,0.00039157,20.00000000,1
1531168632405,1531168632400,2041112,0.00039160,10.00000000,0
1531168639095,1531168639087,2041113,0.00039157,2.00000000,1
1531168675113,1531168675107,2041114,0.00039157,75.00000000,1
1531168761937,1531168761930,2041115,0.00039160,1.00000000,0
1531168761937,1531168761930,2041116,0.00039161,3.00000000,0
1531168761937,1531168761930,2041117,0.00039186,20.00000000,0
1531168761937,1531168761930,2041118,0.00039200,18.00000000,0
1531168761937,1531168761930,2041119,0.00039250,11.00000000,0
1531168761937,1531168761930,2041120,0.00039264,14.00000000,0
1531168761937,1531168761930,2041121,0.00039265,11.00000000,0
1531168761937,1531168761930,2041122,0.00039266,127.00000000,0
1531168761952,1531168761949,2041123,0.00039266,25.00000000,0
1531168761994,1531168761988,2041124,0.00039266,166.00000000,0
1531168761995,1531168761991,2041125,0.00039157,25.00000000,1
1531168768211,1531168768207,2041126,0.00039266,131.00000000,0
1531168771907,1531168771902,2041127,0.00039433,10.00000000,0
1531168818638,1531168818632,2041128,0.00039276,47.00000000,1
1531168824671,1531168824666,2041129,0.00039275,30.00000000,0
1531168832689,1531168832683,2041130,0.00039266,119.00000000,1
1531168832689,1531168832683,2041131,0.00039197,20.00000000,1
1531168832689,1531168832683,2041132,0.00039174,16.00000000,1
1531168842201,1531168842195,2041133,0.00039270,170.00000000,0
1531168862581,1531168862576,2041134,0.00039181,3.00000000,1
1531168896271,1531168896263,2041135,0.00039270,254.00000000,0
1531168896271,1531168896263,2041136,0.00039274,119.00000000,0
1531168896271,1531168896263,2041137,0.00039276,33.00000000,0
1531168896271,1531168896263,2041138,0.00039354,23.00000000,0
1531168896271,1531168896263,2041139,0.00039355,3.00000000,0
1531168896271,1531168896263,2041140,0.00039422,119.00000000,0
1531168896271,1531168896263,2041141,0.00039449,33.00000000,0
1531168896271,1531168896263,2041142,0.00039460,18.00000000,0
1531168896271,1531168896263,2041143,0.00039475,76.00000000,0
1531168896271,1531168896263,2041144,0.00039490,26.00000000,0
1531168896271,1531168896263,2041145,0.00039496,110.00000000,0
1531168896271,1531168896263,2041146,0.00039499,14.00000000,0
1531168896271,1531168896263,2041147,0.00039600,12.00000000,0
1531168896271,1531168896263,2041148,0.00039620,22.00000000,0
1531168896271,1531168896263,2041149,0.00039632,22.00000000,0
1531168896271,1531168896263,2041150,0.00039650,27.00000000,0
1531168899368,1531168899362,2041151,0.00039356,3.00000000,0
1531168899368,1531168899362,2041152,0.00039609,16.00000000,0
1531168899368,1531168899362,2041153,0.00039610,15.00000000,0
1531168905561,1531168905555,2041154,0.00039395,13.00000000,1
1531168907001,1531168906995,2041155,0.00039395,45.00000000,1
1531168909764,1531168909759,2041156,0.00039394,6.00000000,1
1531168926253,1531168926247,2041157,0.00039539,4.00000000,0
1531168946170,1531168946167,2041158,0.00039521,5.00000000,0
1531168951095,1531168951093,2041159,0.00039511,4.00000000,0
1531168956140,1531168956135,2041160,0.00039507,9.00000000,0
1531168956140,1531168956135,2041161,0.00039508,49.00000000,0
1531168956140,1531168956135,2041162,0.00039510,184.00000000,0
1531168967345,1531168967340,2041163,0.00039511,11.00000000,1
1531168967498,1531168967493,2041164,0.00039512,365.00000000,0
1531168983099,1531168983093,2041165,0.00039512,3.00000000,1
1531169001277,1531169001271,2041166,0.00039610,6.00000000,0
1531169017709,1531169017703,2041167,0.00039640,104.00000000,0
1531169017725,1531169017718,2041168,0.00039640,24.00000000,1
1531169017731,1531169017726,2041169,0.00039640,144.00000000,1
1531169017750,1531169017744,2041170,0.00039640,24.00000000,1
1531169017851,1531169017847,2041171,0.00039650,17.00000000,0
1531169017851,1531169017847,2041172,0.00039699,2.00000000,0
1531169017877,1531169017870,2041173,0.00039640,192.00000000,1
1531169025267,1531169025262,2041174,0.00039698,18.00000000,0
1531169025287,1531169025283,2041175,0.00039698,1.00000000,0
1531169025287,1531169025283,2041176,0.00039699,7.00000000,0
1531169025287,1531169025283,2041177,0.00039730,12.00000000,0
1531169025305,1531169025299,2041178,0.00039730,82.00000000,0
1531169025366,1531169025364,2041179,0.00039738,105.00000000,0
1531169025570,1531169025567,2041180,0.00039698,19.00000000,1
1531169045239,1531169045234,2041181,0.00039555,5.00000000,1
1531169058312,1531169058307,2041182,0.00039675,25.00000000,0
1531169069430,1531169069425,2041183,0.00039564,4.00000000,1
1531169076610,1531169076604,2041184,0.00039562,6.00000000,1
1531169080086,1531169080081,2041185,0.00039564,54.00000000,1
1531169083001,1531169082995,2041186,0.00039564,9.00000000,1
1531169083001,1531169082995,2041187,0.00039562,23.00000000,1
1531169091582,1531169091576,2041188,0.00039563,20.00000000,1
1531169092313,1531169092308,2041189,0.00039564,20.00000000,1
1531169102664,1531169102658,2041190,0.00039569,20.00000000,1
1531169102664,1531169102658,2041191,0.00039568,48.00000000,1
1531169102664,1531169102658,2041192,0.00039566,33.00000000,1
1531169113489,1531169113485,2041193,0.00039562,72.00000000,1
1531169121751,1531169121746,2041194,0.00039564,18.00000000,0
1531169122786,1531169122781,2041195,0.00039562,49.00000000,1
1531169122786,1531169122781,2041196,0.00039557,33.00000000,1
