event_time,trade_time,trade_id,price,quantity,maker
1531160306640,1531160306638,3548851,0.00001147,297.00000000,1
1531160306662,1531160306658,3548852,0.00001147,336.00000000,1
1531160316011,1531160316007,3548853,0.00001146,725.00000000,1
1531160316011,1531160316007,3548854,0.00001144,962.00000000,1
1531160316011,1531160316007,3548855,0.00001140,926.00000000,1
1531160345560,1531160345557,3548856,0.00001146,598.00000000,0
1531160345570,1531160345565,3548857,0.00001145,375.00000000,1
1531160364950,1531160364947,3548858,0.00001145,510.00000000,1
1531160364960,1531160364956,3548859,0.00001145,866.00000000,0
1531160364972,1531160364969,3548860,0.00001145,510.00000000,1
1531160375130,1531160375127,3548861,0.00001144,702.00000000,1
1531160385238,1531160385233,3548862,0.00001143,88.00000000,1
1531160385249,1531160385247,3548863,0.00001143,146.00000000,1
1531160387356,1531160387353,3548864,0.00001144,117.00000000,0
1531160406118,1531160406115,3548865,0.00001141,513.00000000,1
1531160464636,1531160464633,3548866,0.00001141,496.00000000,1
1531160464663,1531160464660,3548867,0.00001141,456.00000000,1
1531160484849,1531160484846,3548868,0.00001141,1920.00000000,1
1531160484863,1531160484859,3548869,0.00001141,2071.00000000,0
1531160484875,1531160484872,3548870,0.00001141,1920.00000000,1
1531160487992,1531160487990,3548871,0.00001139,6310.00000000,1
1531160488935,1531160488932,3548872,0.00001138,17574.00000000,1
1531160489225,1531160489222,3548873,0.00001138,66.00000000,1
1531160501398,1531160501395,3548874,0.00001140,89.00000000,1
1531160525860,1531160525857,3548875,0.00001141,1618.00000000,0
1531160525883,1531160525878,3548876,0.00001140,900.00000000,1
1531160537199,1531160537196,3548877,0.00001143,492.00000000,0
1531160538938,1531160538935,3548878,0.00001144,492.00000000,0
1531160544330,1531160544327,3548879,0.00001140,1694.00000000,1
1531160544350,1531160544345,3548880,0.00001140,944.00000000,1
1531160565212,1531160565208,3548881,0.00001143,1402.00000000,0
1531160565219,1531160565217,3548882,0.00001142,388.00000000,1
1531160565233,1531160565230,3548883,0.00001142,1253.00000000,1
1531160586290,1531160586286,3548884,0.00001143,3094.00000000,0
1531160586302,1531160586299,3548885,0.00001142,1741.00000000,1
1531160586321,1531160586317,3548886,0.00001142,1984.00000000,1
1531160624292,1531160624289,3548887,0.00001142,6488.00000000,1
1531160634625,1531160634623,3548888,0.00001141,728.00000000,1
1531160708041,1531160708038,3548889,0.00001145,287.00000000,0
1531160944590,1531160944585,3548890,0.00001143,6818.00000000,0
1531160944602,1531160944599,3548891,0.00001142,2489.00000000,1
1531160985545,1531160985541,3548892,0.00001142,4630.00000000,1
1531161004919,1531161004915,3548893,0.00001142,5160.00000000,1
1531161004939,1531161004937,3548894,0.00001142,16196.00000000,1
1531161018475,1531161018471,3548895,0.00001144,317.00000000,0
1531161031466,1531161031463,3548896,0.00001141,280.00000000,1
1531161045258,1531161045255,3548897,0.00001145,300.00000000,0
1531161101418,1531161101414,3548898,0.00001142,3989.00000000,1
1531161104690,1531161104686,3548899,0.00001142,11612.00000000,1
1531161104708,1531161104703,3548900,0.00001142,7732.00000000,0
1531161104723,1531161104721,3548901,0.00001142,11612.00000000,1
1531161126867,1531161126862,3548902,0.00001141,22501.00000000,1
1531161126878,1531161126875,3548903,0.00001141,9740.00000000,0
1531161126889,1531161126885,3548904,0.00001142,3989.00000000,0
1531161145829,1531161145824,3548905,0.00001142,11612.00000000,1
1531161145841,1531161145837,3548906,0.00001142,59939.00000000,0
1531161145849,1531161145846,3548907,0.00001142,11612.00000000,1
1531161164601,1531161164596,3548908,0.00001141,14174.00000000,1
1531161164619,1531161164614,3548909,0.00001141,9920.00000000,0
1531161164626,1531161164622,3548910,0.00001141,14174.00000000,1
1531161164640,1531161164634,3548911,0.00001142,3989.00000000,0
1531161171195,1531161171191,3548912,0.00001142,5.00000000,1
1531161185481,1531161185479,3548913,0.00001142,11607.00000000,1
1531161185490,1531161185487,3548914,0.00001142,14158.00000000,0
1531161185507,1531161185505,3548915,0.00001142,11607.00000000,1
1531161206986,1531161206982,3548916,0.00001141,17605.00000000,1
1531161207006,1531161207002,3548917,0.00001141,10024.00000000,1
1531161207028,1531161207025,3548918,0.00001142,3994.00000000,0
1531161225297,1531161225293,3548919,0.00001141,12634.00000000,1
1531161244892,1531161244889,3548920,0.00001142,31690.00000000,0
1531161244911,1531161244906,3548921,0.00001141,12677.00000000,1
1531161264803,1531161264799,3548922,0.00001139,14322.00000000,1
1531161285998,1531161285995,3548923,0.00001140,33663.00000000,0
1531161286005,1531161286002,3548924,0.00001139,19347.00000000,1
1531161304733,1531161304727,3548925,0.00001139,1791.00000000,1
1531161326347,1531161326343,3548926,0.00001140,35951.00000000,0
1531161326368,1531161326364,3548927,0.00001139,14484.00000000,1
1531161326388,1531161326385,3548928,0.00001139,27655.00000000,1
1531161345701,1531161345699,3548929,0.00001140,43851.00000000,0
1531161345713,1531161345708,3548930,0.00001139,19404.00000000,1
1531161365793,1531161365790,3548931,0.00001139,28140.00000000,1
1531161369361,1531161369356,3548932,0.00001141,278.00000000,0
1531161386745,1531161386740,3548933,0.00001139,46352.00000000,0
1531161386762,1531161386759,3548934,0.00001138,31749.00000000,1
1531161406589,1531161406585,3548935,0.00001138,15286.00000000,1
1531161406604,1531161406599,3548936,0.00001138,7487.00000000,1
1531161425114,1531161425110,3548937,0.00001138,7700.00000000,1
1531161425136,1531161425131,3548938,0.00001138,23371.00000000,1
1531161446861,1531161446858,3548939,0.00001139,29298.00000000,1
1531161446876,1531161446873,3548940,0.00001139,27970.00000000,1
1531161464792,1531161464788,3548941,0.00001139,57933.00000000,0
1531161464811,1531161464807,3548942,0.00001138,22283.00000000,1
1531161479243,1531161479238,3548943,0.00001141,160.00000000,0
1531161487090,1531161487086,3548944,0.00001139,31366.00000000,1
1531161487103,1531161487099,3548945,0.00001139,1325.00000000,1
1531161524706,1531161524702,3548946,0.00001138,25474.00000000,1
1531161524750,1531161524719,3548947,0.00001138,11150.00000000,1
1531161536854,1531161536850,3548948,0.00001139,7624.00000000,1
1531161536873,1531161536869,3548949,0.00001139,30184.00000000,1
1531161565071,1531161565066,3548950,0.00001140,28460.00000000,0
1531161565083,1531161565079,3548951,0.00001139,17354.00000000,1
1531161583383,1531161583380,3548952,0.00001139,15262.00000000,1
1531161606867,1531161606862,3548953,0.00001140,18806.00000000,1
1531161606883,1531161606878,3548954,0.00001140,9262.00000000,1
1531161619969,1531161619966,3548955,0.00001140,13708.00000000,1
1531161619987,1531161619981,3548956,0.00001140,9900.00000000,1
1531161625025,1531161625021,3548957,0.00001141,99.00000000,0
1531161647201,1531161647198,3548958,0.00001140,4851.00000000,1
1531161657195,1531161657191,3548959,0.00001140,19759.00000000,1
1531161657213,1531161657208,3548960,0.00001140,32163.00000000,1
1531161677678,1531161677675,3548961,0.00001141,665.00000000,0
1531161743929,1531161743925,3548962,0.00001138,28953.00000000,1
1531161767232,1531161767227,3548963,0.00001139,4072.00000000,1
1531161785688,1531161785682,3548964,0.00001140,58865.00000000,0
1531161785707,1531161785705,3548965,0.00001139,25819.00000000,1
1531161805569,1531161805565,3548966,0.00001140,2568.00000000,0
1531161805578,1531161805574,3548967,0.00001139,16800.00000000,1
1531161805598,1531161805592,3548968,0.00001139,1352.00000000,1
1531161823775,1531161823771,3548969,0.00001139,6841.00000000,1
1531161823802,1531161823798,3548970,0.00001139,7374.00000000,1
1531161846733,1531161846729,3548971,0.00001140,10315.00000000,0
1531161846752,1531161846749,3548972,0.00001139,5430.00000000,1
1531161854646,1531161854642,3548973,0.00001137,367.00000000,1
1531161863272,1531161863268,3548974,0.00001138,29624.00000000,1
1531161886971,1531161886965,3548975,0.00001140,14492.00000000,0
1531161886980,1531161886975,3548976,0.00001139,29931.00000000,1
1531161887002,1531161886998,3548977,0.00001139,5177.00000000,1
1531161892987,1531161892983,3548978,0.00001140,29769.00000000,0
1531161892998,1531161892995,3548979,0.00001139,10557.00000000,1
1531161906060,1531161906054,3548980,0.00001139,14389.00000000,1
1531161945539,1531161945535,3548981,0.00001140,70249.00000000,0
1531161945551,1531161945547,3548982,0.00001139,27020.00000000,1
1531161965947,1531161965943,3548983,0.00001140,46404.00000000,0
1531161965959,1531161965954,3548984,0.00001139,17446.00000000,1
1531161985017,1531161985014,3548985,0.00001140,18790.00000000,0
1531161985029,1531161985026,3548986,0.00001139,28067.00000000,1
1531161985045,1531161985039,3548987,0.00001139,8465.00000000,1
1531162006324,1531162006321,3548988,0.00001140,36351.00000000,0
1531162006338,1531162006333,3548989,0.00001139,19757.00000000,1
1531162026776,1531162026770,3548990,0.00001140,56451.00000000,0
1531162026794,1531162026790,3548991,0.00001139,24545.00000000,1
1531162045444,1531162045440,3548992,0.00001139,22716.00000000,1
1531162065647,1531162065645,3548993,0.00001140,646.00000000,0
1531162065659,1531162065656,3548994,0.00001139,257.00000000,1
1531162084064,1531162084059,3548995,0.00001139,201.00000000,0
1531162089510,1531162089507,3548996,0.00001141,250.00000000,0
1531162106351,1531162106348,3548997,0.00001140,93.00000000,1
1531162106382,1531162106380,3548998,0.00001140,145.00000000,1
1531162106402,1531162106398,3548999,0.00001140,88.00000000,1
1531162125532,1531162125528,3549000,0.00001140,903.00000000,1
1531162125541,1531162125538,3549001,0.00001140,324.00000000,0
1531162125555,1531162125550,3549002,0.00001140,903.00000000,1
1531162131003,1531162130998,3549003,0.00001141,100.00000000,0
1531162141741,1531162141736,3549004,0.00001141,100.00000000,0
1531162147062,1531162147058,3549005,0.00001140,1919.00000000,1
1531162147081,1531162147076,3549006,0.00001140,314.00000000,1
1531162147120,1531162147095,3549007,0.00001140,676.00000000,1
1531162164787,1531162164783,3549008,0.00001140,244.00000000,1
1531162164799,1531162164795,3549009,0.00001140,442.00000000,0
1531162164811,1531162164807,3549010,0.00001140,244.00000000,1
1531162186070,1531162186065,3549011,0.00001140,88.00000000,1
1531162205662,1531162205656,3549012,0.00001140,1185.00000000,1
1531162205676,1531162205673,3549013,0.00001140,88.00000000,1
1531162225391,1531162225386,3549014,0.00001140,893.00000000,1
1531162225399,1531162225394,3549015,0.00001140,571.00000000,0
1531162225410,1531162225406,3549016,0.00001140,893.00000000,1
1531162244357,1531162244353,3549017,0.00001140,436.00000000,1
1531162266738,1531162266734,3549018,0.00001140,684.00000000,1
1531162266748,1531162266744,3549019,0.00001140,355.00000000,0
1531162266758,1531162266753,3549020,0.00001140,684.00000000,1
1531162287256,1531162287252,3549021,0.00001140,528.00000000,1
1531162287273,1531162287269,3549022,0.00001140,1011.00000000,0
1531162287285,1531162287283,3549023,0.00001140,528.00000000,1
1531162306930,1531162306924,3549024,0.00001140,764.00000000,1
1531162306947,1531162306942,3549025,0.00001140,1083.00000000,1
1531162327199,1531162327195,3549026,0.00001140,291.00000000,1
1531162327222,1531162327217,3549027,0.00001140,985.00000000,1
1531162327247,1531162327243,3549028,0.00001140,166.00000000,1
1531162345643,1531162345638,3549029,0.00001140,908.00000000,1
1531162345659,1531162345655,3549030,0.00001140,853.00000000,1
1531162366235,1531162366230,3549031,0.00001140,294.00000000,1
1531162366247,1531162366242,3549032,0.00001140,532.00000000,0
1531162366254,1531162366249,3549033,0.00001140,294.00000000,1
1531162387675,1531162387672,3549034,0.00001140,355.00000000,1
1531162387684,1531162387679,3549035,0.00001140,424.00000000,0
1531162387704,1531162387699,3549036,0.00001140,355.00000000,1
1531162391602,1531162391599,3549037,0.00001141,243.00000000,0
1531162405693,1531162405688,3549038,0.00001140,768.00000000,1
1531162405709,1531162405705,3549039,0.00001140,444.00000000,0
1531162405725,1531162405721,3549040,0.00001140,768.00000000,1
1531162424240,1531162424236,3549041,0.00001140,628.00000000,1
1531162424254,1531162424248,3549042,0.00001140,1091.00000000,0
1531162424271,1531162424266,3549043,0.00001140,628.00000000,1
1531162432625,1531162432620,3549044,0.00001141,205.00000000,0
1531162435796,1531162435790,3549045,0.00001141,264.00000000,0
1531162435796,1531162435790,3549046,0.00001142,612.00000000,0
1531162445552,1531162445547,3549047,0.00001140,1001.00000000,1
1531162465443,1531162465439,3549048,0.00001141,1450.00000000,0
1531162465450,1531162465446,3549049,0.00001140,726.00000000,1
1531162474826,1531162474821,3549050,0.00001139,788.00000000,1
1531162486200,1531162486195,3549051,0.00001141,965.00000000,0
1531162486216,1531162486212,3549052,0.00001140,493.00000000,1
1531162507376,1531162507371,3549053,0.00001140,148.00000000,1
1531162507484,1531162507480,3549054,0.00001140,762.00000000,1
1531162527247,1531162527243,3549055,0.00001140,860.00000000,1
1531162527261,1531162527257,3549056,0.00001140,88.00000000,1
1531162545311,1531162545307,3549057,0.00001141,946.00000000,0
1531162545321,1531162545316,3549058,0.00001140,802.00000000,1
1531162566816,1531162566810,3549059,0.00001141,703.00000000,0
1531162566835,1531162566831,3549060,0.00001140,572.00000000,1
1531162566855,1531162566849,3549061,0.00001140,379.00000000,1
1531162584987,1531162584981,3549062,0.00001141,1662.00000000,0
1531162585000,1531162584995,3549063,0.00001140,318.00000000,1
1531162585030,1531162585025,3549064,0.00001140,749.00000000,1
1531162606967,1531162606964,3549065,0.00001142,2138.00000000,0
1531162606981,1531162606976,3549066,0.00001141,827.00000000,1
1531162606999,1531162606996,3549067,0.00001141,1039.00000000,1
1531162626741,1531162626735,3549068,0.00001140,388.00000000,1
1531162646021,1531162646017,3549069,0.00001140,358.00000000,1
1531162666987,1531162666984,3549070,0.00001140,1800.00000000,1
1531162685734,1531162685730,3549071,0.00001140,139.00000000,1
1531162706152,1531162706147,3549072,0.00001141,9478.00000000,0
1531162706160,1531162706156,3549073,0.00001140,3338.00000000,1
1531162724594,1531162724589,3549074,0.00001141,2747.00000000,0
1531162724617,1531162724611,3549075,0.00001140,1861.00000000,1
1531162724637,1531162724632,3549076,0.00001140,2453.00000000,1
1531162739499,1531162739494,3549077,0.00001142,188.00000000,1
1531162739499,1531162739494,3549078,0.00001139,16.00000000,1
1531162744535,1531162744529,3549079,0.00001141,4026.00000000,0
1531162744554,1531162744549,3549080,0.00001140,3799.00000000,1
1531162763329,1531162763323,3549081,0.00001140,1536.00000000,1
1531162767215,1531162767209,3549082,0.00001141,6816.00000000,0
1531162767224,1531162767220,3549083,0.00001140,2487.00000000,1
1531162767247,1531162767241,3549084,0.00001140,1907.00000000,1
1531162767285,1531162767279,3549085,0.00001140,1535.00000000,0
1531162785385,1531162785380,3549086,0.00001139,5739.00000000,1
1531162785403,1531162785397,3549087,0.00001140,1.00000000,0
1531162804788,1531162804784,3549088,0.00001141,3468.00000000,1
1531162804809,1531162804802,3549089,0.00001141,2926.00000000,1
1531162804827,1531162804823,3549090,0.00001140,3442.00000000,1
1531162804841,1531162804836,3549091,0.00001139,5739.00000000,1
1531162824727,1531162824722,3549092,0.00001140,2083.00000000,1
1531162845569,1531162845564,3549093,0.00001140,3476.00000000,1
1531162845588,1531162845583,3549094,0.00001140,421.00000000,1
1531162867586,1531162867581,3549095,0.00001141,5218.00000000,0
1531162867603,1531162867600,3549096,0.00001140,3414.00000000,1
1531162867620,1531162867615,3549097,0.00001140,1948.00000000,1
1531162885216,1531162885212,3549098,0.00001140,88.00000000,1
1531162885235,1531162885233,3549099,0.00001140,2580.00000000,1
1531162990604,1531162990598,3549100,0.00001140,88.00000000,0
1531162997930,1531162997925,3549101,0.00001140,23.00000000,0
1531163005801,1531163005798,3549102,0.00001143,7244.00000000,0
1531163005817,1531163005811,3549103,0.00001141,2853.00000000,1
1531163027199,1531163027194,3549104,0.00001142,906.00000000,1
1531163027216,1531163027210,3549105,0.00001142,88.00000000,1
1531163035018,1531163035014,3549106,0.00001145,120.00000000,0
1531163038353,1531163038348,3549107,0.00001145,760.00000000,0
1531163047186,1531163047181,3549108,0.00001142,635.00000000,1
1531163066734,1531163066727,3549109,0.00001142,708.00000000,1
1531163066750,1531163066746,3549110,0.00001142,912.00000000,1
1531163084371,1531163084366,3549111,0.00001142,88.00000000,1
1531163107591,1531163107586,3549112,0.00001143,2584.00000000,0
1531163107608,1531163107602,3549113,0.00001142,259.00000000,1
1531163107628,1531163107623,3549114,0.00001142,937.00000000,1
1531163125919,1531163125914,3549115,0.00001143,187.00000000,0
1531163125929,1531163125924,3549116,0.00001142,531.00000000,1
1531163125947,1531163125942,3549117,0.00001142,88.00000000,1
1531163144538,1531163144533,3549118,0.00001142,88.00000000,1
1531163166905,1531163166900,3549119,0.00001142,1011.00000000,1
1531163186737,1531163186731,3549120,0.00001142,88.00000000,1
1531163206099,1531163206095,3549121,0.00001142,629.00000000,1
1531163206118,1531163206112,3549122,0.00001142,779.00000000,0
1531163206136,1531163206131,3549123,0.00001142,629.00000000,1
1531163215726,1531163215722,3549124,0.00001143,755.00000000,0
1531163216134,1531163216129,3549125,0.00001143,94.00000000,0
1531163226070,1531163226065,3549126,0.00001142,213.00000000,1
1531163226082,1531163226077,3549127,0.00001142,1190.00000000,1
1531163246355,1531163246350,3549128,0.00001142,1052.00000000,1
1531163246373,1531163246368,3549129,0.00001142,607.00000000,1
1531163266213,1531163266207,3549130,0.00001142,125.00000000,1
1531163285685,1531163285680,3549131,0.00001142,588.00000000,1
1531163285708,1531163285702,3549132,0.00001142,458.00000000,1
1531163304881,1531163304876,3549133,0.00001142,975.00000000,1
1531163304895,1531163304889,3549134,0.00001142,1323.00000000,0
1531163304914,1531163304910,3549135,0.00001142,975.00000000,1
1531163324750,1531163324745,3549136,0.00001143,1227.00000000,0
1531163324766,1531163324763,3549137,0.00001142,621.00000000,1
1531163346752,1531163346747,3549138,0.00001142,159.00000000,1
1531163346767,1531163346762,3549139,0.00001142,117.00000000,1
1531163366345,1531163366340,3549140,0.00001143,1408.00000000,0
1531163366353,1531163366348,3549141,0.00001142,801.00000000,1
1531163366372,1531163366367,3549142,0.00001142,530.00000000,1
1531163385171,1531163385166,3549143,0.00001142,1042.00000000,1
1531163385186,1531163385182,3549144,0.00001142,88.00000000,1
1531163406626,1531163406620,3549145,0.00001143,735.00000000,0
1531163406642,1531163406636,3549146,0.00001142,453.00000000,1
1531163406657,1531163406652,3549147,0.00001142,400.00000000,1
1531163406678,1531163406673,3549148,0.00001141,1309.00000000,1
1531163406678,1531163406673,3549149,0.00001139,120.00000000,1
1531163425857,1531163425853,3549150,0.00001142,105.00000000,0
1531163425871,1531163425866,3549151,0.00001141,1064.00000000,1
1531163425891,1531163425887,3549152,0.00001141,88.00000000,1
1531163446257,1531163446252,3549153,0.00001142,1207.00000000,0
1531163446265,1531163446261,3549154,0.00001141,851.00000000,1
1531163464446,1531163464440,3549155,0.00001142,2034.00000000,0
1531163464466,1531163464460,3549156,0.00001141,901.00000000,1
1531163464489,1531163464485,3549157,0.00001141,855.00000000,1
1531163478508,1531163478502,3549158,0.00001142,403.00000000,1
1531163486947,1531163486942,3549159,0.00001141,414.00000000,1
1531163506278,1531163506274,3549160,0.00001143,1887.00000000,0
1531163506290,1531163506284,3549161,0.00001141,726.00000000,1
1531163526747,1531163526744,3549162,0.00001141,830.00000000,1
1531163546598,1531163546593,3549163,0.00001141,770.00000000,1
1531163546609,1531163546605,3549164,0.00001141,944.00000000,1
1531163566828,1531163566822,3549165,0.00001142,983.00000000,1
1531163585924,1531163585919,3549166,0.00001143,2905.00000000,0
1531163585941,1531163585936,3549167,0.00001141,1117.00000000,1
1531163585963,1531163585958,3549168,0.00001141,995.00000000,1
1531163604329,1531163604325,3549169,0.00001143,1144.00000000,0
1531163604346,1531163604340,3549170,0.00001141,444.00000000,1
1531163604359,1531163604353,3549171,0.00001141,924.00000000,1
1531163627093,1531163627087,3549172,0.00001141,2882.00000000,1
1531163627112,1531163627107,3549173,0.00001141,1291.00000000,1
1531163647132,1531163647127,3549174,0.00001141,118.00000000,1
1531163647162,1531163647155,3549175,0.00001141,212.00000000,1
1531163665260,1531163665253,3549176,0.00001143,3858.00000000,0
1531163665272,1531163665267,3549177,0.00001141,2290.00000000,1
1531163665294,1531163665289,3549178,0.00001141,2031.00000000,1
1531163684666,1531163684660,3549179,0.00001143,3623.00000000,0
1531163684678,1531163684673,3549180,0.00001141,2036.00000000,1
1531163706881,1531163706877,3549181,0.00001141,88.00000000,1
1531163727067,1531163727062,3549182,0.00001143,3120.00000000,0
1531163727083,1531163727079,3549183,0.00001141,542.00000000,1
1531163727107,1531163727101,3549184,0.00001141,2787.00000000,1
1531163746057,1531163746051,3549185,0.00001141,3207.00000000,1
1531163746081,1531163746076,3549186,0.00001141,2099.00000000,1
1531163747276,1531163747271,3549187,0.00001145,205.00000000,0
1531163763275,1531163763270,3549188,0.00001145,202.00000000,0
1531163765441,1531163765437,3549189,0.00001143,4698.00000000,0
1531163765456,1531163765450,3549190,0.00001141,2061.00000000,1
1531163784271,1531163784264,3549191,0.00001141,2011.00000000,1
1531163806207,1531163806178,3549192,0.00001141,1421.00000000,1
1531163806207,1531163806191,3549193,0.00001141,99.00000000,1
1531163815628,1531163815622,3549194,0.00001141,615.00000000,1
1531163815628,1531163815622,3549195,0.00001140,99.00000000,1
1531163826223,1531163826218,3549196,0.00001142,2705.00000000,0
1531163826240,1531163826233,3549197,0.00001141,1716.00000000,1
1531163826255,1531163826250,3549198,0.00001141,1083.00000000,1
1531163846553,1531163846547,3549199,0.00001142,3312.00000000,0
1531163846564,1531163846558,3549200,0.00001141,1227.00000000,1
1531163865893,1531163865887,3549201,0.00001142,4133.00000000,0
1531163865905,1531163865900,3549202,0.00001141,291.00000000,1
1531163865923,1531163865916,3549203,0.00001141,2199.00000000,1
1531163886871,1531163886866,3549204,0.00001142,3174.00000000,0
1531163886879,1531163886873,3549205,0.00001141,2018.00000000,1
1531163886898,1531163886892,3549206,0.00001141,1707.00000000,1
1531163904813,1531163904808,3549207,0.00001142,1298.00000000,0
1531163904825,1531163904819,3549208,0.00001141,88.00000000,1
1531163904841,1531163904835,3549209,0.00001141,663.00000000,1
1531163924314,1531163924308,3549210,0.00001142,3261.00000000,0
1531163924325,1531163924320,3549211,0.00001141,1290.00000000,1
1531163924346,1531163924341,3549212,0.00001141,1735.00000000,1
1531163947004,1531163946999,3549213,0.00001141,299.00000000,1
1531163947021,1531163947015,3549214,0.00001141,1474.00000000,1
1531163965307,1531163965302,3549215,0.00001142,1566.00000000,0
1531163965322,1531163965315,3549216,0.00001141,1567.00000000,1
1531163978791,1531163978787,3549217,0.00001140,205.00000000,1
1531163985039,1531163985035,3549218,0.00001141,792.00000000,1
1531163995589,1531163995584,3549219,0.00001140,142.00000000,1
1531164005030,1531164005025,3549220,0.00001141,1060.00000000,1
1531164025045,1531164025043,3549221,0.00001141,913.00000000,1
1531164025062,1531164025058,3549222,0.00001141,159.00000000,1
1531164046254,1531164046249,3549223,0.00001142,999.00000000,0
1531164046264,1531164046259,3549224,0.00001141,793.00000000,1
1531164066903,1531164066897,3549225,0.00001142,919.00000000,0
1531164066920,1531164066915,3549226,0.00001141,465.00000000,1
1531164084446,1531164084441,3549227,0.00001140,852.00000000,1
1531164084470,1531164084465,3549228,0.00001140,1019.00000000,1
1531164104987,1531164104981,3549229,0.00001140,342.00000000,1
1531164127296,1531164127292,3549230,0.00001140,2754.00000000,1
1531164127309,1531164127304,3549231,0.00001140,916.00000000,1
1531164146860,1531164146856,3549232,0.00001141,3233.00000000,0
1531164146868,1531164146862,3549233,0.00001140,185.00000000,1
1531164146894,1531164146888,3549234,0.00001140,2695.00000000,1
1531164166181,1531164166176,3549235,0.00001140,2418.00000000,1
1531164166199,1531164166193,3549236,0.00001140,1316.00000000,1
1531164184492,1531164184486,3549237,0.00001141,1592.00000000,0
1531164184503,1531164184501,3549238,0.00001140,899.00000000,1
1531164184529,1531164184523,3549239,0.00001140,1374.00000000,1
1531164204332,1531164204327,3549240,0.00001140,2427.00000000,1
1531164224924,1531164224918,3549241,0.00001140,822.00000000,1
1531164246572,1531164246566,3549242,0.00001141,528.00000000,1
1531164246582,1531164246576,3549243,0.00001141,389.00000000,0
1531164246594,1531164246587,3549244,0.00001141,528.00000000,1
1531164265891,1531164265887,3549245,0.00001140,2777.00000000,1
1531164265903,1531164265896,3549246,0.00001140,1112.00000000,1
1531164285994,1531164285989,3549247,0.00001141,2101.00000000,0
1531164286008,1531164286002,3549248,0.00001140,1695.00000000,1
1531164305550,1531164305548,3549249,0.00001140,603.00000000,1
1531164327026,1531164327021,3549250,0.00001141,1774.00000000,0
1531164327035,1531164327031,3549251,0.00001140,329.00000000,1
1531164327145,1531164327140,3549252,0.00001140,648.00000000,1
1531164345640,1531164345635,3549253,0.00001141,2217.00000000,0
1531164345651,1531164345645,3549254,0.00001140,2951.00000000,1
1531164345664,1531164345657,3549255,0.00001140,1849.00000000,1
1531164346134,1531164346130,3549256,0.00001140,190.00000000,0
1531164400763,1531164400760,3549257,0.00001139,28.00000000,1
1531164401541,1531164401539,3549258,0.00001140,131.00000000,0
1531164478387,1531164478382,3549259,0.00001139,1522.00000000,1
1531164564161,1531164564155,3549260,0.00001140,204.00000000,0
1531164586220,1531164586215,3549261,0.00001139,493.00000000,1
1531164593955,1531164593948,3549262,0.00001140,90.00000000,0
1531164593955,1531164593948,3549263,0.00001142,111.00000000,0
1531164606626,1531164606620,3549264,0.00001141,8475.00000000,0
1531164606643,1531164606637,3549265,0.00001140,4455.00000000,1
1531164606663,1531164606658,3549266,0.00001140,4816.00000000,1
1531164624727,1531164624724,3549267,0.00001141,5167.00000000,0
1531164624746,1531164624740,3549268,0.00001140,2350.00000000,1
1531164646645,1531164646641,3549269,0.00001144,116.00000000,0
1531164647169,1531164647164,3549270,0.00001141,4369.00000000,1
1531164664924,1531164664919,3549271,0.00001141,4849.00000000,1
1531164681032,1531164681025,3549272,0.00001144,105.00000000,0
1531164684459,1531164684453,3549273,0.00001142,2269.00000000,0
1531164684466,1531164684461,3549274,0.00001140,817.00000000,1
1531164706284,1531164706278,3549275,0.00001142,1549.00000000,0
1531164706298,1531164706293,3549276,0.00001140,538.00000000,1
1531164726390,1531164726385,3549277,0.00001142,3375.00000000,0
1531164726403,1531164726400,3549278,0.00001140,1593.00000000,1
1531164739619,1531164739612,3549279,0.00001140,204.00000000,1
1531164743584,1531164743583,3549280,0.00001141,172.00000000,1
1531164745280,1531164745275,3549281,0.00001141,92.00000000,1
1531164756711,1531164756710,3549282,0.00001140,204.00000000,0
1531164764457,1531164764453,3549283,0.00001141,172.00000000,0
1531164786770,1531164786767,3549284,0.00001142,585.00000000,1
1531164786788,1531164786782,3549285,0.00001141,264.00000000,1
1531164805224,1531164805219,3549286,0.00001142,521.00000000,1
1531164826064,1531164826059,3549287,0.00001142,1490.00000000,1
1531164826079,1531164826073,3549288,0.00001142,1429.00000000,1
1531164847514,1531164847510,3549289,0.00001143,14255.00000000,0
1531164847533,1531164847528,3549290,0.00001142,7748.00000000,1
1531164867080,1531164867074,3549291,0.00001142,5900.00000000,1
1531164867101,1531164867096,3549292,0.00001142,10558.00000000,1
1531164885952,1531164885948,3549293,0.00001143,12771.00000000,0
1531164885961,1531164885957,3549294,0.00001142,12521.00000000,1
1531164905683,1531164905677,3549295,0.00001142,1506.00000000,1
1531164926635,1531164926630,3549296,0.00001143,2176.00000000,0
1531164926652,1531164926647,3549297,0.00001142,2034.00000000,1
1531164926669,1531164926664,3549298,0.00001142,1183.00000000,1
1531164946929,1531164946924,3549299,0.00001142,9127.00000000,1
1531164946946,1531164946939,3549300,0.00001142,12789.00000000,1
1531164967285,1531164967280,3549301,0.00001142,500.00000000,1
1531164967305,1531164967299,3549302,0.00001142,582.00000000,1
1531164987264,1531164987260,3549303,0.00001142,1067.00000000,1
1531164987286,1531164987280,3549304,0.00001142,981.00000000,1
1531165006309,1531165006304,3549305,0.00001143,1900.00000000,0
1531165006323,1531165006317,3549306,0.00001142,857.00000000,1
1531165013886,1531165013880,3549307,0.00001145,804.00000000,0
1531165013886,1531165013880,3549308,0.00001146,69.00000000,0
1531165025499,1531165025494,3549309,0.00001143,517.00000000,1
1531165046499,1531165046493,3549310,0.00001143,931.00000000,1
1531165046511,1531165046505,3549311,0.00001143,1101.00000000,1
1531165064956,1531165064949,3549312,0.00001143,965.00000000,1
1531165064979,1531165064973,3549313,0.00001143,1112.00000000,1
1531165087243,1531165087237,3549314,0.00001144,1090.00000000,0
1531165087257,1531165087251,3549315,0.00001142,737.00000000,1
1531165101859,1531165101853,3549316,0.00001146,153.00000000,0
1531165105718,1531165105712,3549317,0.00001144,1432.00000000,0
1531165105738,1531165105732,3549318,0.00001142,1191.00000000,1
1531165105759,1531165105753,3549319,0.00001142,1119.00000000,1
1531165125392,1531165125386,3549320,0.00001144,2966.00000000,0
1531165125404,1531165125398,3549321,0.00001142,152.00000000,1
1531165125417,1531165125413,3549322,0.00001142,1107.00000000,1
1531165145926,1531165145920,3549323,0.00001144,1467.00000000,0
1531165145942,1531165145937,3549324,0.00001142,1083.00000000,1
1531165145962,1531165145956,3549325,0.00001142,742.00000000,1
1531165165214,1531165165210,3549326,0.00001144,3006.00000000,0
1531165165222,1531165165219,3549327,0.00001143,1109.00000000,1
1531165165240,1531165165235,3549328,0.00001143,1009.00000000,1
1531165184206,1531165184200,3549329,0.00001142,677.00000000,1
1531165205921,1531165205915,3549330,0.00001144,1385.00000000,0
1531165205929,1531165205924,3549331,0.00001142,1121.00000000,1
1531165205942,1531165205938,3549332,0.00001142,856.00000000,1
1531165226766,1531165226761,3549333,0.00001144,2265.00000000,0
1531165226776,1531165226770,3549334,0.00001142,88.00000000,1
1531165226790,1531165226785,3549335,0.00001142,793.00000000,1
1531165241355,1531165241352,3549336,0.00001146,202.00000000,0
1531165244289,1531165244284,3549337,0.00001144,430.00000000,0
1531165244299,1531165244296,3549338,0.00001142,176.00000000,1
1531165244318,1531165244312,3549339,0.00001142,209.00000000,1
1531165264998,1531165264992,3549340,0.00001142,506.00000000,1
1531165286081,1531165286076,3549341,0.00001142,321.00000000,1
1531165286105,1531165286100,3549342,0.00001142,1080.00000000,1
1531165306226,1531165306220,3549343,0.00001142,868.00000000,1
1531165327328,1531165327321,3549344,0.00001142,538.00000000,1
1531165344902,1531165344895,3549345,0.00001142,804.00000000,1
1531165344922,1531165344916,3549346,0.00001142,890.00000000,1
1531165364296,1531165364291,3549347,0.00001142,1405.00000000,1
1531165387149,1531165387144,3549348,0.00001142,1698.00000000,1
1531165387166,1531165387160,3549349,0.00001142,580.00000000,1
1531165407290,1531165407284,3549350,0.00001144,4546.00000000,0
1531165407308,1531165407302,3549351,0.00001142,1601.00000000,1
1531165424971,1531165424966,3549352,0.00001144,1257.00000000,0
1531165424988,1531165424983,3549353,0.00001142,440.00000000,1
1531165444554,1531165444549,3549354,0.00001142,343.00000000,1
1531165466296,1531165466291,3549355,0.00001144,772.00000000,0
1531165466306,1531165466300,3549356,0.00001143,1974.00000000,1
1531165466322,1531165466315,3549357,0.00001143,644.00000000,1
1531165472182,1531165472178,3549358,0.00001142,202.00000000,1
1531165486863,1531165486858,3549359,0.00001143,1978.00000000,0
1531165486873,1531165486868,3549360,0.00001142,1269.00000000,1
1531165486898,1531165486892,3549361,0.00001142,1622.00000000,1
1531165506429,1531165506425,3549362,0.00001142,1026.00000000,1
1531165506445,1531165506440,3549363,0.00001142,387.00000000,1
1531165524495,1531165524489,3549364,0.00001142,429.00000000,1
1531165524521,1531165524516,3549365,0.00001142,1137.00000000,1
1531165524537,1531165524532,3549366,0.00001142,295.00000000,1
1531165546202,1531165546195,3549367,0.00001142,1302.00000000,1
1531165546216,1531165546211,3549368,0.00001142,2004.00000000,0
1531165546228,1531165546222,3549369,0.00001142,1302.00000000,1
1531165546624,1531165546618,3549370,0.00001141,202.00000000,1
1531165566739,1531165566733,3549371,0.00001142,1080.00000000,1
1531165586725,1531165586718,3549372,0.00001143,2354.00000000,0
1531165586744,1531165586738,3549373,0.00001142,865.00000000,1
1531165586769,1531165586765,3549374,0.00001142,1091.00000000,1
1531165604408,1531165604403,3549375,0.00001143,2640.00000000,0
1531165604420,1531165604415,3549376,0.00001142,132.00000000,1
1531165604439,1531165604433,3549377,0.00001142,1179.00000000,1
1531165627066,1531165627059,3549378,0.00001142,1038.00000000,1
1531165645491,1531165645484,3549379,0.00001143,252.00000000,0
1531165645511,1531165645504,3549380,0.00001142,101.00000000,1
1531165664932,1531165664927,3549381,0.00001142,318.00000000,1
1531165685532,1531165685527,3549382,0.00001142,263.00000000,1
1531165685548,1531165685541,3549383,0.00001142,632.00000000,1
1531165705255,1531165705251,3549384,0.00001142,1016.00000000,1
1531165727035,1531165727029,3549385,0.00001143,98.00000000,0
1531165727042,1531165727037,3549386,0.00001142,88.00000000,1
1531165747559,1531165747554,3549387,0.00001142,1116.00000000,1
1531165764185,1531165764179,3549388,0.00001143,409.00000000,0
1531165764197,1531165764192,3549389,0.00001142,214.00000000,1
1531165764217,1531165764210,3549390,0.00001142,325.00000000,1
1531165785668,1531165785663,3549391,0.00001143,1481.00000000,0
1531165785681,1531165785677,3549392,0.00001142,193.00000000,1
1531165785701,1531165785696,3549393,0.00001142,915.00000000,1
1531165804666,1531165804661,3549394,0.00001142,475.00000000,1
1531165825233,1531165825227,3549395,0.00001143,3157.00000000,0
1531165825240,1531165825236,3549396,0.00001142,1136.00000000,1
1531165845175,1531165845168,3549397,0.00001143,631.00000000,0
1531165845192,1531165845186,3549398,0.00001142,338.00000000,1
1531165845209,1531165845204,3549399,0.00001142,272.00000000,1
1531165866071,1531165866066,3549400,0.00001142,943.00000000,1
1531165866090,1531165866084,3549401,0.00001142,795.00000000,1
1531165885459,1531165885453,3549402,0.00001143,1882.00000000,0
1531165885478,1531165885472,3549403,0.00001142,747.00000000,1
1531165906554,1531165906548,3549404,0.00001142,212.00000000,1
1531165906574,1531165906568,3549405,0.00001142,644.00000000,1
1531165926257,1531165926251,3549406,0.00001142,88.00000000,1
1531165926276,1531165926270,3549407,0.00001142,331.00000000,1
1531165944239,1531165944234,3549408,0.00001143,1202.00000000,0
1531165944249,1531165944242,3549409,0.00001142,925.00000000,1
1531165965131,1531165965125,3549410,0.00001142,88.00000000,1
1531165985651,1531165985646,3549411,0.00001143,420.00000000,0
1531165985661,1531165985656,3549412,0.00001142,1057.00000000,1
1531165985674,1531165985669,3549413,0.00001142,288.00000000,1
1531166005837,1531166005830,3549414,0.00001143,1869.00000000,0
1531166005851,1531166005846,3549415,0.00001142,920.00000000,1
1531166005879,1531166005875,3549416,0.00001142,974.00000000,1
1531166025280,1531166025277,3549417,0.00001143,1105.00000000,0
1531166025297,1531166025290,3549418,0.00001142,430.00000000,1
1531166025312,1531166025306,3549419,0.00001142,1106.00000000,1
1531166045805,1531166045798,3549420,0.00001140,696.00000000,1
1531166065376,1531166065371,3549421,0.00001141,1857.00000000,0
1531166065387,1531166065385,3549422,0.00001140,869.00000000,1
1531166085378,1531166085372,3549423,0.00001141,1718.00000000,0
1531166085396,1531166085394,3549424,0.00001140,693.00000000,1
1531166107630,1531166107621,3549425,0.00001140,1089.00000000,1
1531166126520,1531166126514,3549426,0.00001141,1004.00000000,1
1531166126528,1531166126523,3549427,0.00001141,962.00000000,0
1531166126543,1531166126537,3549428,0.00001141,1004.00000000,1
1531166146844,1531166146840,3549429,0.00001141,1530.00000000,0
1531166146864,1531166146860,3549430,0.00001140,994.00000000,1
1531166166799,1531166166793,3549431,0.00001140,912.00000000,1
1531166166822,1531166166816,3549432,0.00001140,677.00000000,1
1531166184758,1531166184751,3549433,0.00001140,951.00000000,1
1531166184782,1531166184776,3549434,0.00001140,88.00000000,1
1531166204733,1531166204727,3549435,0.00001141,2013.00000000,0
1531166204754,1531166204752,3549436,0.00001140,978.00000000,1
1531166225686,1531166225682,3549437,0.00001141,1539.00000000,1
1531166225719,1531166225713,3549438,0.00001141,1112.00000000,1
1531166225742,1531166225735,3549439,0.00001141,616.00000000,1
1531166231690,1531166231685,3549440,0.00001142,184.00000000,0
1531166231690,1531166231685,3549441,0.00001144,94.00000000,0
1531166246702,1531166246698,3549442,0.00001142,840.00000000,0
1531166246717,1531166246711,3549443,0.00001140,824.00000000,1
1531166246734,1531166246728,3549444,0.00001140,738.00000000,1
1531166264154,1531166264149,3549445,0.00001140,395.00000000,1
1531166287033,1531166287026,3549446,0.00001140,625.00000000,1
1531166287057,1531166287053,3549447,0.00001140,492.00000000,1
1531166296931,1531166296925,3549448,0.00001139,81.00000000,1
1531166300613,1531166300607,3549449,0.00001142,88.00000000,0
1531166300613,1531166300607,3549450,0.00001144,632.00000000,0
1531166300613,1531166300607,3549451,0.00001146,155.00000000,0
1531166326448,1531166326441,3549452,0.00001143,787.00000000,0
1531166326462,1531166326456,3549453,0.00001142,286.00000000,1
1531166326481,1531166326475,3549454,0.00001142,464.00000000,1
1531166345270,1531166345265,3549455,0.00001142,88.00000000,1
1531166345282,1531166345277,3549456,0.00001142,537.00000000,1
1531166364958,1531166364952,3549457,0.00001142,707.00000000,1
1531166364978,1531166364973,3549458,0.00001142,314.00000000,1
1531166386626,1531166386619,3549459,0.00001142,739.00000000,1
1531166386644,1531166386639,3549460,0.00001142,1039.00000000,1
1531166406520,1531166406513,3549461,0.00001142,225.00000000,1
1531166423084,1531166423077,3549462,0.00001142,2318.00000000,1
1531166427157,1531166427152,3549463,0.00001142,23120.00000000,1
1531166427173,1531166427168,3549464,0.00001142,23533.00000000,1
1531166447091,1531166447086,3549465,0.00001140,34475.00000000,1
1531166447116,1531166447109,3549466,0.00001142,2318.00000000,0
1531166467160,1531166467154,3549467,0.00001142,17030.00000000,1
1531166485737,1531166485730,3549468,0.00001142,6172.00000000,1
1531166485760,1531166485757,3549469,0.00001142,31583.00000000,1
1531166505814,1531166505807,3549470,0.00001143,26489.00000000,0
1531166505826,1531166505820,3549471,0.00001142,6315.00000000,1
1531166505844,1531166505839,3549472,0.00001142,9885.00000000,1
1531166524910,1531166524905,3549473,0.00001142,14524.00000000,1
1531166546404,1531166546399,3549474,0.00001142,36180.00000000,1
1531166564125,1531166564117,3549475,0.00001142,92.00000000,1
1531166565356,1531166565351,3549476,0.00001142,108340.00000000,1
1531166586369,1531166586364,3549477,0.00001143,80580.00000000,1
1531166606162,1531166606156,3549478,0.00001143,80410.00000000,1
1531166606192,1531166606186,3549479,0.00001143,15750.00000000,1
1531166644658,1531166644656,3549480,0.00001143,1851.00000000,1
1531166644665,1531166644661,3549481,0.00001143,226.00000000,0
1531166644682,1531166644678,3549482,0.00001143,1051.00000000,1
1531166644701,1531166644696,3549483,0.00001143,800.00000000,1
1531166665538,1531166665533,3549484,0.00001143,897.00000000,1
1531166665553,1531166665547,3549485,0.00001143,266.00000000,1
1531166684590,1531166684585,3549486,0.00001143,252.00000000,1
1531166706350,1531166706343,3549487,0.00001144,386.00000000,0
1531166706362,1531166706355,3549488,0.00001143,137.00000000,1
1531166724971,1531166724969,3549489,0.00001144,1604.00000000,0
1531166724988,1531166724983,3549490,0.00001143,920.00000000,1
1531166725011,1531166725006,3549491,0.00001143,750.00000000,1
1531166747200,1531166747196,3549492,0.00001143,442.00000000,1
1531166747221,1531166747217,3549493,0.00001143,1172.00000000,1
1531166765984,1531166765980,3549494,0.00001143,1183.00000000,1
1531166784861,1531166784856,3549495,0.00001143,88.00000000,1
1531166807146,1531166807142,3549496,0.00001143,358.00000000,1
1531166827415,1531166827409,3549497,0.00001143,88.00000000,1
1531166827430,1531166827424,3549498,0.00001143,995.00000000,1
1531166866578,1531166866572,3549499,0.00001144,1763.00000000,0
1531166866592,1531166866586,3549500,0.00001143,706.00000000,1
1531166880973,1531166880966,3549501,0.00001143,1134.00000000,1
1531166880990,1531166880989,3549502,0.00001143,95.00000000,1
1531166904877,1531166904871,3549503,0.00001143,481.00000000,1
1531166910554,1531166910549,3549504,0.00001143,279.00000000,1
1531166926090,1531166926083,3549505,0.00001143,832.00000000,1
1531166926112,1531166926106,3549506,0.00001143,290.00000000,1
1531166946691,1531166946686,3549507,0.00001143,901.00000000,1
1531166946711,1531166946705,3549508,0.00001143,96.00000000,1
1531166966867,1531166966862,3549509,0.00001143,632.00000000,1
1531166966888,1531166966883,3549510,0.00001143,88.00000000,1
1531166987024,1531166987021,3549511,0.00001143,1009.00000000,1
1531166987040,1531166987034,3549512,0.00001143,922.00000000,1
1531167003593,1531167003587,3549513,0.00001143,444.00000000,1
1531167063368,1531167063365,3549514,0.00001143,1042.00000000,0
1531167145726,1531167145723,3549515,0.00001143,875.00000000,0
1531167245608,1531167245602,3549516,0.00001143,23213.00000000,1
1531167245622,1531167245616,3549517,0.00001143,38068.00000000,0
1531167245634,1531167245629,3549518,0.00001143,23213.00000000,1
1531167265348,1531167265343,3549519,0.00001143,192.00000000,1
1531167265360,1531167265356,3549520,0.00001143,28004.00000000,1
1531167286618,1531167286611,3549521,0.00001143,30859.00000000,1
1531167304788,1531167304782,3549522,0.00001143,3314.00000000,1
1531167324693,1531167324687,3549523,0.00001143,47071.00000000,1
1531167324706,1531167324700,3549524,0.00001143,3378.00000000,0
1531167324717,1531167324712,3549525,0.00001143,23496.00000000,1
1531167324742,1531167324736,3549526,0.00001143,23575.00000000,1
1531167381463,1531167381457,3549527,0.00001142,9.00000000,1
1531167390389,1531167390382,3549528,0.00001139,750.00000000,1
1531167390389,1531167390382,3549529,0.00001138,817.00000000,1
1531167404265,1531167404262,3549530,0.00001141,6148.00000000,1
1531167416908,1531167416902,3549531,0.00001140,5161.00000000,1
1531167425451,1531167425446,3549532,0.00001141,5468.00000000,0
1531167425461,1531167425456,3549533,0.00001139,4411.00000000,1
1531167465522,1531167465517,3549534,0.00001141,3023.00000000,0
1531167465538,1531167465533,3549535,0.00001140,1964.00000000,1
1531167487645,1531167487640,3549536,0.00001141,2660.00000000,1
1531167498676,1531167498671,3549537,0.00001144,874.00000000,0
1531167506506,1531167506502,3549538,0.00001141,2340.00000000,1
1531167506529,1531167506523,3549539,0.00001141,3601.00000000,1
1531167526505,1531167526500,3549540,0.00001144,725.00000000,0
1531167526519,1531167526514,3549541,0.00001142,966.00000000,1
1531167526537,1531167526532,3549542,0.00001142,616.00000000,1
1531167546514,1531167546509,3549543,0.00001144,5303.00000000,0
1531167546526,1531167546522,3549544,0.00001142,1137.00000000,1
1531167546544,1531167546540,3549545,0.00001142,1855.00000000,1
1531167565150,1531167565145,3549546,0.00001143,705.00000000,1
1531167565166,1531167565160,3549547,0.00001143,3043.00000000,1
1531167584821,1531167584817,3549548,0.00001143,5680.00000000,0
1531167584838,1531167584833,3549549,0.00001142,2273.00000000,1
1531167605866,1531167605863,3549550,0.00001143,544.00000000,0
1531167605885,1531167605880,3549551,0.00001142,1990.00000000,1
1531167605903,1531167605897,3549552,0.00001142,359.00000000,1
1531167620481,1531167620477,3549553,0.00001142,2266.00000000,1
1531167646358,1531167646353,3549554,0.00001141,3769.00000000,0
1531167646366,1531167646361,3549555,0.00001140,2356.00000000,1
1531167667122,1531167667118,3549556,0.00001140,3870.00000000,1
1531167667136,1531167667131,3549557,0.00001140,5450.00000000,0
1531167667150,1531167667145,3549558,0.00001140,392.00000000,1
1531167667165,1531167667159,3549559,0.00001140,3478.00000000,1
1531167681634,1531167681631,3549560,0.00001142,875.00000000,0
1531167685731,1531167685725,3549561,0.00001141,8240.00000000,0
1531167685750,1531167685748,3549562,0.00001140,1249.00000000,1
1531167685779,1531167685778,3549563,0.00001140,3746.00000000,1
1531167705657,1531167705651,3549564,0.00001142,2851.00000000,0
1531167705673,1531167705667,3549565,0.00001141,1550.00000000,1
1531167724504,1531167724499,3549566,0.00001141,1025.00000000,1
1531167724512,1531167724508,3549567,0.00001141,2039.00000000,1
1531167745264,1531167745258,3549568,0.00001140,531.00000000,1
1531167745283,1531167745283,3549569,0.00001140,476.00000000,1
1531167765068,1531167765062,3549570,0.00001142,124.00000000,0
1531167765076,1531167765075,3549571,0.00001140,1013.00000000,1
1531167765091,1531167765086,3549572,0.00001140,117.00000000,1
1531167786585,1531167786579,3549573,0.00001142,493.00000000,0
1531167786599,1531167786593,3549574,0.00001140,326.00000000,1
1531167786621,1531167786615,3549575,0.00001140,405.00000000,1
1531167806795,1531167806792,3549576,0.00001142,582.00000000,0
1531167806811,1531167806805,3549577,0.00001140,470.00000000,1
1531167826947,1531167826945,3549578,0.00001142,1697.00000000,0
1531167826961,1531167826958,3549579,0.00001141,1089.00000000,1
1531167826981,1531167826977,3549580,0.00001141,841.00000000,1
1531167845003,1531167844998,3549581,0.00001141,980.00000000,1
1531167866575,1531167866570,3549582,0.00001141,11699.00000000,1
1531167866592,1531167866586,3549583,0.00001141,815.00000000,1
1531167886872,1531167886867,3549584,0.00001141,11165.00000000,1
1531167907289,1531167907284,3549585,0.00001141,13104.00000000,1
1531167907302,1531167907296,3549586,0.00001141,4217.00000000,1
1531167926224,1531167926218,3549587,0.00001141,9136.00000000,1
1531167946033,1531167946029,3549588,0.00001142,14595.00000000,0
1531167946047,1531167946042,3549589,0.00001141,13269.00000000,1
1531167947666,1531167947661,3549590,0.00001140,1514.00000000,1
1531167966289,1531167966285,3549591,0.00001140,12193.00000000,1
1531167985647,1531167985642,3549592,0.00001141,9033.00000000,1
1531167985667,1531167985660,3549593,0.00001141,3960.00000000,1
1531168007130,1531168007126,3549594,0.00001141,200.00000000,1
1531168007155,1531168007150,3549595,0.00001141,11416.00000000,1
1531168026000,1531168025997,3549596,0.00001142,12293.00000000,1
1531168047249,1531168047243,3549597,0.00001143,26105.00000000,0
1531168047261,1531168047257,3549598,0.00001142,8820.00000000,1
1531168058843,1531168058837,3549599,0.00001142,3000.00000000,1
1531168058843,1531168058837,3549600,0.00001140,600.00000000,1
1531168066664,1531168066661,3549601,0.00001141,330.00000000,1
1531168066677,1531168066677,3549602,0.00001141,2978.00000000,1
1531168085151,1531168085148,3549603,0.00001141,3208.00000000,1
1531168085164,1531168085164,3549604,0.00001141,1120.00000000,1
1531168105519,1531168105514,3549605,0.00001142,37839.00000000,0
1531168105531,1531168105526,3549606,0.00001141,12871.00000000,1
1531168111173,1531168111168,3549607,0.00001140,100.00000000,1
1531168111173,1531168111168,3549608,0.00001139,6453.00000000,1
1531168125348,1531168125342,3549609,0.00001142,28409.00000000,0
1531168125362,1531168125358,3549610,0.00001140,453.00000000,1
1531168125380,1531168125374,3549611,0.00001140,12246.00000000,1
1531168128695,1531168128696,3549612,0.00001142,932.00000000,0
1531168132702,1531168132696,3549613,0.00001142,932.00000000,0
1531168147028,1531168147025,3549614,0.00001141,1320.00000000,0
1531168147042,1531168147037,3549615,0.00001139,11803.00000000,1
1531168147060,1531168147055,3549616,0.00001139,905.00000000,1
1531168166892,1531168166886,3549617,0.00001140,88.00000000,1
1531168178766,1531168178765,3549618,0.00001142,932.00000000,0
1531168205114,1531168205108,3549619,0.00001142,13626.00000000,0
1531168205133,1531168205130,3549620,0.00001141,10765.00000000,1
1531168205148,1531168205143,3549621,0.00001141,5925.00000000,1
1531168224700,1531168224694,3549622,0.00001142,7176.00000000,0
1531168224715,1531168224709,3549623,0.00001141,3176.00000000,1
1531168246385,1531168246379,3549624,0.00001141,2879.00000000,1
1531168246402,1531168246398,3549625,0.00001141,391.00000000,1
1531168267605,1531168267600,3549626,0.00001142,1054.00000000,0
1531168267612,1531168267606,3549627,0.00001141,455.00000000,1
1531168284317,1531168284312,3549628,0.00001141,808.00000000,1
1531168284329,1531168284323,3549629,0.00001141,2432.00000000,1
1531168304228,1531168304222,3549630,0.00001141,3855.00000000,1
1531168304258,1531168304252,3549631,0.00001141,2035.00000000,1
1531168325919,1531168325919,3549632,0.00001142,2662.00000000,0
1531168325928,1531168325922,3549633,0.00001141,1040.00000000,1
1531168346634,1531168346634,3549634,0.00001141,1663.00000000,1
1531168346656,1531168346650,3549635,0.00001141,1720.00000000,1
1531168367375,1531168367370,3549636,0.00001142,3834.00000000,0
1531168367390,1531168367385,3549637,0.00001141,2062.00000000,1
1531168384643,1531168384643,3549638,0.00001142,4156.00000000,0
1531168384657,1531168384652,3549639,0.00001141,1464.00000000,1
1531168406128,1531168406123,3549640,0.00001141,666.00000000,1
1531168427104,1531168427098,3549641,0.00001142,7049.00000000,0
1531168427118,1531168427113,3549642,0.00001141,2987.00000000,1
1531168444842,1531168444836,3549643,0.00001141,3049.00000000,1
1531168444864,1531168444859,3549644,0.00001141,2204.00000000,1
1531168467185,1531168467180,3549645,0.00001141,1812.00000000,1
1531168467208,1531168467203,3549646,0.00001141,1068.00000000,1
1531168485132,1531168485129,3549647,0.00001141,2430.00000000,1
1531168494694,1531168494688,3549648,0.00001140,473.00000000,1
1531168507357,1531168507352,3549649,0.00001141,462.00000000,1
1531168527220,1531168527215,3549650,0.00001141,3255.00000000,1
1531168544537,1531168544530,3549651,0.00001142,1386.00000000,0
1531168544545,1531168544540,3549652,0.00001141,1285.00000000,1
1531168544562,1531168544559,3549653,0.00001141,730.00000000,1
1531168565346,1531168565340,3549654,0.00001141,2233.00000000,1
1531168565363,1531168565362,3549655,0.00001141,786.00000000,1
1531168584897,1531168584891,3549656,0.00001142,3454.00000000,0
1531168584911,1531168584907,3549657,0.00001141,3141.00000000,1
1531168606035,1531168606029,3549658,0.00001141,1550.00000000,1
1531168626994,1531168626989,3549659,0.00001141,2025.00000000,1
1531168644857,1531168644852,3549660,0.00001142,436.00000000,0
1531168644872,1531168644867,3549661,0.00001141,189.00000000,1
1531168664327,1531168664322,3549662,0.00001142,6115.00000000,0
1531168664338,1531168664335,3549663,0.00001141,2157.00000000,1
1531168664359,1531168664352,3549664,0.00001141,3186.00000000,1
1531168686132,1531168686126,3549665,0.00001141,1126.00000000,1
1531168706663,1531168706657,3549666,0.00001141,1438.00000000,1
1531168706692,1531168706687,3549667,0.00001141,1961.00000000,1
1531168725248,1531168725243,3549668,0.00001142,2311.00000000,0
1531168725262,1531168725256,3549669,0.00001141,1354.00000000,1
1531168725282,1531168725277,3549670,0.00001141,781.00000000,1
1531168745486,1531168745481,3549671,0.00001141,2792.00000000,1
1531168745503,1531168745497,3549672,0.00001141,992.00000000,1
1531168767262,1531168767257,3549673,0.00001142,3088.00000000,0
1531168767269,1531168767268,3549674,0.00001141,446.00000000,1
1531168767289,1531168767284,3549675,0.00001141,2340.00000000,1
1531168784863,1531168784858,3549676,0.00001142,4306.00000000,0
1531168784914,1531168784873,3549677,0.00001141,3164.00000000,1
1531168784914,1531168784897,3549678,0.00001141,2091.00000000,1
1531168807645,1531168807642,3549679,0.00001141,215.00000000,1
1531168807660,1531168807655,3549680,0.00001141,2262.00000000,1
1531168825176,1531168825172,3549681,0.00001142,5480.00000000,0
1531168825185,1531168825180,3549682,0.00001141,3150.00000000,1
1531168846060,1531168846055,3549683,0.00001141,963.00000000,1
1531168846078,1531168846072,3549684,0.00001141,1376.00000000,1
1531168864782,1531168864778,3549685,0.00001142,10091.00000000,0
1531168864791,1531168864787,3549686,0.00001141,3579.00000000,1
1531168886158,1531168886152,3549687,0.00001141,5420.00000000,1
1531168906029,1531168906023,3549688,0.00001141,2704.00000000,1
1531168906051,1531168906045,3549689,0.00001141,88.00000000,1
1531168918218,1531168918212,3549690,0.00001140,975.00000000,1
1531168918567,1531168918560,3549691,0.00001140,974.00000000,1
1531168919367,1531168919362,3549692,0.00001140,984.00000000,1
1531168919648,1531168919642,3549693,0.00001140,994.00000000,1
1531168919970,1531168919964,3549694,0.00001140,1004.00000000,1
1531168920259,1531168920253,3549695,0.00001139,673.00000000,1
1531168920259,1531168920253,3549696,0.00001138,340.00000000,1
1531168923508,1531168923504,3549697,0.00001139,1896.00000000,1
1531168923508,1531168923504,3549698,0.00001138,15860.00000000,1
1531168923508,1531168923504,3549699,0.00001137,9692.00000000,1
1531168933328,1531168933321,3549700,0.00001143,664.00000000,0
1531168947084,1531168947078,3549701,0.00001141,12195.00000000,0
1531168947094,1531168947089,3549702,0.00001139,4517.00000000,1
1531168965248,1531168965243,3549703,0.00001141,3583.00000000,0
1531168965261,1531168965256,3549704,0.00001139,1328.00000000,1
1531168987295,1531168987289,3549705,0.00001139,5514.00000000,1
1531168987318,1531168987311,3549706,0.00001139,4687.00000000,1
1531169005869,1531169005863,3549707,0.00001139,5336.00000000,1
1531169010291,1531169010285,3549708,0.00001141,733.00000000,0
1531169015254,1531169015247,3549709,0.00001143,699.00000000,0
1531169026095,1531169026092,3549710,0.00001141,6782.00000000,0
1531169026102,1531169026098,3549711,0.00001139,2211.00000000,1
1531169026124,1531169026122,3549712,0.00001139,3170.00000000,1
1531169045374,1531169045369,3549713,0.00001141,3427.00000000,0
1531169045384,1531169045379,3549714,0.00001139,4533.00000000,1
1531169045403,1531169045397,3549715,0.00001139,1648.00000000,1
1531169066027,1531169066024,3549716,0.00001143,11858.00000000,0
1531169066039,1531169066034,3549717,0.00001141,3980.00000000,1
1531169086924,1531169086919,3549718,0.00001141,88.00000000,1
1531169106606,1531169106601,3549719,0.00001142,191.00000000,1
1531169126919,1531169126915,3549720,0.00001143,1433.00000000,0
1531169126929,1531169126923,3549721,0.00001141,943.00000000,1
1531169126951,1531169126946,3549722,0.00001141,1156.00000000,1
1531169144788,1531169144782,3549723,0.00001143,439.00000000,0
1531169144805,1531169144800,3549724,0.00001142,129.00000000,1
1531169144834,1531169144829,3549725,0.00001142,338.00000000,1
1531169157563,1531169157559,3549726,0.00001144,156.00000000,0
1531169165741,1531169165735,3549727,0.00001141,1319.00000000,1
1531169165761,1531169165757,3549728,0.00001141,554.00000000,1
1531169186904,1531169186900,3549729,0.00001143,1302.00000000,0
1531169186918,1531169186912,3549730,0.00001141,1112.00000000,1
1531169186931,1531169186925,3549731,0.00001141,665.00000000,1
1531169204660,1531169204655,3549732,0.00001143,292.00000000,0
1531169204669,1531169204663,3549733,0.00001141,181.00000000,1
1531169225011,1531169225005,3549734,0.00001141,594.00000000,1
1531169225027,1531169225021,3549735,0.00001141,1393.00000000,1
1531169245152,1531169245147,3549736,0.00001142,1383.00000000,1
1531169264506,1531169264501,3549737,0.00001142,1119.00000000,1
1531169287470,1531169287464,3549738,0.00001142,1179.00000000,1
1531169303483,1531169303477,3549739,0.00001142,3173.00000000,1
1531169324451,1531169324446,3549740,0.00001142,800.00000000,1
1531169324469,1531169324464,3549741,0.00001142,818.00000000,1
1531169348761,1531169348755,3549742,0.00001141,90.00000000,1
1531169348761,1531169348755,3549743,0.00001140,700.00000000,1
1531169348761,1531169348755,3549744,0.00001138,68.00000000,1
1531169349107,1531169349100,3549745,0.00001142,286.00000000,0
1531169350145,1531169350138,3549746,0.00001142,95.00000000,0
1531169364293,1531169364289,3549747,0.00001140,2189.00000000,0
1531169364308,1531169364302,3549748,0.00001139,1369.00000000,1
1531169369696,1531169369691,3549749,0.00001141,96.00000000,0
1531169384926,1531169384921,3549750,0.00001140,579.00000000,0
1531169384947,1531169384941,3549751,0.00001139,377.00000000,1
1531169394454,1531169394447,3549752,0.00001142,932.00000000,0
1531169395284,1531169395279,3549753,0.00001138,168.00000000,1
1531169396128,1531169396122,3549754,0.00001142,101.00000000,0
1531169397009,1531169397003,3549755,0.00001142,8572.00000000,0
1531169405681,1531169405676,3549756,0.00001139,930.00000000,1
1531169405700,1531169405695,3549757,0.00001139,1089.00000000,1
1531169414928,1531169414922,3549758,0.00001139,131.00000000,0
1531169425655,1531169425650,3549759,0.00001140,624.00000000,1
1531169425669,1531169425665,3549760,0.00001140,1007.00000000,1
1531169445479,1531169445474,3549761,0.00001141,3224.00000000,0
1531169445490,1531169445485,3549762,0.00001140,1152.00000000,1
1531169484322,1531169484317,3549763,0.00001141,402.00000000,1
1531169484333,1531169484328,3549764,0.00001141,231.00000000,1
1531169506370,1531169506364,3549765,0.00001141,687.00000000,1
1531169546984,1531169546979,3549766,0.00001142,677.00000000,0
1531169547004,1531169546999,3549767,0.00001141,300.00000000,1
1531169564371,1531169564366,3549768,0.00001141,298.00000000,1
1531169564395,1531169564392,3549769,0.00001141,1244.00000000,1
1531169586163,1531169586158,3549770,0.00001141,1581.00000000,1
1531169586178,1531169586174,3549771,0.00001141,396.00000000,1
1531169604819,1531169604814,3549772,0.00001141,2037.00000000,1
1531169626322,1531169626316,3549773,0.00001141,1613.00000000,1
1531169645658,1531169645652,3549774,0.00001142,468.00000000,0
1531169645677,1531169645671,3549775,0.00001141,187.00000000,1
1531169652410,1531169652406,3549776,0.00001140,277.00000000,1
1531169666606,1531169666601,3549777,0.00001141,776.00000000,1
1531169666630,1531169666624,3549778,0.00001141,498.00000000,1
1531169686236,1531169686230,3549779,0.00001140,10199.00000000,1
1531169686250,1531169686245,3549780,0.00001140,5318.00000000,1
1531169705969,1531169705963,3549781,0.00001140,20352.00000000,1
1531169724327,1531169724322,3549782,0.00001142,21369.00000000,0
1531169724348,1531169724342,3549783,0.00001140,18746.00000000,1
1531169747114,1531169747109,3549784,0.00001140,1842.00000000,1
1531169747127,1531169747120,3549785,0.00001140,7060.00000000,1
1531169766668,1531169766663,3549786,0.00001142,813.00000000,0
1531169766675,1531169766671,3549787,0.00001140,814.00000000,1
1531169785001,1531169784997,3549788,0.00001142,3604.00000000,0
1531169785010,1531169785005,3549789,0.00001140,3401.00000000,1
1531169807274,1531169807269,3549790,0.00001142,27074.00000000,0
1531169807286,1531169807281,3549791,0.00001140,4665.00000000,1
1531169807305,1531169807299,3549792,0.00001140,10028.00000000,1
1531169824827,1531169824820,3549793,0.00001140,11445.00000000,1
1531169824851,1531169824845,3549794,0.00001140,17607.00000000,1
1531169844659,1531169844653,3549795,0.00001140,18512.00000000,1
1531169864789,1531169864784,3549796,0.00001140,6818.00000000,1
1531169864812,1531169864807,3549797,0.00001140,7965.00000000,1
1531169885491,1531169885487,3549798,0.00001142,44599.00000000,0
1531169885504,1531169885499,3549799,0.00001140,6505.00000000,1
1531169885528,1531169885523,3549800,0.00001140,17154.00000000,1
1531169907024,1531169907020,3549801,0.00001140,14136.00000000,1
1531169911482,1531169911477,3549802,0.00001139,858.00000000,1
1531169926867,1531169926863,3549803,0.00001142,24537.00000000,0
1531169926879,1531169926874,3549804,0.00001140,13748.00000000,1
1531169926901,1531169926896,3549805,0.00001140,23149.00000000,1
1531169944697,1531169944692,3549806,0.00001140,7097.00000000,1
1531169966054,1531169966049,3549807,0.00001141,983.00000000,1
1531169984664,1531169984658,3549808,0.00001142,30774.00000000,0
1531169984677,1531169984672,3549809,0.00001140,6086.00000000,1
1531169984690,1531169984685,3549810,0.00001140,11657.00000000,1
1531170007305,1531170007300,3549811,0.00001140,3178.00000000,1
1531170015267,1531170015262,3549812,0.00001139,3173.00000000,1
1531170018242,1531170018237,3549813,0.00001144,65.00000000,0
1531170023231,1531170023225,3549814,0.00001144,632.00000000,0
1531170023231,1531170023225,3549815,0.00001145,100.00000000,0
1531170023245,1531170023239,3549816,0.00001145,1246.00000000,0
1531170023254,1531170023249,3549817,0.00001145,463.00000000,0
1531170061881,1531170061876,3549818,0.00001145,120.00000000,0
1531170065021,1531170065016,3549819,0.00001144,2812.00000000,1
1531170065041,1531170065035,3549820,0.00001144,1859.00000000,1
1531170085744,1531170085739,3549821,0.00001143,17054.00000000,1
1531170085757,1531170085753,3549822,0.00001143,11726.00000000,1
1531170105241,1531170105237,3549823,0.00001143,17692.00000000,1
1531170125500,1531170125494,3549824,0.00001143,2735.00000000,1
1531170147017,1531170147011,3549825,0.00001144,27767.00000000,0
1531170147032,1531170147028,3549826,0.00001143,12508.00000000,1
1531170165457,1531170165426,3549827,0.00001143,13835.00000000,1
1531170165457,1531170165443,3549828,0.00001143,7490.00000000,1
1531170187099,1531170187094,3549829,0.00001144,15626.00000000,0
1531170187109,1531170187103,3549830,0.00001143,9155.00000000,1
1531170187133,1531170187129,3549831,0.00001143,9529.00000000,1
1531170205807,1531170205802,3549832,0.00001143,200.00000000,1
1531170225603,1531170225596,3549833,0.00001144,13037.00000000,0
1531170225625,1531170225620,3549834,0.00001143,8930.00000000,1
1531170246026,1531170246022,3549835,0.00001144,5784.00000000,0
1531170246042,1531170246039,3549836,0.00001143,2809.00000000,1
1531170252085,1531170252078,3549837,0.00001142,97.00000000,1
1531170265598,1531170265592,3549838,0.00001143,9913.00000000,1
1531170285932,1531170285927,3549839,0.00001143,9746.00000000,1
1531170285948,1531170285942,3549840,0.00001143,2779.00000000,1
1531170305048,1531170305043,3549841,0.00001144,15267.00000000,0
1531170305062,1531170305057,3549842,0.00001143,14319.00000000,1
1531170305087,1531170305081,3549843,0.00001143,8298.00000000,1
1531170324564,1531170324559,3549844,0.00001144,25727.00000000,0
1531170324581,1531170324575,3549845,0.00001143,11589.00000000,1
1531170340769,1531170340763,3549846,0.00001146,124.00000000,0
1531170347026,1531170347022,3549847,0.00001144,3334.00000000,0
1531170347039,1531170347033,3549848,0.00001143,1119.00000000,1
1531170367637,1531170367632,3549849,0.00001144,12147.00000000,0
1531170367646,1531170367641,3549850,0.00001143,10847.00000000,1
1531170384748,1531170384742,3549851,0.00001143,4106.00000000,1
1531170405607,1531170405602,3549852,0.00001143,9272.00000000,1
1531170426660,1531170426655,3549853,0.00001144,23055.00000000,0
1531170426672,1531170426667,3549854,0.00001143,9607.00000000,1
1531170430479,1531170430472,3549855,0.00001146,100.00000000,0
1531170434609,1531170434603,3549856,0.00001146,472.00000000,0
1531170443722,1531170443717,3549857,0.00001147,690.00000000,0
1531170447260,1531170447255,3549858,0.00001144,275.00000000,1
1531170453532,1531170453525,3549859,0.00001147,1000.00000000,0
1531170456820,1531170456816,3549860,0.00001146,1000.00000000,0
1531170464521,1531170464516,3549861,0.00001143,5473.00000000,1
1531170487202,1531170487197,3549862,0.00001145,5387.00000000,0
1531170487215,1531170487209,3549863,0.00001144,3132.00000000,1
1531170505936,1531170505931,3549864,0.00001144,15045.00000000,0
1531170505953,1531170505947,3549865,0.00001143,9770.00000000,1
1531170526460,1531170526455,3549866,0.00001143,449.00000000,1
1531170526480,1531170526475,3549867,0.00001143,6859.00000000,1
1531170544519,1531170544514,3549868,0.00001143,1719.00000000,1
1531170544543,1531170544539,3549869,0.00001143,12360.00000000,1
1531170565672,1531170565667,3549870,0.00001143,6704.00000000,1
1531170565696,1531170565690,3549871,0.00001143,14025.00000000,1
1531170585255,1531170585250,3549872,0.00001143,6871.00000000,1
1531170585270,1531170585265,3549873,0.00001143,3136.00000000,1
1531170607122,1531170607118,3549874,0.00001143,1373.00000000,1
1531170627003,1531170626999,3549875,0.00001144,10946.00000000,0
1531170627012,1531170627006,3549876,0.00001143,14121.00000000,1
1531170627030,1531170627025,3549877,0.00001143,6150.00000000,1
1531170646108,1531170646103,3549878,0.00001144,1713.00000000,0
1531170646124,1531170646118,3549879,0.00001143,13244.00000000,1
1531170646138,1531170646131,3549880,0.00001143,942.00000000,1
1531170657602,1531170657596,3549881,0.00001146,116.00000000,0
1531170667327,1531170667323,3549882,0.00001144,8485.00000000,0
1531170667339,1531170667334,3549883,0.00001143,4339.00000000,1
1531170667364,1531170667357,3549884,0.00001143,3450.00000000,1
1531170686410,1531170686405,3549885,0.00001143,14877.00000000,1
1531170686431,1531170686427,3549886,0.00001143,11837.00000000,1
1531170704822,1531170704818,3549887,0.00001143,12048.00000000,1
1531170726394,1531170726390,3549888,0.00001145,320.00000000,0
1531170726413,1531170726408,3549889,0.00001143,6845.00000000,1
1531170726433,1531170726427,3549890,0.00001143,134.00000000,1
1531170745746,1531170745741,3549891,0.00001143,1014.00000000,1
1531170765570,1531170765565,3549892,0.00001143,14322.00000000,1
1531170785020,1531170784991,3549893,0.00001143,14761.00000000,1
1531170805045,1531170805039,3549894,0.00001143,15406.00000000,1
1531170826771,1531170826766,3549895,0.00001143,3794.00000000,1
1531170826782,1531170826777,3549896,0.00001143,10750.00000000,1
1531170845921,1531170845917,3549897,0.00001145,18876.00000000,0
1531170845929,1531170845923,3549898,0.00001143,15410.00000000,1
1531170845949,1531170845945,3549899,0.00001143,7932.00000000,1
1531170884151,1531170884147,3549900,0.00001144,14314.00000000,1
1531170892616,1531170892610,3549901,0.00001144,1466.00000000,1
1531170893411,1531170893405,3549902,0.00001145,23117.00000000,0
1531170893429,1531170893422,3549903,0.00001144,19803.00000000,1
1531170893451,1531170893447,3549904,0.00001144,21652.00000000,1
1531170904974,1531170904969,3549905,0.00001143,1539.00000000,1
1531170904983,1531170904978,3549906,0.00001143,2492.00000000,0
1531170905002,1531170904997,3549907,0.00001144,1466.00000000,0
1531170925445,1531170925438,3549908,0.00001145,118.00000000,1
1531170926405,1531170926400,3549909,0.00001145,16074.00000000,1
1531170926425,1531170926420,3549910,0.00001144,21652.00000000,1
1531170926447,1531170926443,3549911,0.00001143,1539.00000000,1
1531170945128,1531170945122,3549912,0.00001142,53588.00000000,0
1531170945138,1531170945133,3549913,0.00001141,13594.00000000,1
1531170945164,1531170945159,3549914,0.00001141,25519.00000000,1
1531170945179,1531170945175,3549915,0.00001143,2492.00000000,0
1531170964367,1531170964362,3549916,0.00001144,32652.00000000,1
1531170964385,1531170964380,3549917,0.00001144,8923.00000000,1
1531170964402,1531170964397,3549918,0.00001143,1539.00000000,1
1531170965033,1531170965028,3549919,0.00001143,88.00000000,0
1531170985423,1531170985417,3549920,0.00001142,60452.00000000,0
1531170985432,1531170985427,3549921,0.00001141,28787.00000000,1
1531170985452,1531170985447,3549922,0.00001143,2404.00000000,0
1531171005459,1531171005454,3549923,0.00001144,5564.00000000,1
1531171005485,1531171005482,3549924,0.00001144,14799.00000000,1
1531171005505,1531171005500,3549925,0.00001143,1627.00000000,1
1531171026232,1531171026226,3549926,0.00001141,4780.00000000,1
1531171026253,1531171026248,3549927,0.00001141,36069.00000000,1
1531171026266,1531171026261,3549928,0.00001143,2404.00000000,0
1531171046541,1531171046537,3549929,0.00001142,15193.00000000,0
1531171046557,1531171046551,3549930,0.00001141,13566.00000000,1
1531171067165,1531171067161,3549931,0.00001142,47995.00000000,0
1531171067173,1531171067168,3549932,0.00001141,13161.00000000,1
1531171067195,1531171067191,3549933,0.00001141,16782.00000000,1
1531171086946,1531171086940,3549934,0.00001141,6445.00000000,1
1531171086965,1531171086959,3549935,0.00001141,4993.00000000,1
1531171104663,1531171104658,3549936,0.00001142,26648.00000000,0
1531171104673,1531171104667,3549937,0.00001141,23301.00000000,1
1531171104690,1531171104686,3549938,0.00001141,9127.00000000,1
1531171124844,1531171124840,3549939,0.00001144,11403.00000000,0
1531171124862,1531171124857,3549940,0.00001142,34086.00000000,1
1531171124880,1531171124874,3549941,0.00001142,4832.00000000,1
1531171146066,1531171146060,3549942,0.00001145,4462.00000000,0
1531171146159,1531171146156,3549943,0.00001144,6550.00000000,1
1531171146182,1531171146177,3549944,0.00001144,3099.00000000,1
1531171165842,1531171165838,3549945,0.00001144,29479.00000000,1
1531171186721,1531171186716,3549946,0.00001144,16238.00000000,1
1531171186748,1531171186742,3549947,0.00001144,10254.00000000,1
1531171204665,1531171204661,3549948,0.00001144,16149.00000000,1
1531171204680,1531171204675,3549949,0.00001144,36353.00000000,1
1531171224775,1531171224771,3549950,0.00001145,70301.00000000,0
1531171224786,1531171224782,3549951,0.00001144,3905.00000000,1
1531171224813,1531171224808,3549952,0.00001144,25658.00000000,1
1531171245578,1531171245572,3549953,0.00001145,49514.00000000,0
1531171245587,1531171245582,3549954,0.00001144,17629.00000000,1
1531171245599,1531171245594,3549955,0.00001144,27817.00000000,1
1531171265022,1531171265019,3549956,0.00001144,26810.00000000,1
1531171285437,1531171285432,3549957,0.00001144,3912.00000000,1
1531171285453,1531171285451,3549958,0.00001144,33440.00000000,1
1531171304710,1531171304705,3549959,0.00001142,2194.00000000,1
1531171324521,1531171324517,3549960,0.00001142,24092.00000000,1
1531171324539,1531171324534,3549961,0.00001142,3374.00000000,1
1531171325924,1531171325919,3549962,0.00001144,874.00000000,0
1531171344898,1531171344893,3549963,0.00001142,11598.00000000,1
1531171362081,1531171362076,3549964,0.00001142,420.00000000,1
1531171365863,1531171365859,3549965,0.00001143,37583.00000000,0
1531171365878,1531171365873,3549966,0.00001142,36486.00000000,1
1531171365894,1531171365889,3549967,0.00001142,19572.00000000,1
1531171386434,1531171386431,3549968,0.00001143,33232.00000000,0
1531171386444,1531171386438,3549969,0.00001142,24082.00000000,1
1531171405749,1531171405745,3549970,0.00001143,49490.00000000,0
1531171405759,1531171405755,3549971,0.00001142,28120.00000000,1
1531171424511,1531171424507,3549972,0.00001143,18181.00000000,0
1531171424522,1531171424517,3549973,0.00001142,6541.00000000,1
1531171446472,1531171446467,3549974,0.00001143,7867.00000000,0
1531171446485,1531171446481,3549975,0.00001142,18886.00000000,1
1531171446505,1531171446499,3549976,0.00001142,6244.00000000,1
1531171466351,1531171466346,3549977,0.00001142,29072.00000000,1
1531171466364,1531171466361,3549978,0.00001142,4360.00000000,1
1531171485814,1531171485810,3549979,0.00001143,4837.00000000,0
1531171485824,1531171485820,3549980,0.00001141,27203.00000000,1
1531171485845,1531171485839,3549981,0.00001141,4743.00000000,1
1531171490275,1531171490270,3549982,0.00001141,1747.00000000,1
1531171493467,1531171493463,3549983,0.00001141,932.00000000,0
1531171498212,1531171498207,3549984,0.00001141,550.00000000,0
1531171500212,1531171500208,3549985,0.00001141,932.00000000,0
1531171506311,1531171506307,3549986,0.00001139,36394.00000000,1
1531171506328,1531171506323,3549987,0.00001139,14091.00000000,1
1531171506829,1531171506822,3549988,0.00001141,932.00000000,0
1531171513282,1531171513277,3549989,0.00001141,932.00000000,0
1531171524262,1531171524258,3549990,0.00001141,2795.00000000,0
1531171526782,1531171526777,3549991,0.00001140,35796.00000000,0
1531171526801,1531171526798,3549992,0.00001139,5771.00000000,1
1531171526816,1531171526811,3549993,0.00001139,15840.00000000,1
1531171530714,1531171530711,3549994,0.00001141,932.00000000,0
1531171542518,1531171542513,3549995,0.00001141,1310.00000000,0
1531171546336,1531171546331,3549996,0.00001140,19352.00000000,1
1531171546354,1531171546351,3549997,0.00001140,8839.00000000,1
1531171566441,1531171566436,3549998,0.00001139,20057.00000000,1
1531171584221,1531171584216,3549999,0.00001140,32535.00000000,1
1531171607136,1531171607131,3550000,0.00001140,28899.00000000,1
1531171607164,1531171607159,3550001,0.00001140,29387.00000000,1
1531171616294,1531171616290,3550002,0.00001139,694.00000000,1
1531171625010,1531171625005,3550003,0.00001140,587.00000000,1
1531171625473,1531171625467,3550004,0.00001141,6533.00000000,0
1531171625488,1531171625483,3550005,0.00001140,5864.00000000,1
1531171625503,1531171625498,3550006,0.00001140,1682.00000000,1
1531171644573,1531171644572,3550007,0.00001140,587.00000000,0
1531171666222,1531171666218,3550008,0.00001141,340.00000000,1
1531171666244,1531171666240,3550009,0.00001140,1682.00000000,1
1531171686109,1531171686103,3550010,0.00001139,6515.00000000,1
1531171686126,1531171686122,3550011,0.00001139,27053.00000000,0
1531171686134,1531171686131,3550012,0.00001140,587.00000000,0
1531171706558,1531171706553,3550013,0.00001141,4915.00000000,1
1531171706576,1531171706572,3550014,0.00001140,1682.00000000,1
1531171720302,1531171720298,3550015,0.00001140,117.00000000,0
1531171723622,1531171723618,3550016,0.00001140,6.00000000,0
1531171725115,1531171725110,3550017,0.00001139,2512.00000000,1
1531171725131,1531171725127,3550018,0.00001139,1105.00000000,0
1531171725143,1531171725139,3550019,0.00001139,2512.00000000,1
1531171725165,1531171725160,3550020,0.00001140,464.00000000,0
1531171745513,1531171745509,3550021,0.00001141,1809.00000000,1
1531171745542,1531171745537,3550022,0.00001141,11817.00000000,1
1531171745556,1531171745552,3550023,0.00001141,647.00000000,1
1531171745572,1531171745567,3550024,0.00001140,1805.00000000,1
1531171767114,1531171767109,3550025,0.00001139,8733.00000000,1
1531171767129,1531171767127,3550026,0.00001140,464.00000000,0
1531171785027,1531171785023,3550027,0.00001141,4874.00000000,1
1531171785045,1531171785042,3550028,0.00001141,10333.00000000,1
1531171785061,1531171785058,3550029,0.00001140,1805.00000000,1
1531171804858,1531171804854,3550030,0.00001138,3045.00000000,1
1531171804881,1531171804875,3550031,0.00001140,464.00000000,0
1531171809049,1531171809044,3550032,0.00001140,932.00000000,0
1531171817021,1531171817017,3550033,0.00001140,877.00000000,0
1531171824453,1531171824448,3550034,0.00001138,610.00000000,1
1531171824457,1531171824453,3550035,0.00001138,884.00000000,1
1531171824668,1531171824667,3550036,0.00001138,947.00000000,1
1531171827066,1531171827063,3550037,0.00001138,4752.00000000,1
1531171844994,1531171844990,3550038,0.00001138,6558.00000000,1
1531171845015,1531171845012,3550039,0.00001138,12402.00000000,1
1531171864636,1531171864632,3550040,0.00001140,10486.00000000,0
1531171864643,1531171864639,3550041,0.00001138,4358.00000000,1
1531171864661,1531171864656,3550042,0.00001138,3642.00000000,1
1531171873704,1531171873700,3550043,0.00001142,804.00000000,0
1531171886954,1531171886950,3550044,0.00001140,31719.00000000,0
1531171886970,1531171886967,3550045,0.00001139,442.00000000,1
1531171886986,1531171886981,3550046,0.00001139,11493.00000000,1
1531171905665,1531171905660,3550047,0.00001139,10901.00000000,1
1531171905686,1531171905681,3550048,0.00001139,11179.00000000,1
1531171925961,1531171925956,3550049,0.00001139,4050.00000000,1
1531171925988,1531171925984,3550050,0.00001139,2738.00000000,1
1531171944167,1531171944162,3550051,0.00001139,6662.00000000,1
1531171944184,1531171944180,3550052,0.00001139,12968.00000000,1
1531171960441,1531171960437,3550053,0.00001139,99.00000000,1
1531171960929,1531171960924,3550054,0.00001139,754.00000000,1
1531171964690,1531171964686,3550055,0.00001139,4992.00000000,1
1531171985095,1531171985091,3550056,0.00001138,10708.00000000,1
1531171985111,1531171985106,3550057,0.00001139,853.00000000,0
1531171997466,1531171997461,3550058,0.00001138,99.00000000,1
1531172006151,1531172006146,3550059,0.00001140,98.00000000,1
1531172011144,1531172011140,3550060,0.00001140,1.00000000,1
1531172021618,1531172021613,3550061,0.00001138,99.00000000,1
1531172024353,1531172024350,3550062,0.00001139,37752.00000000,0
1531172024365,1531172024360,3550063,0.00001138,13988.00000000,1
1531172024442,1531172024438,3550064,0.00001138,99.00000000,0
1531172044620,1531172044615,3550065,0.00001139,45993.00000000,0
1531172044632,1531172044628,3550066,0.00001138,22113.00000000,1
1531172045124,1531172045119,3550067,0.00001138,98.00000000,0
1531172066725,1531172066720,3550068,0.00001139,24573.00000000,1
1531172066748,1531172066746,3550069,0.00001139,21574.00000000,1
1531172066778,1531172066775,3550070,0.00001140,87.00000000,0
1531172086881,1531172086875,3550071,0.00001139,9907.00000000,0
1531172086897,1531172086892,3550072,0.00001138,6606.00000000,1
1531172099686,1531172099683,3550073,0.00001138,999.00000000,1
1531172099693,1531172099688,3550074,0.00001138,610.00000000,1
1531172101972,1531172101968,3550075,0.00001139,999.00000000,1
1531172102557,1531172102552,3550076,0.00001139,294.00000000,1
1531172104779,1531172104777,3550077,0.00001139,1489.00000000,1
1531172104798,1531172104793,3550078,0.00001139,5004.00000000,1
1531172107410,1531172107395,3550079,0.00001139,387.00000000,0
1531172113943,1531172113939,3550080,0.00001139,906.00000000,0
1531172126763,1531172126758,3550081,0.00001138,31542.00000000,1
1531172126785,1531172126781,3550082,0.00001138,30244.00000000,1
1531172132095,1531172132094,3550083,0.00001140,61.00000000,0
1531172132095,1531172132094,3550084,0.00001141,169.00000000,0
1531172146412,1531172146407,3550085,0.00001139,23470.00000000,0
1531172146428,1531172146425,3550086,0.00001138,8443.00000000,1
1531172165948,1531172165943,3550087,0.00001139,55914.00000000,0
1531172165967,1531172165963,3550088,0.00001138,11719.00000000,1
1531172165990,1531172165986,3550089,0.00001138,30389.00000000,1
1531172184681,1531172184677,3550090,0.00001139,8052.00000000,0
1531172184698,1531172184696,3550091,0.00001138,1035.00000000,1
1531172184713,1531172184708,3550092,0.00001138,4576.00000000,1
1531172201453,1531172201450,3550093,0.00001139,999.00000000,1
1531172203994,1531172203988,3550094,0.00001139,999.00000000,1
1531172206374,1531172206369,3550095,0.00001141,70234.00000000,0
1531172206389,1531172206385,3550096,0.00001139,12017.00000000,1
1531172206416,1531172206412,3550097,0.00001139,22921.00000000,1
1531172227689,1531172227685,3550098,0.00001139,2478.00000000,1
1531172227755,1531172227751,3550099,0.00001139,8888.00000000,1
1531172716990,1531172716986,3550100,0.00001138,2000.00000000,1
1531172717050,1531172717047,3550101,0.00001138,1032.00000000,1
1531173005030,1531173005027,3550102,0.00001139,277.00000000,0
1531173142877,1531173142874,3550103,0.00001139,430.00000000,0
1531173145518,1531173145515,3550104,0.00001139,2.00000000,0
1531173165815,1531173165811,3550105,0.00001140,1036.00000000,1
1531173181312,1531173181308,3550106,0.00001142,4961.00000000,0
1531173181312,1531173181308,3550107,0.00001144,1390.00000000,0
1531173181312,1531173181308,3550108,0.00001145,1747.00000000,0
1531173183236,1531173183232,3550109,0.00001147,1992.00000000,0
1531173184798,1531173184794,3550110,0.00001147,12088.00000000,0
1531173205530,1531173205527,3550111,0.00001145,19399.00000000,1
1531173205547,1531173205545,3550112,0.00001145,17632.00000000,1
1531173226621,1531173226617,3550113,0.00001145,5984.00000000,1
1531173233217,1531173233214,3550114,0.00001143,277.00000000,1
1531173244688,1531173244686,3550115,0.00001144,16503.00000000,1
1531173244709,1531173244705,3550116,0.00001144,13639.00000000,1
1531173265709,1531173265705,3550117,0.00001145,2646.00000000,1
1531173270254,1531173270251,3550118,0.00001147,3330.00000000,0
1531173287312,1531173287307,3550119,0.00001145,16686.00000000,0
1531173287327,1531173287324,3550120,0.00001144,7686.00000000,1
1531173287344,1531173287341,3550121,0.00001144,8602.00000000,1
1531173304640,1531173304637,3550122,0.00001145,27516.00000000,0
1531173304654,1531173304650,3550123,0.00001144,32315.00000000,1
1531173304683,1531173304680,3550124,0.00001144,18592.00000000,1
1531173316059,1531173316056,3550125,0.00001147,94.00000000,0
1531173317185,1531173317182,3550126,0.00001147,123.00000000,0
1531173327076,1531173327073,3550127,0.00001145,35068.00000000,0
1531173327093,1531173327090,3550128,0.00001144,25357.00000000,1
1531173327117,1531173327113,3550129,0.00001144,28745.00000000,1
1531173328064,1531173328062,3550130,0.00001147,171.00000000,0
1531173329067,1531173329065,3550131,0.00001147,95.00000000,0
1531173329937,1531173329933,3550132,0.00001147,95.00000000,0
1531173340373,1531173340370,3550133,0.00001147,95.00000000,0
1531173345557,1531173345554,3550134,0.00001145,74189.00000000,0
1531173345570,1531173345566,3550135,0.00001144,26123.00000000,1
1531173347159,1531173347154,3550136,0.00001147,191.00000000,0
1531173367117,1531173367115,3550137,0.00001144,30592.00000000,1
1531173367137,1531173367135,3550138,0.00001144,20837.00000000,1
1531173384267,1531173384263,3550139,0.00001145,2362.00000000,0
1531173384279,1531173384276,3550140,0.00001144,25960.00000000,1
1531173384291,1531173384288,3550141,0.00001144,2272.00000000,1
1531173404542,1531173404540,3550142,0.00001144,7999.00000000,1
1531173404567,1531173404566,3550143,0.00001144,25550.00000000,1
1531173426284,1531173426282,3550144,0.00001144,20640.00000000,1
1531173426306,1531173426303,3550145,0.00001144,44880.00000000,1
1531173446148,1531173446144,3550146,0.00001144,56830.00000000,1
1531173465107,1531173465103,3550147,0.00001144,38510.00000000,1
1531173465116,1531173465113,3550148,0.00001144,34659.00000000,0
1531173465135,1531173465132,3550149,0.00001144,38510.00000000,1
1531173486910,1531173486906,3550150,0.00001144,28850.00000000,1
1531173486939,1531173486935,3550151,0.00001144,28880.00000000,1
1531173507300,1531173507297,3550152,0.00001144,80900.00000000,1
1531173524610,1531173524608,3550153,0.00001144,22270.00000000,1
1531173564108,1531173564105,3550154,0.00001145,96.00000000,0
1531173565087,1531173565087,3550155,0.00001144,91890.00000000,1
1531173585752,1531173585748,3550156,0.00001144,82730.00000000,1
1531173600895,1531173600893,3550157,0.00001145,151.00000000,0
1531173604725,1531173604722,3550158,0.00001144,93020.00000000,1
1531173608196,1531173608193,3550159,0.00001143,39.00000000,1
1531173624881,1531173624878,3550160,0.00001144,102210.00000000,1
1531173644403,1531173644399,3550161,0.00001144,77150.00000000,1
1531173645485,1531173645481,3550162,0.00001145,1297.00000000,0
1531173664642,1531173664640,3550163,0.00001144,59040.00000000,1
1531173675297,1531173675294,3550164,0.00001143,92.00000000,1
1531173685465,1531173685463,3550165,0.00001142,13750.00000000,1
1531173685477,1531173685475,3550166,0.00001142,9350.00000000,0
1531173685484,1531173685480,3550167,0.00001142,13750.00000000,1
1531173704170,1531173704168,3550168,0.00001142,64170.00000000,1
1531173704178,1531173704175,3550169,0.00001142,327.00000000,0
1531173704194,1531173704191,3550170,0.00001142,19380.00000000,1
1531173704214,1531173704212,3550171,0.00001142,44790.00000000,1
1531173706096,1531173706094,3550172,0.00001143,96.00000000,0
1531173714553,1531173714550,3550173,0.00001143,233.00000000,0
1531173714553,1531173714550,3550174,0.00001145,42.00000000,0
1531173727217,1531173727213,3550175,0.00001144,53020.00000000,1
1531173727235,1531173727232,3550176,0.00001144,13785.00000000,0
1531173727250,1531173727249,3550177,0.00001144,53020.00000000,1
1531173738197,1531173738193,3550178,0.00001145,113.00000000,0
1531173745214,1531173745211,3550179,0.00001143,32310.00000000,1
1531173745235,1531173745230,3550180,0.00001143,54300.00000000,1
1531173766744,1531173766740,3550181,0.00001144,67860.00000000,0
1531173766758,1531173766754,3550182,0.00001143,33930.00000000,1
1531173784699,1531173784695,3550183,0.00001143,65720.00000000,1
1531173784715,1531173784712,3550184,0.00001143,27160.00000000,1
1531173785479,1531173785476,3550185,0.00001145,174.00000000,0
1531173875890,1531173875887,3550186,0.00001145,96.00000000,0
1531173948511,1531173948508,3550187,0.00001145,110.00000000,0
1531174015505,1531174015504,3550188,0.00001145,117.00000000,0
1531174019946,1531174019944,3550189,0.00001145,873.00000000,0
1531174206699,1531174206697,3550190,0.00001144,874.00000000,1
1531174215715,1531174215712,3550191,0.00001144,1597.00000000,1
1531174216906,1531174216903,3550192,0.00001144,1298.00000000,1
1531174225380,1531174225377,3550193,0.00001144,2646.00000000,1
1531174517488,1531174517486,3550194,0.00001144,881.00000000,0
1531174524666,1531174524664,3550195,0.00001144,63.00000000,0
1531174822821,1531174822819,3550196,0.00001144,179.00000000,0
1531174954555,1531174954554,3550197,0.00001145,436.00000000,0
1531175182355,1531175182352,3550198,0.00001145,693.00000000,0
1531175202588,1531175202586,3550199,0.00001145,1043.00000000,0
1531175203968,1531175203967,3550200,0.00001145,9995.00000000,0
1531175205691,1531175205690,3550201,0.00001145,1043.00000000,0
1531175208655,1531175208652,3550202,0.00001145,274.00000000,0
1531175213196,1531175213194,3550203,0.00001145,873.00000000,0
1531175216710,1531175216707,3550204,0.00001145,873.00000000,0
1531175255044,1531175255041,3550205,0.00001144,2797.00000000,1
1531175314000,1531175313999,3550206,0.00001145,94.00000000,0
1531175316229,1531175316227,3550207,0.00001145,124.00000000,0
1531175316459,1531175316457,3550208,0.00001145,162.00000000,0
1531175317025,1531175317023,3550209,0.00001145,95.00000000,0
1531175317869,1531175317868,3550210,0.00001145,95.00000000,0
1531175318621,1531175318620,3550211,0.00001145,95.00000000,0
1531175319509,1531175319508,3550212,0.00001145,190.00000000,0
1531175319949,1531175319948,3550213,0.00001145,95.00000000,0
1531175320912,1531175320911,3550214,0.00001145,95.00000000,0
1531175321990,1531175321988,3550215,0.00001145,285.00000000,0
1531175323023,1531175323020,3550216,0.00001145,95.00000000,0
1531175323893,1531175323890,3550217,0.00001145,95.00000000,0
1531175324662,1531175324660,3550218,0.00001145,95.00000000,0
1531175325370,1531175325369,3550219,0.00001145,95.00000000,0
1531175484674,1531175484672,3550220,0.00001144,437.00000000,1
1531175485276,1531175485275,3550221,0.00001145,115.00000000,0
1531175486262,1531175486261,3550222,0.00001145,95.00000000,0
1531175486757,1531175486754,3550223,0.00001145,95.00000000,0
1531175692842,1531175692839,3550224,0.00001145,142.00000000,0
1531175762772,1531175762770,3550225,0.00001145,190.00000000,0
1531175826598,1531175826596,3550226,0.00001144,106.00000000,1
1531175826739,1531175826737,3550227,0.00001145,96.00000000,0
1531175861870,1531175861869,3550228,0.00001145,96.00000000,0
1531175893976,1531175893974,3550229,0.00001145,96.00000000,0
1531175926214,1531175926211,3550230,0.00001145,96.00000000,0
1531175960223,1531175960221,3550231,0.00001145,96.00000000,0
1531175995332,1531175995331,3550232,0.00001145,96.00000000,0
1531176031433,1531176031432,3550233,0.00001145,96.00000000,0
1531176037508,1531176037506,3550234,0.00001145,7.00000000,0
1531176130848,1531176130847,3550235,0.00001145,96.00000000,0
1531176164134,1531176164133,3550236,0.00001145,96.00000000,0
1531176181442,1531176181439,3550237,0.00001145,10000.00000000,0
1531176229433,1531176229431,3550238,0.00001145,96.00000000,0
1531176346650,1531176346649,3550239,0.00001145,96.00000000,0
1531176369504,1531176369500,3550240,0.00001145,118.00000000,0
1531176394228,1531176394226,3550241,0.00001144,438.00000000,1
1531176471272,1531176471271,3550242,0.00001145,96.00000000,0
1531177128804,1531177128802,3550243,0.00001144,28.00000000,1
1531177223519,1531177223518,3550244,0.00001144,529.00000000,1
1531177225986,1531177225984,3550245,0.00001144,714.00000000,0
1531177401237,1531177401237,3550246,0.00001145,443.00000000,0
1531177560733,1531177560734,3550247,0.00001144,54.00000000,1
1531177817552,1531177817554,3550248,0.00001144,1951.00000000,1
1531177823907,1531177823907,3550249,0.00001143,1.00000000,1
1531177860697,1531177860698,3550250,0.00001143,9.00000000,1
1531177905196,1531177905199,3550251,0.00001144,77.00000000,0
1531177938157,1531177938159,3550252,0.00001144,31.00000000,0
1531177989429,1531177989431,3550253,0.00001144,716.00000000,0
1531178160779,1531178160783,3550254,0.00001144,874.00000000,0
1531178198044,1531178198047,3550255,0.00001143,165.00000000,1
1531178198044,1531178198047,3550256,0.00001142,194.00000000,1
1531178204795,1531178204797,3550257,0.00001142,8514.00000000,1
1531178204813,1531178204816,3550258,0.00001142,43736.00000000,1
1531178226013,1531178226017,3550259,0.00001142,19269.00000000,1
1531178226038,1531178226041,3550260,0.00001142,40876.00000000,1
1531178237794,1531178237797,3550261,0.00001144,98.00000000,0
1531178245097,1531178245099,3550262,0.00001142,27537.00000000,1
1531178266166,1531178266170,3550263,0.00001142,13130.00000000,1
1531178284814,1531178284818,3550264,0.00001143,75967.00000000,0
1531178284824,1531178284825,3550265,0.00001142,27327.00000000,1
1531178304278,1531178304281,3550266,0.00001142,63622.00000000,1
1531178304288,1531178304291,3550267,0.00001142,20594.00000000,1
1531178325823,1531178325827,3550268,0.00001143,9168.00000000,0
1531178325837,1531178325840,3550269,0.00001142,19167.00000000,1
1531178325855,1531178325859,3550270,0.00001142,3184.00000000,1
1531178344918,1531178344922,3550271,0.00001142,44683.00000000,1
1531178350005,1531178350008,3550272,0.00001142,1047.00000000,0
1531178365456,1531178365460,3550273,0.00001142,94.00000000,0
1531178406156,1531178406159,3550274,0.00001143,29870.00000000,0
1531178406164,1531178406168,3550275,0.00001142,12045.00000000,1
1531178407048,1531178407031,3550276,0.00001144,17.00000000,0
1531178432175,1531178432179,3550277,0.00001144,2618.00000000,1
1531178437860,1531178437863,3550278,0.00001143,249.00000000,1
1531178438132,1531178438135,3550279,0.00001143,669.00000000,1
1531178457423,1531178457428,3550280,0.00001143,436.00000000,1
1531178466941,1531178466946,3550281,0.00001144,34737.00000000,1
1531178466967,1531178466972,3550282,0.00001144,15558.00000000,1
1531178487300,1531178487305,3550283,0.00001144,10522.00000000,1
1531178487321,1531178487325,3550284,0.00001144,62537.00000000,1
1531178506890,1531178506892,3550285,0.00001144,12555.00000000,1
1531178506905,1531178506908,3550286,0.00001144,9038.00000000,0
1531178506915,1531178506920,3550287,0.00001144,12555.00000000,1
1531178526407,1531178526411,3550288,0.00001144,35493.00000000,1
1531178526427,1531178526430,3550289,0.00001144,43844.00000000,1
1531178547030,1531178547034,3550290,0.00001144,32717.00000000,1
1531178547059,1531178547063,3550291,0.00001144,20726.00000000,1
1531178547074,1531178547079,3550292,0.00001144,17591.00000000,1
1531178567095,1531178567098,3550293,0.00001144,65301.00000000,1
1531178567107,1531178567110,3550294,0.00001144,25126.00000000,0
1531178567121,1531178567124,3550295,0.00001144,65301.00000000,1
1531178570332,1531178570315,3550296,0.00001143,976.00000000,1
1531178580107,1531178580110,3550297,0.00001143,1.00000000,0
1531178580107,1531178580110,3550298,0.00001145,575.00000000,0
1531178580107,1531178580110,3550299,0.00001146,194.00000000,0
1531178580107,1531178580110,3550300,0.00001147,104.00000000,0
1531178580835,1531178580840,3550301,0.00001143,5099.00000000,1
1531178583232,1531178583236,3550302,0.00001144,104.00000000,1
1531178605599,1531178605602,3550303,0.00001147,173.00000000,0
1531178605599,1531178605602,3550304,0.00001149,696.00000000,0
1531178605599,1531178605602,3550305,0.00001150,2303.00000000,0
1531178606009,1531178606015,3550306,0.00001150,60.00000000,0
1531178620279,1531178620284,3550307,0.00001146,457.00000000,1
1531178624855,1531178624860,3550308,0.00001146,58724.00000000,1
1531178624885,1531178624889,3550309,0.00001146,9897.00000000,1
1531178638425,1531178638429,3550310,0.00001146,437.00000000,0
1531178642511,1531178642517,3550311,0.00001146,20.00000000,0
1531178647616,1531178647621,3550312,0.00001150,313.00000000,0
1531178647616,1531178647621,3550313,0.00001151,124.00000000,0
1531178666243,1531178666240,3550314,0.00001147,15770.00000000,1
1531178666248,1531178666253,3550315,0.00001147,11964.00000000,1
1531178671295,1531178671300,3550316,0.00001151,437.00000000,0
1531178680412,1531178680416,3550317,0.00001150,437.00000000,0
1531178686519,1531178686524,3550318,0.00001147,12926.00000000,1
1531178706053,1531178706057,3550319,0.00001148,27984.00000000,0
1531178706072,1531178706076,3550320,0.00001146,2742.00000000,1
1531178706095,1531178706100,3550321,0.00001146,14425.00000000,1
1531178725826,1531178725831,3550322,0.00001147,1205.00000000,1
1531178745204,1531178745209,3550323,0.00001150,88.00000000,0
1531178747073,1531178747078,3550324,0.00001148,9306.00000000,0
1531178747089,1531178747093,3550325,0.00001146,6320.00000000,1
1531178747100,1531178747105,3550326,0.00001146,4701.00000000,1
1531178760698,1531178760703,3550327,0.00001150,869.00000000,0
1531178765264,1531178765268,3550328,0.00001151,869.00000000,0
1531178765948,1531178765952,3550329,0.00001146,21708.00000000,1
1531178771922,1531178771926,3550330,0.00001151,868.00000000,0
1531178804995,1531178805000,3550331,0.00001151,88.00000000,0
1531178805552,1531178805557,3550332,0.00001148,4880.00000000,1
1531178806878,1531178806884,3550333,0.00001149,28328.00000000,0
1531178806887,1531178806893,3550334,0.00001148,5025.00000000,1
1531178826381,1531178826386,3550335,0.00001147,88.00000000,1
1531178826395,1531178826399,3550336,0.00001147,51143.00000000,0
1531178826404,1531178826409,3550337,0.00001148,4880.00000000,0
1531178829450,1531178829453,3550338,0.00001148,120.00000000,1
1531178838356,1531178838360,3550339,0.00001148,3170.00000000,1
1531178843085,1531178843090,3550340,0.00001149,7881.00000000,1
1531178843117,1531178843122,3550341,0.00001149,1399.00000000,1
1531178843174,1531178843172,3550342,0.00001149,18019.00000000,1
1531178843174,1531178843172,3550343,0.00001148,1735.00000000,1
1531178843174,1531178843172,3550344,0.00001147,784.00000000,1
1531178843174,1531178843172,3550345,0.00001145,720.00000000,1
1531178843174,1531178843172,3550346,0.00001143,88.00000000,1
1531178843174,1531178843172,3550347,0.00001142,8659.00000000,1
1531178843205,1531178843210,3550348,0.00001144,3503.00000000,1
1531178843205,1531178843210,3550349,0.00001142,4657.00000000,1
1531178843389,1531178843395,3550350,0.00001142,3490.00000000,0
1531178843663,1531178843666,3550351,0.00001142,1602.00000000,1
1531178843663,1531178843666,3550352,0.00001141,1901.00000000,1
1531178843978,1531178843983,3550353,0.00001141,512.00000000,1
1531178844153,1531178844157,3550354,0.00001141,2374.00000000,1
1531178844153,1531178844157,3550355,0.00001140,4911.00000000,1
1531178845296,1531178845298,3550356,0.00001144,1602.00000000,0
1531178845296,1531178845298,3550357,0.00001145,15507.00000000,0
1531178845756,1531178845759,3550358,0.00001141,593.00000000,1
1531178845756,1531178845759,3550359,0.00001139,617.00000000,1
1531178845773,1531178845777,3550360,0.00001139,3050.00000000,0
1531178853355,1531178853360,3550361,0.00001140,589.00000000,1
1531178854575,1531178854580,3550362,0.00001141,874.00000000,0
1531178855565,1531178855569,3550363,0.00001140,593.00000000,1
1531178856282,1531178856287,3550364,0.00001141,539.00000000,0
1531178857252,1531178857256,3550365,0.00001141,126.00000000,0
1531178858090,1531178858094,3550366,0.00001141,133.00000000,0
1531178859352,1531178859356,3550367,0.00001141,1678.00000000,0
1531178860309,1531178860313,3550368,0.00001141,1561.00000000,0
1531178884796,1531178884800,3550369,0.00001142,1400.00000000,0
1531178907118,1531178907123,3550370,0.00001140,35616.00000000,0
1531178907129,1531178907135,3550371,0.00001141,9254.00000000,0
1531178907146,1531178907152,3550372,0.00001141,719.00000000,0
1531178907157,1531178907161,3550373,0.00001141,17778.00000000,0
1531178926839,1531178926845,3550374,0.00001142,10972.00000000,1
1531178926862,1531178926866,3550375,0.00001141,719.00000000,1
1531178939946,1531178939950,3550376,0.00001141,2629.00000000,0
1531178947212,1531178947215,3550377,0.00001141,15149.00000000,0
1531178965248,1531178965253,3550378,0.00001143,21272.00000000,0
1531178965257,1531178965262,3550379,0.00001142,13527.00000000,1
1531178965276,1531178965281,3550380,0.00001142,16116.00000000,1
1531178986960,1531178986965,3550381,0.00001141,14939.00000000,1
1531178986982,1531178986987,3550382,0.00001141,25084.00000000,1
1531179007242,1531179007247,3550383,0.00001142,16151.00000000,0
1531179007254,1531179007259,3550384,0.00001141,6159.00000000,1
1531179007283,1531179007289,3550385,0.00001141,5895.00000000,1
1531179018707,1531179018712,3550386,0.00001143,4.00000000,0
1531179021823,1531179021827,3550387,0.00001142,548.00000000,1
1531179026533,1531179026539,3550388,0.00001142,8499.00000000,1
1531179026558,1531179026563,3550389,0.00001142,4566.00000000,1
1531179026571,1531179026577,3550390,0.00001142,5702.00000000,1
1531179030139,1531179030144,3550391,0.00001142,186.00000000,0
1531179040680,1531179040685,3550392,0.00001142,875.00000000,0
1531179043551,1531179043556,3550393,0.00001142,567.00000000,0
1531179043551,1531179043556,3550394,0.00001143,308.00000000,0
1531179046351,1531179046356,3550395,0.00001141,257.00000000,1
1531179046801,1531179046805,3550396,0.00001140,139.00000000,1
1531179047342,1531179047347,3550397,0.00001140,920.00000000,1
1531179063524,1531179063529,3550398,0.00001138,2995.00000000,1
1531179063822,1531179063828,3550399,0.00001138,59.00000000,1
1531179064024,1531179064027,3550400,0.00001138,2409.00000000,1
1531179064024,1531179064027,3550401,0.00001137,2790.00000000,1
1531179064518,1531179064523,3550402,0.00001137,5276.00000000,1
1531179065881,1531179065886,3550403,0.00001137,5276.00000000,1
1531179067822,1531179067828,3550404,0.00001137,475.00000000,1
1531179069716,1531179069720,3550405,0.00001137,23450.00000000,1
1531179070024,1531179070030,3550406,0.00001137,1999.00000000,0
1531179075086,1531179075091,3550407,0.00001136,1038.00000000,1
1531179075134,1531179075139,3550408,0.00001136,712.00000000,1
1531179075134,1531179075139,3550409,0.00001135,89.00000000,1
1531179075134,1531179075139,3550410,0.00001134,249.00000000,1
1531179080535,1531179080541,3550411,0.00001136,1387.00000000,0
1531179080800,1531179080805,3550412,0.00001135,103.00000000,0
1531179085923,1531179085928,3550413,0.00001135,322.00000000,0
1531179086184,1531179086189,3550414,0.00001134,1599.00000000,1
1531179089978,1531179089983,3550415,0.00001132,463.00000000,1
1531179090616,1531179090623,3550416,0.00001132,510.00000000,1
1531179090935,1531179090940,3550417,0.00001129,8.00000000,1
1531179091783,1531179091789,3550418,0.00001132,313.00000000,0
1531179091820,1531179091825,3550419,0.00001132,150.00000000,0
1531179092685,1531179092690,3550420,0.00001134,158.00000000,0
1531179092739,1531179092745,3550421,0.00001134,156.00000000,0
1531179093136,1531179093141,3550422,0.00001134,198.00000000,0
1531179100284,1531179100290,3550423,0.00001130,445.00000000,1
1531179102244,1531179102248,3550424,0.00001132,100.00000000,0
1531179104247,1531179104252,3550425,0.00001132,177.00000000,0
1531179105140,1531179105146,3550426,0.00001130,170.00000000,0
1531179105164,1531179105169,3550427,0.00001130,170.00000000,0
1531179105184,1531179105190,3550428,0.00001130,413.00000000,0
1531179105521,1531179105526,3550429,0.00001130,136.00000000,0
1531179105527,1531179105532,3550430,0.00001132,100.00000000,0
1531179105972,1531179105977,3550431,0.00001130,300.00000000,1
1531179106704,1531179106710,3550432,0.00001130,889.00000000,1
1531179107641,1531179107645,3550433,0.00001130,68.00000000,1
1531179107807,1531179107812,3550434,0.00001130,172.00000000,1
1531179109329,1531179109333,3550435,0.00001134,1545.00000000,0
1531179110732,1531179110738,3550436,0.00001134,970.00000000,0
1531179111710,1531179111715,3550437,0.00001132,720.00000000,0
1531179111710,1531179111715,3550438,0.00001134,4809.00000000,0
1531179111883,1531179111890,3550439,0.00001134,438.00000000,0
1531179112729,1531179112735,3550440,0.00001134,100.00000000,0
1531179112828,1531179112834,3550441,0.00001131,306.00000000,0
1531179113131,1531179113137,3550442,0.00001131,306.00000000,0
1531179113471,1531179113475,3550443,0.00001134,616.00000000,0
1531179114966,1531179114971,3550444,0.00001131,963.00000000,0
