event_time,trade_time,trade_id,price,quantity,maker
1531160310352,1531160310347,2505976,0.00124480,2.89000000,0
1531160312456,1531160312455,2505977,0.00124240,5.52000000,1
1531160312456,1531160312455,2505978,0.00124220,18.48000000,1
1531160314693,1531160314691,2505979,0.00124220,44.97000000,1
1531160338164,1531160338163,2505980,0.00124580,2.90000000,0
1531160365322,1531160365318,2505981,0.00124230,212.15000000,1
1531160365342,1531160365341,2505982,0.00124230,203.21000000,1
1531160365626,1531160365622,2505983,0.00124540,2.62000000,0
1531160365626,1531160365622,2505984,0.00124550,2.62000000,0
1531160365626,1531160365622,2505985,0.00124590,3.85000000,0
1531160365626,1531160365622,2505986,0.00124630,17.01000000,0
1531160377961,1531160377958,2505987,0.00124630,63.47000000,0
1531160386796,1531160386793,2505988,0.00124610,219.43000000,0
1531160386819,1531160386815,2505989,0.00124610,3.75000000,0
1531160389192,1531160389189,2505990,0.00124620,3.00000000,0
1531160389192,1531160389189,2505991,0.00124630,2.51000000,0
1531160390893,1531160390890,2505992,0.00124630,0.24000000,0
1531160390893,1531160390890,2505993,0.00124640,3.80000000,0
1531160412693,1531160412690,2505994,0.00124430,188.52000000,0
1531160412707,1531160412704,2505995,0.00124620,227.40000000,0
1531160412729,1531160412726,2505996,0.00124620,235.96000000,0
1531160421423,1531160421421,2505997,0.00124640,1.63000000,0
1531160427975,1531160427972,2505998,0.00124620,3.00000000,0
1531160427975,1531160427972,2505999,0.00124640,10.45000000,0
1531160427975,1531160427972,2506000,0.00124650,0.96000000,0
1531160427975,1531160427972,2506001,0.00124700,35.56000000,0
1531160427975,1531160427972,2506002,0.00124900,11.67000000,0
1531160443353,1531160443349,2506003,0.00124850,24.56000000,0
1531160446489,1531160446485,2506004,0.00124600,115.18000000,0
1531160446505,1531160446501,2506005,0.00124850,39.72000000,0
1531160446606,1531160446603,2506006,0.00124850,21.56000000,1
1531160472635,1531160472632,2506007,0.00124800,24.73000000,1
1531160476339,1531160476338,2506008,0.00124900,28.48000000,0
1531160486200,1531160486196,2506009,0.00124930,212.57000000,0
1531160486218,1531160486216,2506010,0.00125070,158.62000000,0
1531160494039,1531160494037,2506011,0.00125050,15.69000000,0
1531160506136,1531160506132,2506012,0.00125080,2.00000000,0
1531160509095,1531160509092,2506013,0.00125030,45.00000000,0
1531160514293,1531160514290,2506014,0.00125030,9.14000000,0
1531160521215,1531160521211,2506015,0.00125030,40.34000000,0
1531160522223,1531160522219,2506016,0.00125050,1.45000000,0
1531160524088,1531160524085,2506017,0.00124940,254.09000000,0
1531160524098,1531160524095,2506018,0.00124810,165.00000000,1
1531160526817,1531160526812,2506019,0.00124800,30.74000000,1
1531160545552,1531160545549,2506020,0.00124940,12.20000000,0
1531160545562,1531160545558,2506021,0.00124810,11.98000000,1
1531160569862,1531160569859,2506022,0.00124840,4.74000000,1
1531160584260,1531160584256,2506023,0.00124950,53.97000000,0
1531160584267,1531160584264,2506024,0.00125070,184.53000000,0
1531160584281,1531160584276,2506025,0.00125070,18.73000000,0
1531160593631,1531160593629,2506026,0.00125080,4.64000000,0
1531160642812,1531160642812,2506027,0.00125090,3.25000000,0
1531160664005,1531160664000,2506028,0.00125100,0.98000000,0
1531160668344,1531160668342,2506029,0.00125140,3.94000000,0
1531160674861,1531160674857,2506030,0.00125140,0.06000000,0
1531160674861,1531160674857,2506031,0.00125220,15.82000000,0
1531160682292,1531160682287,2506032,0.00125220,0.54000000,0
1531160693154,1531160693149,2506033,0.00125120,6.75000000,1
1531160693173,1531160693170,2506034,0.00125120,136.71000000,1
1531160699761,1531160699756,2506035,0.00125220,2.51000000,0
1531160704201,1531160704196,2506036,0.00125330,3.99000000,0
1531160712487,1531160712485,2506037,0.00125330,13.62000000,0
1531160716453,1531160716451,2506038,0.00125330,2.24000000,0
1531160725249,1531160725245,2506039,0.00125270,386.20000000,0
1531160725259,1531160725255,2506040,0.00125320,152.06000000,0
1531160743517,1531160743517,2506041,0.00125220,16.44000000,1
1531160743517,1531160743517,2506042,0.00125120,19.86000000,1
1531160754241,1531160754238,2506043,0.00125120,5.49000000,1
1531160754241,1531160754238,2506044,0.00125110,18.45000000,1
1531160764182,1531160764179,2506045,0.00125120,210.84000000,1
1531160764201,1531160764199,2506046,0.00125120,199.12000000,1
1531160768098,1531160768094,2506047,0.00125360,4.00000000,0
1531160768098,1531160768094,2506048,0.00125390,0.82000000,0
1531160768098,1531160768094,2506049,0.00125400,25.78000000,0
1531160777625,1531160777623,2506050,0.00125110,45.05000000,1
1531160795262,1531160795257,2506051,0.00125110,1.22000000,1
1531160821661,1531160821657,2506052,0.00125400,0.16000000,0
1531160824009,1531160824005,2506053,0.00125260,232.51000000,0
1531160824017,1531160824014,2506054,0.00125120,166.09000000,1
1531160827251,1531160827247,2506055,0.00125380,0.12000000,0
1531160832813,1531160832810,2506056,0.00125380,0.18000000,0
1531160834350,1531160834341,2506057,0.00125380,2.70000000,0
1531160834350,1531160834341,2506058,0.00125400,24.25000000,0
1531160834350,1531160834341,2506059,0.00125470,2.55000000,0
1531160834350,1531160834341,2506060,0.00125500,62.42000000,0
1531160834350,1531160834341,2506061,0.00125510,72.59000000,0
1531160834350,1531160834341,2506062,0.00125530,6.61000000,0
1531160834350,1531160834341,2506063,0.00125560,1.26000000,0
1531160834350,1531160834341,2506064,0.00125700,3.22000000,0
1531160834350,1531160834341,2506065,0.00125730,4.55000000,0
1531160834350,1531160834341,2506066,0.00125750,1.63000000,0
1531160834350,1531160834341,2506067,0.00125760,1.63000000,0
1531160834350,1531160834341,2506068,0.00125820,4.05000000,0
1531160834350,1531160834341,2506069,0.00125830,32.11000000,0
1531160834350,1531160834341,2506070,0.00125860,4.00000000,0
1531160834350,1531160834341,2506071,0.00125890,0.81000000,0
1531160834350,1531160834341,2506072,0.00126030,14.62000000,0
1531160840991,1531160840988,2506073,0.00125820,0.04000000,0
1531160854653,1531160854650,2506074,0.00125820,6.35000000,0
1531160855069,1531160855065,2506075,0.00125820,22.29000000,1
1531160857244,1531160857240,2506076,0.00125830,1.13000000,1
1531160860872,1531160860869,2506077,0.00125830,28.45000000,1
1531160861464,1531160861460,2506078,0.00125830,175.35000000,1
1531160864609,1531160864604,2506079,0.00125670,6.61000000,1
1531160865308,1531160865305,2506080,0.00125330,1.08000000,1
1531160865618,1531160865614,2506081,0.00125670,1.61000000,0
1531160865817,1531160865814,2506082,0.00125670,3.21000000,0
1531160866198,1531160866196,2506083,0.00125670,1.61000000,0
1531160871695,1531160871692,2506084,0.00125670,26.92000000,0
1531160880058,1531160880054,2506085,0.00125670,0.94000000,1
1531160884421,1531160884417,2506086,0.00125690,2.83000000,0
1531160899395,1531160899391,2506087,0.00125740,2.41000000,0
1531160901135,1531160901131,2506088,0.00125810,1.08000000,0
1531160901135,1531160901131,2506089,0.00125830,17.64000000,0
1531160906485,1531160906480,2506090,0.00125750,150.34000000,0
1531160906506,1531160906503,2506091,0.00125820,220.96000000,0
1531160906522,1531160906518,2506092,0.00125820,244.59000000,0
1531160908265,1531160908260,2506093,0.00125830,2.84000000,0
1531160915245,1531160915240,2506094,0.00126030,48.12000000,0
1531160918400,1531160918396,2506095,0.00126050,3.46000000,0
1531160936399,1531160936394,2506096,0.00126080,4.02000000,0
1531160936806,1531160936803,2506097,0.00126090,2.00000000,0
1531160938411,1531160938406,2506098,0.00126090,2.73000000,0
1531160939404,1531160939399,2506099,0.00126100,1.72000000,0
1531160940042,1531160940038,2506100,0.00126040,237.18000000,1
1531160940062,1531160940059,2506101,0.00126040,233.62000000,1
1531160949071,1531160949068,2506102,0.00126030,7.77000000,1
1531160956485,1531160956481,2506103,0.00126110,10.29000000,0
1531160985760,1531160985755,2506104,0.00126140,95.61000000,0
1531160985774,1531160985771,2506105,0.00126120,124.40000000,1
1531160985790,1531160985786,2506106,0.00126120,49.78000000,1
1531161014881,1531161014877,2506107,0.00126170,1.19000000,0
1531161032065,1531161032061,2506108,0.00126120,107.15000000,1
1531161084973,1531161084967,2506109,0.00126140,80.04000000,1
1531161084993,1531161084989,2506110,0.00126140,226.12000000,1
1531161102630,1531161102626,2506111,0.00126170,1.58000000,0
1531161109349,1531161109346,2506112,0.00126160,4.91000000,0
1531161128442,1531161128438,2506113,0.00126140,0.88000000,1
1531161129813,1531161129809,2506114,0.00126130,0.89000000,1
1531161134201,1531161134198,2506115,0.00126130,28.61000000,1
1531161134520,1531161134516,2506116,0.00126130,46.56000000,1
1531161134550,1531161134545,2506117,0.00126110,1.11000000,1
1531161136272,1531161136267,2506118,0.00126110,28.60000000,1
1531161146596,1531161146593,2506119,0.00126040,121.79000000,1
1531161146607,1531161146603,2506120,0.00126040,245.65000000,1
1531161146665,1531161146660,2506121,0.00126170,15.38000000,0
1531161154322,1531161154318,2506122,0.00126170,1.88000000,0
1531161154322,1531161154318,2506123,0.00126190,1.25000000,0
1531161154322,1531161154318,2506124,0.00126200,1.62000000,0
1531161154322,1531161154318,2506125,0.00126230,0.74000000,0
1531161160149,1531161160145,2506126,0.00126130,196.20000000,0
1531161160161,1531161160158,2506127,0.00126040,26.96000000,1
1531161160172,1531161160168,2506128,0.00126040,124.18000000,1
1531161204992,1531161204987,2506129,0.00126040,200.34000000,1
1531161215193,1531161215189,2506130,0.00126040,16.13000000,0
1531161215377,1531161215375,2506131,0.00126030,2.89000000,1
1531161217522,1531161217518,2506132,0.00126040,3.37000000,0
1531161237554,1531161237550,2506133,0.00126040,6.01000000,0
1531161287116,1531161287111,2506134,0.00126030,215.43000000,0
1531161335201,1531161335197,2506135,0.00126130,26.89000000,0
1531161336516,1531161336512,2506136,0.00126130,26.89000000,1
1531161351638,1531161351633,2506137,0.00126130,2.90000000,0
1531161351638,1531161351633,2506138,0.00126230,28.93000000,0
1531161364629,1531161364625,2506139,0.00125900,31.80000000,1
1531161377192,1531161377188,2506140,0.00125900,244.21000000,1
1531161402748,1531161402744,2506141,0.00126230,6.78000000,0
1531161417800,1531161417796,2506142,0.00125910,16.00000000,1
1531161417800,1531161417796,2506143,0.00125880,0.99000000,1
1531161446727,1531161446724,2506144,0.00125880,0.82000000,1
1531161446898,1531161446894,2506145,0.00126040,388.38000000,0
1531161446911,1531161446908,2506146,0.00126210,17.96000000,0
1531161446932,1531161446927,2506147,0.00126210,149.37000000,0
1531161453643,1531161453637,2506148,0.00126200,3.00000000,0
1531161453643,1531161453637,2506149,0.00126220,3.00000000,0
1531161453643,1531161453637,2506150,0.00126240,0.91000000,0
1531161453643,1531161453637,2506151,0.00126280,4.11000000,0
1531161453643,1531161453637,2506152,0.00126330,2.84000000,0
1531161453643,1531161453637,2506153,0.00126360,1.17000000,0
1531161460059,1531161460054,2506154,0.00126360,1.73000000,0
1531161460059,1531161460054,2506155,0.00126390,2.02000000,0
1531161462639,1531161462635,2506156,0.00126360,1.25000000,0
1531161487014,1531161487010,2506157,0.00126360,2.37000000,0
1531161528448,1531161528445,2506158,0.00126360,17.44000000,0
1531161577830,1531161577827,2506159,0.00126140,316.41000000,0
1531161577838,1531161577833,2506160,0.00126340,123.59000000,0
1531161583964,1531161583961,2506161,0.00126340,8.73000000,0
1531161641153,1531161641152,2506162,0.00125970,8.38000000,1
1531161641153,1531161641152,2506163,0.00125950,1.00000000,1
1531161641153,1531161641152,2506164,0.00125880,7.21000000,1
1531161665281,1531161665275,2506165,0.00125880,16.64000000,1
1531161665281,1531161665275,2506166,0.00125790,8.34000000,1
1531161665281,1531161665275,2506167,0.00125730,6.37000000,1
1531161665281,1531161665275,2506168,0.00125600,18.28000000,1
1531161665281,1531161665275,2506169,0.00125400,110.08000000,1
1531161671064,1531161671060,2506170,0.00125600,6.61000000,1
1531161671064,1531161671060,2506171,0.00125420,13.40000000,1
1531161718945,1531161718942,2506172,0.00126100,3.30000000,0
1531161737730,1531161737726,2506173,0.00126090,13.10000000,0
1531161767615,1531161767611,2506174,0.00125820,145.97000000,0
1531161767630,1531161767625,2506175,0.00125600,128.37000000,1
1531161767653,1531161767649,2506176,0.00125600,125.84000000,1
1531161772131,1531161772129,2506177,0.00126050,8.01000000,0
1531161828674,1531161828669,2506178,0.00125740,2.39000000,0
1531161842145,1531161842141,2506179,0.00125740,1.21000000,0
1531161905085,1531161905081,2506180,0.00125700,1.78000000,0
1531161910858,1531161910854,2506181,0.00125750,2.00000000,0
1531161910949,1531161910945,2506182,0.00125750,5.13000000,0
1531161913369,1531161913366,2506183,0.00125720,249.65000000,1
1531161930720,1531161930717,2506184,0.00125720,1.00000000,1
1531161946465,1531161946462,2506185,0.00125730,17.50000000,1
1531161946485,1531161946481,2506186,0.00125730,16.14000000,1
1531161965824,1531161965820,2506187,0.00125770,1.42000000,0
1531161973672,1531161973666,2506188,0.00125760,28.01000000,0
1531161974362,1531161974357,2506189,0.00125770,1.10000000,0
1531162002566,1531162002562,2506190,0.00126050,2.26000000,0
1531162002566,1531162002562,2506191,0.00126150,6.58000000,0
1531162002566,1531162002562,2506192,0.00126230,14.74000000,0
1531162035292,1531162035288,2506193,0.00126000,146.46000000,0
1531162035301,1531162035297,2506194,0.00126220,146.46000000,0
1531162075661,1531162075656,2506195,0.00126230,3.54000000,0
1531162075661,1531162075656,2506196,0.00126240,66.46000000,0
1531162077377,1531162077373,2506197,0.00126220,8.97000000,1
1531162084713,1531162084708,2506198,0.00126100,195.24000000,0
1531162084724,1531162084719,2506199,0.00126230,204.40000000,0
1531162084744,1531162084741,2506200,0.00126230,231.93000000,0
1531162099897,1531162099893,2506201,0.00126230,32.00000000,0
1531162102321,1531162102315,2506202,0.00126230,29.86000000,0
1531162102356,1531162102351,2506203,0.00126230,5.83000000,1
1531162102887,1531162102883,2506204,0.00126230,2.00000000,1
1531162103391,1531162103388,2506205,0.00126230,24.16000000,1
1531162144375,1531162144371,2506206,0.00126220,85.00000000,0
1531162145998,1531162145993,2506207,0.00126100,238.97000000,0
1531162146021,1531162146018,2506208,0.00126220,9.82000000,0
1531162146379,1531162146373,2506209,0.00126220,84.99000000,1
1531162163426,1531162163421,2506210,0.00125990,129.00000000,1
1531162181068,1531162181063,2506211,0.00125990,14.16000000,1
1531162181844,1531162181838,2506212,0.00126230,2.84000000,0
1531162181844,1531162181838,2506213,0.00126240,1.16000000,0
1531162204664,1531162204659,2506214,0.00126120,265.15000000,0
1531162204683,1531162204678,2506215,0.00126000,157.84000000,1
1531162215668,1531162215663,2506216,0.00126110,82.64000000,0
1531162215689,1531162215683,2506217,0.00126230,60.78000000,0
1531162224985,1531162224981,2506218,0.00126000,89.95000000,1
1531162225001,1531162224997,2506219,0.00126000,117.00000000,1
1531162264029,1531162264026,2506220,0.00126000,139.03000000,1
1531162264056,1531162264051,2506221,0.00126000,193.68000000,1
1531162270780,1531162270779,2506222,0.00126000,32.39000000,1
1531162270795,1531162270791,2506223,0.00126000,213.00000000,1
1531162271416,1531162271412,2506224,0.00125990,25.25000000,1
1531162274637,1531162274636,2506225,0.00125980,6.59000000,1
1531162298567,1531162298564,2506226,0.00125750,2.00000000,1
1531162307413,1531162307409,2506227,0.00125750,97.98000000,1
1531162328161,1531162328155,2506228,0.00125860,81.36000000,0
1531162328175,1531162328171,2506229,0.00125980,66.68000000,0
1531162366138,1531162366132,2506230,0.00125760,111.40000000,1
1531162400567,1531162400564,2506231,0.00125780,5.12000000,1
1531162465552,1531162465546,2506232,0.00125860,36.31000000,0
1531162465559,1531162465556,2506233,0.00125790,81.93000000,1
1531162465583,1531162465578,2506234,0.00125790,23.57000000,1
1531162473355,1531162473350,2506235,0.00125940,1.80000000,0
1531162487110,1531162487106,2506236,0.00125860,12.95000000,0
1531162487125,1531162487119,2506237,0.00125930,4.87000000,0
1531162506046,1531162506040,2506238,0.00125870,149.57000000,0
1531162506058,1531162506053,2506239,0.00125810,71.90000000,1
1531162514069,1531162514063,2506240,0.00125800,7.30000000,1
1531162523844,1531162523839,2506241,0.00125800,7.46000000,1
1531162527254,1531162527249,2506242,0.00126070,2.01000000,0
1531162544633,1531162544628,2506243,0.00125810,93.65000000,1
1531162544651,1531162544646,2506244,0.00125810,204.53000000,1
1531162551590,1531162551585,2506245,0.00126070,2.00000000,0
1531162565823,1531162565817,2506246,0.00125810,13.00000000,1
1531162565841,1531162565838,2506247,0.00125810,213.31000000,1
1531162598599,1531162598594,2506248,0.00125800,12.09000000,1
1531162645150,1531162645146,2506249,0.00125930,175.97000000,0
1531162645165,1531162645163,2506250,0.00125800,244.90000000,1
1531162645188,1531162645184,2506251,0.00125800,127.51000000,1
1531162678580,1531162678577,2506252,0.00125800,232.93000000,1
1531162705680,1531162705675,2506253,0.00125860,165.37000000,1
1531162705707,1531162705703,2506254,0.00125860,220.71000000,1
1531162733184,1531162733179,2506255,0.00125960,140.49000000,0
1531162733198,1531162733193,2506256,0.00125860,57.57000000,1
1531162741606,1531162741601,2506257,0.00125910,3.09000000,1
1531162766261,1531162766257,2506258,0.00126040,13.50000000,0
1531162766281,1531162766275,2506259,0.00126040,3.85000000,0
1531162784250,1531162784243,2506260,0.00125900,41.91000000,0
1531162784264,1531162784259,2506261,0.00125750,105.45000000,1
1531162784281,1531162784274,2506262,0.00125750,26.87000000,1
1531162794565,1531162794559,2506263,0.00125740,20.00000000,1
1531162794608,1531162794606,2506264,0.00125740,4.91000000,0
1531162794653,1531162794648,2506265,0.00125720,4.91000000,1
1531162795446,1531162795443,2506266,0.00125720,1.69000000,1
1531162800912,1531162800908,2506267,0.00125740,1.51000000,0
1531162801466,1531162801461,2506268,0.00125740,1.49000000,1
1531162853910,1531162853906,2506269,0.00126020,6.59000000,0
1531162853910,1531162853906,2506270,0.00126040,3.00000000,0
1531162854610,1531162854605,2506271,0.00126040,2.54000000,1
1531162860634,1531162860630,2506272,0.00126050,0.84000000,0
1531162876866,1531162876860,2506273,0.00126040,86.68000000,0
1531162876889,1531162876885,2506274,0.00126040,177.81000000,0
1531162899973,1531162899969,2506275,0.00125790,3.18000000,1
1531162900030,1531162900024,2506276,0.00125790,3.42000000,1
1531162900030,1531162900024,2506277,0.00125520,3.00000000,1
1531162900030,1531162900024,2506278,0.00125400,0.02000000,1
1531162917293,1531162917282,2506279,0.00125500,5.57000000,1
1531162917293,1531162917282,2506280,0.00125490,9.62000000,1
1531162917293,1531162917282,2506281,0.00125400,6.36000000,1
1531162917293,1531162917282,2506282,0.00125300,18.32000000,1
1531162917293,1531162917282,2506283,0.00125110,3.00000000,1
1531162917293,1531162917282,2506284,0.00125060,6.40000000,1
1531162917293,1531162917282,2506285,0.00125000,9.60000000,1
1531162917293,1531162917282,2506286,0.00124900,4.38000000,1
1531162917293,1531162917282,2506287,0.00124840,13.49000000,1
1531162917293,1531162917282,2506288,0.00124800,44.53000000,1
1531162917293,1531162917282,2506289,0.00124780,2.96000000,1
1531162917293,1531162917282,2506290,0.00124770,121.25000000,1
1531162917293,1531162917282,2506291,0.00124730,1.36000000,1
1531162917293,1531162917282,2506292,0.00124720,9.41000000,1
1531162917293,1531162917282,2506293,0.00124710,6.42000000,1
1531162917293,1531162917282,2506294,0.00124700,13.12000000,1
1531162917293,1531162917282,2506295,0.00124690,4.12000000,1
1531162917746,1531162917743,2506296,0.00125070,3.39000000,0
1531162917765,1531162917759,2506297,0.00125070,0.61000000,0
1531162917814,1531162917810,2506298,0.00125300,3.04000000,0
1531162918018,1531162918013,2506299,0.00125070,4.48000000,0
1531162918029,1531162918024,2506300,0.00125070,4.48000000,0
1531162918029,1531162918025,2506301,0.00125070,0.16000000,0
1531162919373,1531162919369,2506302,0.00125270,1.59000000,0
1531162919373,1531162919369,2506303,0.00125300,1.45000000,0
1531162921698,1531162921693,2506304,0.00125090,0.16000000,1
1531162922698,1531162922689,2506305,0.00125090,10.62000000,1
1531162922698,1531162922689,2506306,0.00124640,34.08000000,1
1531162922698,1531162922689,2506307,0.00124630,12.41000000,1
1531162923124,1531162923118,2506308,0.00125010,4.56000000,0
1531162923136,1531162923132,2506309,0.00125010,4.16000000,0
1531162923226,1531162923220,2506310,0.00125000,8.00000000,0
1531162923264,1531162923258,2506311,0.00125000,3.76000000,0
1531162923279,1531162923274,2506312,0.00125010,8.32000000,0
1531162923335,1531162923333,2506313,0.00125010,8.96000000,0
1531162923348,1531162923341,2506314,0.00125010,4.00000000,0
1531162923348,1531162923341,2506315,0.00125290,5.57000000,0
1531162923348,1531162923341,2506316,0.00125300,0.91000000,0
1531162928584,1531162928580,2506317,0.00125000,3.76000000,1
1531162929778,1531162929773,2506318,0.00125000,34.54000000,0
1531162938510,1531162938505,2506319,0.00124620,5.96000000,1
1531162938526,1531162938521,2506320,0.00124620,49.10000000,0
1531162938572,1531162938566,2506321,0.00124620,2.01000000,0
1531162938972,1531162938967,2506322,0.00124620,2.00000000,0
1531162939704,1531162939697,2506323,0.00124620,19.67000000,0
1531162944768,1531162944764,2506324,0.00124800,92.26000000,0
1531162944778,1531162944772,2506325,0.00124620,173.96000000,1
1531162944800,1531162944795,2506326,0.00124620,67.84000000,1
1531162950458,1531162950454,2506327,0.00124620,171.64000000,0
1531162950482,1531162950478,2506328,0.00124980,5.96000000,0
1531162961722,1531162961716,2506329,0.00125010,4.08000000,0
1531162961722,1531162961716,2506330,0.00125060,6.64000000,0
1531162962955,1531162962948,2506331,0.00125110,3.00000000,1
1531162967043,1531162967039,2506332,0.00125120,1.75000000,1
1531162969561,1531162969555,2506333,0.00125120,50.21000000,1
1531162969576,1531162969572,2506334,0.00125120,125.70000000,1
1531162970455,1531162970450,2506335,0.00125120,1.75000000,0
1531162979297,1531162979291,2506336,0.00125330,1.03000000,0
1531162979297,1531162979291,2506337,0.00125400,6.62000000,0
1531162982911,1531162982906,2506338,0.00125400,1.36000000,1
1531162983471,1531162983469,2506339,0.00125400,69.01000000,1
1531163006881,1531163006637,2506340,0.00124980,283.19000000,0
1531163006911,1531163006886,2506341,0.00125220,84.20000000,0
1531163006934,1531163006928,2506342,0.00125220,228.37000000,0
1531163030659,1531163030654,2506343,0.00125220,0.79000000,0
1531163085531,1531163085525,2506344,0.00124960,205.03000000,0
1531163085546,1531163085539,2506345,0.00125170,106.79000000,0
1531163094514,1531163094510,2506346,0.00125180,0.81000000,0
1531163097649,1531163097644,2506347,0.00125180,2.27000000,0
1531163097703,1531163097698,2506348,0.00124760,2.27000000,1
1531163099552,1531163099545,2506349,0.00124760,1.87000000,0
1531163102080,1531163102076,2506350,0.00125170,2.27000000,0
1531163102118,1531163102114,2506351,0.00125170,1.00000000,1
1531163103046,1531163103041,2506352,0.00125170,1.14000000,0
1531163144676,1531163144670,2506353,0.00124790,1.01000000,1
1531163145064,1531163145061,2506354,0.00125120,2.62000000,0
1531163147832,1531163147826,2506355,0.00124780,123.09000000,1
1531163147864,1531163147858,2506356,0.00124780,217.96000000,1
1531163154055,1531163154050,2506357,0.00124940,374.13000000,0
1531163154071,1531163154066,2506358,0.00124770,2.37000000,1
1531163154085,1531163154080,2506359,0.00124770,176.46000000,1
1531163164425,1531163164418,2506360,0.00125110,1.01000000,0
1531163164425,1531163164418,2506361,0.00125120,0.13000000,0
1531163177340,1531163177335,2506362,0.00125100,1.01000000,0
1531163177340,1531163177335,2506363,0.00125120,28.16000000,0
1531163184925,1531163184920,2506364,0.00125110,63.03000000,0
1531163209400,1531163209395,2506365,0.00125060,3.24000000,0
1531163234598,1531163234594,2506366,0.00124940,231.12000000,0
1531163234607,1531163234602,2506367,0.00125050,186.37000000,0
1531163238660,1531163238654,2506368,0.00125120,10.31000000,0
1531163244278,1531163244273,2506369,0.00125160,195.91000000,0
1531163247062,1531163247055,2506370,0.00125180,2.62000000,0
1531163255907,1531163255901,2506371,0.00125170,3.00000000,0
1531163255907,1531163255901,2506372,0.00125180,73.04000000,0
1531163261210,1531163261201,2506373,0.00125220,4.70000000,0
1531163261210,1531163261201,2506374,0.00125230,6.63000000,0
1531163261210,1531163261201,2506375,0.00125440,4.12000000,0
1531163261210,1531163261201,2506376,0.00125460,2.78000000,0
1531163261210,1531163261201,2506377,0.00125470,4.71000000,0
1531163261210,1531163261201,2506378,0.00125500,3.24000000,0
1531163261210,1531163261201,2506379,0.00125550,2.96000000,0
1531163261210,1531163261201,2506380,0.00125930,95.33000000,0
1531163261210,1531163261201,2506381,0.00125980,112.97000000,0
1531163261210,1531163261201,2506382,0.00125990,1015.23000000,0
1531163276752,1531163276747,2506383,0.00126000,7.86000000,0
1531163340121,1531163340116,2506384,0.00125880,15.52000000,1
1531163340146,1531163340141,2506385,0.00125880,46.35000000,1
1531163366023,1531163366018,2506386,0.00125890,77.25000000,1
1531163406717,1531163406711,2506387,0.00126000,31.34000000,0
1531163410925,1531163410921,2506388,0.00126000,3.10000000,0
1531163411833,1531163411826,2506389,0.00125940,111.07000000,0
1531163411846,1531163411840,2506390,0.00125890,43.71000000,1
1531163411874,1531163411867,2506391,0.00125890,64.56000000,1
1531163413080,1531163413073,2506392,0.00125880,3.72000000,1
1531163413080,1531163413073,2506393,0.00125870,1.61000000,1
1531163445787,1531163445781,2506394,0.00125880,206.34000000,1
1531163446030,1531163446024,2506395,0.00125870,2.00000000,1
1531163476631,1531163476626,2506396,0.00125940,413.32000000,0
1531163476643,1531163476637,2506397,0.00125880,152.34000000,1
1531163476654,1531163476649,2506398,0.00125880,165.34000000,1
1531163484395,1531163484388,2506399,0.00125870,3.24000000,1
1531163484395,1531163484388,2506400,0.00125240,41.76000000,1
1531163484442,1531163484437,2506401,0.00125240,3.08000000,1
1531163633508,1531163633499,2506402,0.00125900,7.94000000,0
1531163702778,1531163702773,2506403,0.00125530,155.06000000,1
1531163747470,1531163747467,2506404,0.00125660,64.21000000,0
1531163747485,1531163747479,2506405,0.00125530,41.71000000,1
1531163805299,1531163805294,2506406,0.00125530,6.40000000,1
1531163805818,1531163805813,2506407,0.00125530,45.39000000,1
1531163805834,1531163805827,2506408,0.00125530,26.28000000,1
1531163844291,1531163844285,2506409,0.00125530,33.05000000,0
1531163855998,1531163855993,2506410,0.00125540,1.08000000,1
1531163968064,1531163968059,2506411,0.00125530,0.07000000,1
1531164067950,1531164067944,2506412,0.00125640,154.21000000,0
1531164067966,1531164067962,2506413,0.00125550,82.90000000,1
1531164101836,1531164101830,2506414,0.00125610,17.29000000,1
1531164111743,1531164111738,2506415,0.00125610,42.07000000,1
1531164112624,1531164112620,2506416,0.00125530,35.18000000,1
1531164114611,1531164114604,2506417,0.00125520,10.00000000,1
1531164115632,1531164115628,2506418,0.00125430,6.62000000,1
1531164121803,1531164121797,2506419,0.00125500,8.82000000,0
1531164121803,1531164121797,2506420,0.00125550,56.54000000,0
1531164157742,1531164157738,2506421,0.00125350,29.17000000,1
1531164157753,1531164157747,2506422,0.00125350,130.53000000,1
1531164227783,1531164227778,2506423,0.00125670,0.62000000,0
1531164563822,1531164563817,2506424,0.00125360,4.67000000,1
1531164628080,1531164628074,2506425,0.00125500,101.53000000,0
1531164645226,1531164645221,2506426,0.00125500,7.96000000,0
1531164782008,1531164782003,2506427,0.00125380,16.65000000,1
1531164811627,1531164811619,2506428,0.00125370,142.46000000,1
1531164895067,1531164895062,2506429,0.00125520,302.61000000,0
1531164895081,1531164895075,2506430,0.00125370,148.34000000,1
1531164975944,1531164975939,2506431,0.00125500,319.06000000,0
1531164975970,1531164975965,2506432,0.00125500,5.94000000,0
1531164975970,1531164975965,2506433,0.00125670,17.11000000,0
1531164975970,1531164975965,2506434,0.00125740,1.70000000,0
1531164976068,1531164976061,2506435,0.00125840,1.70000000,0
1531164976068,1531164976061,2506436,0.00125870,18.18000000,0
1531164976754,1531164976748,2506437,0.00125660,3.00000000,0
1531164988564,1531164988562,2506438,0.00125940,24.72000000,0
1531165000583,1531165000576,2506439,0.00125940,16.66000000,0
1531165000584,1531165000579,2506440,0.00125940,0.02000000,0
1531165000584,1531165000579,2506441,0.00125950,1.70000000,0
1531165043722,1531165043717,2506442,0.00126000,2.76000000,0
1531165104453,1531165104448,2506443,0.00126000,520.25000000,0
1531165104462,1531165104457,2506444,0.00125960,183.18000000,1
1531165130176,1531165130171,2506445,0.00125960,91.09000000,1
1531165130202,1531165130200,2506446,0.00125960,94.73000000,1
1531165145900,1531165145897,2506447,0.00125960,8.32000000,1
1531165180856,1531165180852,2506448,0.00126000,251.55000000,0
1531165180868,1531165180863,2506449,0.00125960,234.84000000,1
1531165180883,1531165180877,2506450,0.00125960,169.96000000,1
1531165180959,1531165180957,2506451,0.00126050,5.38000000,0
1531165205020,1531165205015,2506452,0.00125960,36.64000000,1
1531165224759,1531165224753,2506453,0.00125950,5.00000000,1
1531165249315,1531165249310,2506454,0.00125880,445.26000000,0
1531165249323,1531165249317,2506455,0.00125800,87.59000000,1
1531165262809,1531165262803,2506456,0.00125810,1.46000000,1
1531165263736,1531165263728,2506457,0.00125810,26.60000000,1
1531165264739,1531165264736,2506458,0.00125810,6.46000000,1
1531165266727,1531165266723,2506459,0.00125790,44.00000000,1
1531165267733,1531165267732,2506460,0.00125770,28.06000000,1
1531165269720,1531165269715,2506461,0.00125770,28.06000000,1
1531165270735,1531165270728,2506462,0.00125770,21.58000000,1
1531165271742,1531165271736,2506463,0.00125750,6.60000000,1
1531165273186,1531165273180,2506464,0.00125930,6.59000000,0
1531165274003,1531165273997,2506465,0.00125960,1.97000000,0
1531165274729,1531165274723,2506466,0.00125960,198.03000000,1
1531165325877,1531165325870,2506467,0.00125860,44.56000000,0
1531165325899,1531165325892,2506468,0.00125770,41.25000000,1
1531165355025,1531165355020,2506469,0.00125630,226.90000000,1
1531165355043,1531165355037,2506470,0.00125630,228.46000000,1
1531165419741,1531165419734,2506471,0.00125680,28.06000000,1
1531165419753,1531165419748,2506472,0.00125680,40.24000000,0
1531165461275,1531165461273,2506473,0.00125960,1.21000000,0
1531165461275,1531165461273,2506474,0.00126000,25.98000000,0
1531165461485,1531165461482,2506475,0.00126000,27.19000000,0
1531165461511,1531165461507,2506476,0.00126000,6.03000000,0
1531165461671,1531165461664,2506477,0.00126000,27.19000000,0
1531165461871,1531165461867,2506478,0.00126000,27.19000000,0
1531165462192,1531165462191,2506479,0.00126000,27.19000000,0
1531165462211,1531165462207,2506480,0.00126000,15.63000000,0
1531165462219,1531165462215,2506481,0.00126000,39.87000000,0
1531165462376,1531165462369,2506482,0.00126000,27.19000000,0
1531165463177,1531165463171,2506483,0.00126000,43.92000000,0
1531165463203,1531165463197,2506484,0.00126000,11.80000000,0
1531165499369,1531165499364,2506485,0.00125880,195.04000000,0
1531165499379,1531165499373,2506486,0.00125770,95.01000000,1
1531165499409,1531165499403,2506487,0.00125880,37.98000000,1
1531165499409,1531165499403,2506488,0.00125770,92.05000000,1
1531165537170,1531165537164,2506489,0.00125740,28.06000000,1
1531165537170,1531165537164,2506490,0.00125720,3.00000000,1
1531165537170,1531165537164,2506491,0.00125610,4.21000000,1
1531165550058,1531165550051,2506492,0.00125720,28.06000000,1
1531165550058,1531165550051,2506493,0.00125610,2.40000000,1
1531165550550,1531165550544,2506494,0.00125610,0.51000000,0
1531165551075,1531165551069,2506495,0.00125760,6.60000000,0
1531165586200,1531165586194,2506496,0.00125750,168.84000000,1
1531165586221,1531165586215,2506497,0.00125750,217.56000000,1
1531165633726,1531165633719,2506498,0.00125750,13.27000000,0
1531165646307,1531165646302,2506499,0.00125750,80.35000000,0
1531165646312,1531165646308,2506500,0.00125750,37.99000000,0
1531165646331,1531165646326,2506501,0.00125750,80.35000000,0
1531165646374,1531165646371,2506502,0.00125740,7.95000000,1
1531165646374,1531165646371,2506503,0.00125610,6.61000000,1
1531165646374,1531165646371,2506504,0.00125380,3.00000000,1
1531165646374,1531165646371,2506505,0.00125360,0.09000000,1
1531165646374,1531165646371,2506506,0.00125340,0.11000000,1
1531165646375,1531165646371,2506507,0.00125340,4.89000000,1
1531165646375,1531165646371,2506508,0.00125240,10.05000000,1
1531165649171,1531165649164,2506509,0.00125750,1.19000000,0
1531165992967,1531165992966,2506510,0.00125370,11.62000000,0
1531166011602,1531166011596,2506511,0.00125360,37.47000000,1
1531166024240,1531166024234,2506512,0.00125500,0.79000000,0
1531166090145,1531166090142,2506513,0.00125500,76.55000000,0
1531166103713,1531166103705,2506514,0.00125280,2.57000000,1
1531166226198,1531166226192,2506515,0.00125400,1.00000000,1
1531166275098,1531166275092,2506516,0.00125590,463.40000000,0
1531166275107,1531166275102,2506517,0.00125460,170.37000000,1
1531166278150,1531166278142,2506518,0.00125450,5.74000000,1
1531166278150,1531166278142,2506519,0.00125330,11.28000000,1
1531166278150,1531166278142,2506520,0.00125320,56.38000000,1
1531166278150,1531166278142,2506521,0.00125310,57.44000000,1
1531166278150,1531166278142,2506522,0.00125280,44.18000000,1
1531166278150,1531166278142,2506523,0.00125240,6.63000000,1
1531166278150,1531166278142,2506524,0.00125230,62.70000000,1
1531166307807,1531166307801,2506525,0.00125230,16.34000000,1
1531166309844,1531166309840,2506526,0.00125230,4.13000000,1
1531166327482,1531166327476,2506527,0.00125240,202.46000000,1
1531166327500,1531166327495,2506528,0.00125240,69.26000000,1
1531166338336,1531166338329,2506529,0.00125350,398.51000000,0
1531166338349,1531166338344,2506530,0.00125240,177.90000000,1
1531166365350,1531166365345,2506531,0.00125240,21.50000000,1
1531166377679,1531166377674,2506532,0.00125240,143.50000000,1
1531166377694,1531166377690,2506533,0.00125240,238.93000000,1
1531166382283,1531166382276,2506534,0.00125240,9.00000000,1
1531166383551,1531166383547,2506535,0.00125460,0.79000000,0
1531166387894,1531166387888,2506536,0.00125240,49.82000000,1
1531166387912,1531166387905,2506537,0.00125240,33.17000000,1
1531166390470,1531166390468,2506538,0.00125230,79.55000000,1
1531166390861,1531166390860,2506539,0.00125240,9.00000000,0
1531166409132,1531166409128,2506540,0.00125230,1.00000000,1
1531166411378,1531166411371,2506541,0.00125230,17.26000000,1
1531166420647,1531166420643,2506542,0.00125230,2.82000000,1
1531166424143,1531166424135,2506543,0.00125250,70.00000000,1
1531166424143,1531166424135,2506544,0.00125240,327.34000000,1
1531166424143,1531166424135,2506545,0.00125230,21.26000000,1
1531166436646,1531166436641,2506546,0.00125330,234.59000000,0
1531166455733,1531166455732,2506547,0.00125230,4.00000000,1
1531166466691,1531166466685,2506548,0.00125230,23.37000000,1
1531166483588,1531166483583,2506549,0.00125250,212.28000000,0
1531166483604,1531166483598,2506550,0.00125250,23.10000000,0
1531166483635,1531166483631,2506551,0.00125260,2.00000000,0
1531166484027,1531166484020,2506552,0.00125260,2.87000000,0
1531166485017,1531166485010,2506553,0.00125280,4.61000000,0
1531166512874,1531166512868,2506554,0.00125280,2.62000000,0
1531166561349,1531166561344,2506555,0.00125280,37.50000000,0
1531166595603,1531166595597,2506556,0.00125420,11.29000000,0
1531166597264,1531166597263,2506557,0.00125490,6.58000000,0
1531166610617,1531166610610,2506558,0.00125340,5.64000000,1
1531166610617,1531166610610,2506559,0.00125330,6.63000000,1
1531166610617,1531166610610,2506560,0.00125230,7.12000000,1
1531166610617,1531166610610,2506561,0.00125020,61.34000000,1
1531166610617,1531166610610,2506562,0.00125000,8.08000000,1
1531166611327,1531166611320,2506563,0.00124980,10.00000000,0
1531166611569,1531166611565,2506564,0.00124980,57.40000000,0
1531166614243,1531166614236,2506565,0.00124970,41.98000000,0
1531166614243,1531166614236,2506566,0.00124980,12.89000000,0
1531166615806,1531166615800,2506567,0.00124980,1.12000000,0
1531166616464,1531166616451,2506568,0.00124910,182.50000000,0
1531166616471,1531166616465,2506569,0.00124980,218.93000000,0
1531166617032,1531166617024,2506570,0.00125160,6.63000000,0
1531166629608,1531166629602,2506571,0.00125130,5.24000000,1
1531166629608,1531166629602,2506572,0.00125120,6.64000000,1
1531166640890,1531166640885,2506573,0.00125050,6.64000000,1
1531166640890,1531166640885,2506574,0.00125000,7.18000000,1
1531166640936,1531166640929,2506575,0.00124980,7.18000000,1
1531166645059,1531166645053,2506576,0.00124980,7.72000000,1
1531166665205,1531166665200,2506577,0.00125230,149.50000000,0
1531166665220,1531166665214,2506578,0.00125230,215.03000000,0
1531166665234,1531166665228,2506579,0.00124980,1.32000000,1
1531166678044,1531166678039,2506580,0.00124850,180.37000000,1
1531166678067,1531166678061,2506581,0.00124980,233.83000000,0
1531166736002,1531166735996,2506582,0.00124850,30.92000000,1
1531166744914,1531166744908,2506583,0.00125000,44.55000000,0
1531166745660,1531166745655,2506584,0.00124860,126.51000000,1
1531166745679,1531166745674,2506585,0.00124860,189.15000000,1
1531166762358,1531166762357,2506586,0.00125200,3.00000000,0
1531166762358,1531166762357,2506587,0.00125240,4.98000000,0
1531166785233,1531166785229,2506588,0.00125230,30.64000000,0
1531166785257,1531166785252,2506589,0.00125230,222.34000000,0
1531166821145,1531166821141,2506590,0.00124850,1.50000000,1
1531166846459,1531166846454,2506591,0.00125040,139.19000000,0
1531166846470,1531166846464,2506592,0.00125230,96.65000000,0
1531166883482,1531166883477,2506593,0.00125190,3.00000000,0
1531166883518,1531166883517,2506594,0.00125240,1.65000000,0
1531166892293,1531166892285,2506595,0.00125140,13.21000000,1
1531166892293,1531166892285,2506596,0.00125120,62.51000000,1
1531166892293,1531166892285,2506597,0.00125110,6.64000000,1
1531166892293,1531166892285,2506598,0.00124960,36.31000000,1
1531166892293,1531166892285,2506599,0.00124860,3.00000000,1
1531166892293,1531166892285,2506600,0.00124850,5.12000000,1
1531166892293,1531166892285,2506601,0.00124840,23.21000000,1
1531166916608,1531166916603,2506602,0.00125000,0.66000000,1
1531166954113,1531166954107,2506603,0.00125000,21.24000000,1
1531166955209,1531166955208,2506604,0.00124860,16.00000000,1
1531166956863,1531166956863,2506605,0.00124840,0.95000000,1
1531166986719,1531166986713,2506606,0.00124990,9.80000000,0
1531166986732,1531166986731,2506607,0.00124850,173.37000000,1
1531166986753,1531166986748,2506608,0.00124850,5.16000000,1
1531167022244,1531167022238,2506609,0.00125150,1.93000000,0
1531167046208,1531167046202,2506610,0.00124860,159.59000000,1
1531167046235,1531167046229,2506611,0.00124860,237.06000000,1
1531167064714,1531167064708,2506612,0.00125170,1.53000000,0
1531167100561,1531167100556,2506613,0.00125410,39.00000000,0
1531167125041,1531167125036,2506614,0.00125370,70.00000000,0
1531167125041,1531167125036,2506615,0.00125380,62.51000000,0
1531167125041,1531167125036,2506616,0.00125390,27.21000000,0
1531167168665,1531167168658,2506617,0.00125430,6.62000000,0
1531167168665,1531167168658,2506618,0.00125480,15.38000000,0
1531167250888,1531167250883,2506619,0.00125320,353.91000000,0
1531167250902,1531167250897,2506620,0.00125470,217.37000000,0
1531167310978,1531167310971,2506621,0.00125170,0.95000000,1
1531167311368,1531167311362,2506622,0.00125470,247.06000000,0
1531167311386,1531167311380,2506623,0.00125470,86.84000000,0
1531167312491,1531167312485,2506624,0.00125170,0.98000000,1
1531167315049,1531167315043,2506625,0.00125170,0.70000000,1
1531167315049,1531167315043,2506626,0.00125080,0.29000000,1
1531167316547,1531167316543,2506627,0.00125090,1.04000000,1
1531167406617,1531167406614,2506628,0.00125390,26.64000000,0
1531167406634,1531167406629,2506629,0.00125390,130.65000000,0
1531167465419,1531167465413,2506630,0.00125230,231.38000000,0
1531167465436,1531167465429,2506631,0.00125090,136.12000000,1
1531167488052,1531167488051,2506632,0.00124910,182.34000000,1
1531167488068,1531167488063,2506633,0.00124910,24.07000000,1
1531167493354,1531167493347,2506634,0.00124900,6.65000000,1
1531167493354,1531167493347,2506635,0.00124860,1.53000000,1
1531167493354,1531167493347,2506636,0.00124840,10.59000000,1
1531167515989,1531167515982,2506637,0.00124850,6.43000000,1
1531167561599,1531167561592,2506638,0.00124840,51.15000000,1
1531167561599,1531167561592,2506639,0.00124790,45.09000000,1
1531167563645,1531167563640,2506640,0.00124770,1.01000000,1
1531167564170,1531167564163,2506641,0.00124780,1.60000000,0
1531167564582,1531167564580,2506642,0.00124760,0.99000000,1
1531167566090,1531167566084,2506643,0.00124760,1.15000000,1
1531167566090,1531167566084,2506644,0.00124620,3.00000000,1
1531167566090,1531167566084,2506645,0.00124610,2.28000000,1
1531167568960,1531167568956,2506646,0.00124690,82.35000000,0
1531167568972,1531167568967,2506647,0.00124780,208.53000000,0
1531167568989,1531167568984,2506648,0.00124780,39.57000000,0
1531167569581,1531167569580,2506649,0.00124790,2.00000000,0
1531167569993,1531167569989,2506650,0.00124790,94.82000000,0
1531167570041,1531167570034,2506651,0.00124780,1.60000000,1
1531167570041,1531167570034,2506652,0.00124610,0.13000000,1
1531167570997,1531167570992,2506653,0.00124610,157.83000000,0
1531167586642,1531167586637,2506654,0.00124820,0.80000000,0
1531167586734,1531167586728,2506655,0.00124820,2.20000000,0
1531167587997,1531167587991,2506656,0.00124830,6.65000000,0
1531167596516,1531167596513,2506657,0.00125390,0.80000000,0
1531167616129,1531167616123,2506658,0.00125380,43.81000000,0
1531167714874,1531167714872,2506659,0.00124850,20.00000000,1
1531167782511,1531167782506,2506660,0.00125370,1.04000000,0
1531167782511,1531167782506,2506661,0.00125380,28.96000000,0
1531167785300,1531167785296,2506662,0.00125380,52.03000000,0
1531167785320,1531167785313,2506663,0.00125380,176.88000000,0
1531167785919,1531167785912,2506664,0.00125380,1.04000000,1
1531167786021,1531167786015,2506665,0.00125390,5.82000000,0
1531167795381,1531167795374,2506666,0.00125430,115.72000000,0
1531167795398,1531167795392,2506667,0.00125390,95.18000000,1
1531167795418,1531167795415,2506668,0.00125390,83.84000000,1
1531167806160,1531167806154,2506669,0.00125470,48.46000000,0
1531167866218,1531167866212,2506670,0.00125190,132.50000000,1
1531167873236,1531167873232,2506671,0.00125180,6.63000000,1
1531167874243,1531167874243,2506672,0.00125180,1.60000000,0
1531167885666,1531167885660,2506673,0.00125170,14.00000000,0
1531167906194,1531167906189,2506674,0.00125080,398.93000000,0
1531167906206,1531167906201,2506675,0.00125170,189.96000000,0
1531167907041,1531167907035,2506676,0.00125180,2.77000000,0
1531168005956,1531168005950,2506677,0.00125090,181.01000000,0
1531168005970,1531168005967,2506678,0.00125330,112.87000000,0
1531168005995,1531168005989,2506679,0.00125330,99.45000000,0
1531168012105,1531168012098,2506680,0.00124850,5.07000000,1
1531168012105,1531168012098,2506681,0.00124840,6.04000000,1
1531168012105,1531168012098,2506682,0.00124830,6.65000000,1
1531168012105,1531168012098,2506683,0.00124560,3.00000000,1
1531168012105,1531168012098,2506684,0.00124550,23.05000000,1
1531168075480,1531168075476,2506685,0.00125270,4.04000000,0
1531168075762,1531168075758,2506686,0.00125270,0.81000000,0
1531168075781,1531168075777,2506687,0.00125270,0.22000000,0
1531168076064,1531168076060,2506688,0.00125280,0.99000000,1
1531168081977,1531168081971,2506689,0.00124810,5.09000000,1
1531168081977,1531168081971,2506690,0.00124610,5.80000000,1
1531168094010,1531168094005,2506691,0.00125250,0.80000000,0
1531168106281,1531168106275,2506692,0.00125230,0.81000000,0
1531168120995,1531168120989,2506693,0.00124700,31.30000000,1
1531168164336,1531168164334,2506694,0.00124640,36.28000000,1
1531168186102,1531168186100,2506695,0.00124630,5.00000000,1
1531168186102,1531168186100,2506696,0.00124550,1.04000000,1
1531168186102,1531168186100,2506697,0.00124490,10.00000000,1
1531168245994,1531168245988,2506698,0.00124580,249.07000000,1
1531168295271,1531168295265,2506699,0.00124510,5.20000000,1
1531168317387,1531168317381,2506700,0.00124510,45.10000000,1
1531168317387,1531168317381,2506701,0.00124500,10.00000000,1
1531168317412,1531168317407,2506702,0.00124500,10.81000000,0
1531168320248,1531168320242,2506703,0.00124480,109.79000000,1
1531168323981,1531168323975,2506704,0.00124490,204.96000000,1
1531168323999,1531168323994,2506705,0.00124490,237.75000000,0
1531168324004,1531168324003,2506706,0.00124490,2.00000000,1
1531168324017,1531168324012,2506707,0.00124490,202.96000000,1
1531168338102,1531168338096,2506708,0.00124490,23.68000000,0
1531168358267,1531168358261,2506709,0.00124480,11.00000000,1
1531168365483,1531168365480,2506710,0.00124490,176.75000000,1
1531168385035,1531168385029,2506711,0.00124490,162.18000000,1
1531168385058,1531168385055,2506712,0.00124490,13.66000000,1
1531168387722,1531168387717,2506713,0.00124490,2.00000000,0
1531168388090,1531168388084,2506714,0.00124490,28.27000000,0
1531168404237,1531168404236,2506715,0.00124670,84.29000000,0
1531168404256,1531168404251,2506716,0.00124870,31.21000000,0
1531168444560,1531168444553,2506717,0.00124870,1.27000000,0
1531168479631,1531168479617,2506718,0.00124480,74.84000000,1
1531168479631,1531168479617,2506719,0.00124450,2.47000000,1
1531168479631,1531168479617,2506720,0.00124420,2.42000000,1
1531168479631,1531168479617,2506721,0.00124360,3.00000000,1
1531168479631,1531168479617,2506722,0.00124340,7.25000000,1
1531168479631,1531168479617,2506723,0.00124250,94.62000000,1
1531168479631,1531168479617,2506724,0.00124230,9.96000000,1
1531168479631,1531168479617,2506725,0.00124220,2.62000000,1
1531168479631,1531168479617,2506726,0.00124210,6.00000000,1
1531168479631,1531168479617,2506727,0.00124200,1.33000000,1
1531168479631,1531168479617,2506728,0.00124190,1.08000000,1
1531168479631,1531168479617,2506729,0.00124100,12.08000000,1
1531168479631,1531168479617,2506730,0.00124080,10.26000000,1
1531168479631,1531168479617,2506731,0.00124020,4.04000000,1
1531168479631,1531168479617,2506732,0.00124000,7.01000000,1
1531168479631,1531168479617,2506733,0.00123970,4.04000000,1
1531168479631,1531168479617,2506734,0.00123950,6.46000000,1
1531168479631,1531168479617,2506735,0.00123940,160.68000000,1
1531168479631,1531168479617,2506736,0.00123910,12.11000000,1
1531168479631,1531168479617,2506737,0.00123860,15.94000000,1
1531168479631,1531168479617,2506738,0.00123850,100.00000000,1
1531168479631,1531168479617,2506739,0.00123780,97.21000000,1
1531168479631,1531168479617,2506740,0.00123770,1.61000000,1
1531168479631,1531168479617,2506741,0.00123750,121.21000000,1
1531168479631,1531168479617,2506742,0.00123730,7.20000000,1
1531168479631,1531168479617,2506743,0.00123720,16.17000000,1
1531168479631,1531168479617,2506744,0.00123700,520.89000000,1
1531168479631,1531168479617,2506745,0.00123690,10.65000000,1
1531168479631,1531168479617,2506746,0.00123680,19.32000000,1
1531168479631,1531168479617,2506747,0.00123670,0.81000000,1
1531168479631,1531168479617,2506748,0.00123650,1.81000000,1
1531168479631,1531168479617,2506749,0.00123630,7.35000000,1
1531168479631,1531168479617,2506750,0.00123610,182.18000000,1
1531168479656,1531168479656,2506751,0.00123990,8.48000000,0
1531168479800,1531168479795,2506752,0.00123990,6.00000000,0
1531168480189,1531168480187,2506753,0.00123990,9.37000000,0
1531168480250,1531168480245,2506754,0.00123990,0.14000000,0
1531168480250,1531168480245,2506755,0.00124420,1.47000000,0
1531168482730,1531168482728,2506756,0.00123990,1.74000000,1
1531168483376,1531168483376,2506757,0.00124000,2.86000000,0
1531168483884,1531168483876,2506758,0.00124000,1.91000000,0
1531168483884,1531168483876,2506759,0.00124110,3.48000000,0
1531168483884,1531168483876,2506760,0.00124140,1.61000000,0
1531168483884,1531168483876,2506761,0.00124160,1.19000000,0
1531168484701,1531168484699,2506762,0.00123750,1.56000000,0
1531168485841,1531168485835,2506763,0.00123620,16.18000000,1
1531168485841,1531168485835,2506764,0.00123610,28.52000000,1
1531168485841,1531168485835,2506765,0.00123590,5.39000000,1
1531168489518,1531168489511,2506766,0.00124080,5.39000000,0
1531168489518,1531168489511,2506767,0.00124090,10.65000000,0
1531168490252,1531168490250,2506768,0.00123600,2.76000000,1
1531168490271,1531168490264,2506769,0.00123600,5.41000000,0
1531168490280,1531168490276,2506770,0.00123600,6.20000000,0
1531168490283,1531168490280,2506771,0.00123600,2.93000000,0
1531168490307,1531168490304,2506772,0.00123600,2.93000000,0
1531168490324,1531168490319,2506773,0.00123600,2.93000000,0
1531168490435,1531168490431,2506774,0.00123600,10.20000000,0
1531168490557,1531168490552,2506775,0.00123600,31.93000000,0
1531168491076,1531168491071,2506776,0.00123600,17.68000000,0
1531168491098,1531168491093,2506777,0.00123600,1.74000000,0
1531168491179,1531168491177,2506778,0.00123600,17.67000000,0
1531168491197,1531168491192,2506779,0.00123600,13.24000000,0
1531168491227,1531168491220,2506780,0.00123600,1.06000000,0
1531168492098,1531168492096,2506781,0.00123560,6.48000000,1
1531168492260,1531168492260,2506782,0.00123560,3.05000000,0
1531168493239,1531168493233,2506783,0.00123500,3.04000000,1
1531168494439,1531168494433,2506784,0.00123560,1.61000000,0
1531168496207,1531168496201,2506785,0.00123510,3.96000000,1
1531168500032,1531168500027,2506786,0.00123510,3.86000000,1
1531168500047,1531168500043,2506787,0.00123530,38.18000000,0
1531168500055,1531168500050,2506788,0.00123510,22.00000000,1
1531168500118,1531168500112,2506789,0.00123500,17.17000000,1
1531168500244,1531168500239,2506790,0.00123500,7.82000000,0
1531168500255,1531168500254,2506791,0.00123500,2.26000000,0
1531168500875,1531168500870,2506792,0.00123500,18.27000000,0
1531168501171,1531168501165,2506793,0.00123500,8.51000000,0
1531168504152,1531168504116,2506794,0.00123490,5.41000000,0
1531168504152,1531168504123,2506795,0.00123480,2.75000000,1
1531168506307,1531168506304,2506796,0.00123450,2.00000000,1
1531168516115,1531168516108,2506797,0.00123470,2.26000000,0
1531168516152,1531168516149,2506798,0.00123450,6.50000000,1
1531168518761,1531168518755,2506799,0.00123430,2.53000000,1
1531168527160,1531168527157,2506800,0.00123450,22.96000000,0
1531168529425,1531168529419,2506801,0.00123450,7.24000000,0
1531168543306,1531168543300,2506802,0.00123430,0.63000000,1
1531168543340,1531168543336,2506803,0.00123410,0.89000000,1
1531168544273,1531168544267,2506804,0.00123430,8.10000000,0
1531168548543,1531168548542,2506805,0.00123300,5.53000000,1
1531168552378,1531168552373,2506806,0.00123430,6.56000000,0
1531168556094,1531168556091,2506807,0.00123430,23.28000000,0
1531168557809,1531168557801,2506808,0.00123430,1.64000000,0
1531168572590,1531168572587,2506809,0.00123430,70.97000000,0
1531168578366,1531168578360,2506810,0.00123430,0.01000000,0
1531168578391,1531168578384,2506811,0.00123450,0.89000000,0
1531168579174,1531168579168,2506812,0.00123450,39.61000000,0
1531168580989,1531168580984,2506813,0.00123780,6.16000000,0
1531168581181,1531168581176,2506814,0.00123330,36.35000000,1
1531168581222,1531168581195,2506815,0.00123330,242.50000000,1
1531168615357,1531168615352,2506816,0.00123360,3.46000000,1
1531168620333,1531168620327,2506817,0.00123770,1.32000000,0
1531168627401,1531168627395,2506818,0.00123760,2.14000000,0
1531168627401,1531168627395,2506819,0.00123770,0.89000000,0
1531168629113,1531168629108,2506820,0.00123560,153.10000000,0
1531168629124,1531168629119,2506821,0.00123350,217.12000000,1
1531168629141,1531168629136,2506822,0.00123350,90.06000000,1
1531168649080,1531168649072,2506823,0.00123460,2.50000000,1
1531168649080,1531168649072,2506824,0.00123340,12.14000000,1
1531168649080,1531168649072,2506825,0.00123320,5.00000000,1
1531168649080,1531168649072,2506826,0.00123300,25.28000000,1
1531168649080,1531168649072,2506827,0.00123210,5.86000000,1
1531168649080,1531168649072,2506828,0.00123180,10.86000000,1
1531168651942,1531168651936,2506829,0.00123500,11.65000000,0
1531168652289,1531168652283,2506830,0.00123500,4.14000000,0
1531168652289,1531168652283,2506831,0.00123750,1.54000000,0
1531168678717,1531168678713,2506832,0.00123750,0.60000000,0
1531168678746,1531168678745,2506833,0.00123760,1.04000000,1
1531168691612,1531168691606,2506834,0.00123780,0.28000000,0
1531168691612,1531168691606,2506835,0.00123800,6.72000000,0
1531168694815,1531168694809,2506836,0.00123790,2.01000000,0
1531168694831,1531168694825,2506837,0.00123790,2.46000000,0
1531168694832,1531168694827,2506838,0.00123790,4.33000000,0
1531168695525,1531168695520,2506839,0.00123790,5.96000000,0
1531168695798,1531168695792,2506840,0.00123790,17.64000000,0
1531168695839,1531168695834,2506841,0.00123790,92.56000000,0
1531168695975,1531168695970,2506842,0.00123790,4.00000000,0
1531168697945,1531168697940,2506843,0.00123540,403.80000000,0
1531168697963,1531168697956,2506844,0.00123790,32.57000000,0
1531168781737,1531168781732,2506845,0.00123790,3.00000000,0
1531168782756,1531168782755,2506846,0.00123790,2.00000000,1
1531168786102,1531168786098,2506847,0.00123800,19.35000000,0
1531168794495,1531168794492,2506848,0.00123800,25.30000000,0
1531168800817,1531168800811,2506849,0.00123880,0.81000000,0
1531168801367,1531168801362,2506850,0.00123880,0.97000000,0
1531168820792,1531168820787,2506851,0.00123790,20.00000000,1
1531168824744,1531168824740,2506852,0.00123560,268.64000000,0
1531168824758,1531168824752,2506853,0.00123330,90.15000000,1
1531168834864,1531168834862,2506854,0.00123780,2.99000000,0
1531168840781,1531168840775,2506855,0.00123360,5.79000000,1
1531168841173,1531168841167,2506856,0.00123360,35.93000000,0
1531168862766,1531168862727,2506857,0.00123770,5.79000000,0
1531168890828,1531168890826,2506858,0.00123750,2.99000000,0
1531169058303,1531169058297,2506859,0.00123430,120.26000000,1
1531169058319,1531169058314,2506860,0.00123430,116.48000000,1
1531169104512,1531169104506,2506861,0.00123590,220.47000000,0
1531169104526,1531169104520,2506862,0.00123430,220.46000000,1
1531169133728,1531169133722,2506863,0.00123440,0.62000000,1
1531169135981,1531169135979,2506864,0.00123590,175.66000000,0
1531169135994,1531169135989,2506865,0.00123440,96.97000000,1
1531169146806,1531169146800,2506866,0.00123440,2.00000000,0
1531169147340,1531169147335,2506867,0.00123440,7.35000000,0
1531169147593,1531169147588,2506868,0.00123430,186.68000000,1
1531169147618,1531169147616,2506869,0.00123430,94.31000000,1
1531169157205,1531169157202,2506870,0.00123680,6.45000000,0
1531169244605,1531169244600,2506871,0.00123430,166.59000000,1
1531169244618,1531169244612,2506872,0.00123430,236.53000000,1
1531169258022,1531169258017,2506873,0.00123590,140.17000000,0
1531169258037,1531169258032,2506874,0.00123430,106.81000000,1
1531169258059,1531169258054,2506875,0.00123430,54.32000000,1
1531169267950,1531169267945,2506876,0.00123430,95.45000000,1
1531169274251,1531169274248,2506877,0.00123750,7.86000000,0
1531169327815,1531169327809,2506878,0.00123400,229.25000000,1
1531169375563,1531169375557,2506879,0.00123700,2.99000000,0
1531169396552,1531169396547,2506880,0.00123700,0.01000000,0
1531169397239,1531169397233,2506881,0.00123700,12.40000000,1
1531169402689,1531169402684,2506882,0.00123730,7.55000000,0
1531169430523,1531169430518,2506883,0.00123700,6.76000000,0
1531169440801,1531169440797,2506884,0.00123580,97.31000000,0
1531169440811,1531169440806,2506885,0.00123460,244.75000000,1
1531169440831,1531169440825,2506886,0.00123460,95.40000000,1
1531169443277,1531169443273,2506887,0.00123450,6.03000000,1
1531169448215,1531169448208,2506888,0.00123700,1.07000000,0
1531169458043,1531169458038,2506889,0.00123700,6.39000000,0
1531169485029,1531169485023,2506890,0.00123650,2.94000000,0
1531169507919,1531169507914,2506891,0.00123550,199.94000000,0
1531169507933,1531169507928,2506892,0.00123460,101.25000000,1
1531169507964,1531169507958,2506893,0.00123460,163.87000000,1
1531169519986,1531169519981,2506894,0.00123550,13.41000000,0
1531169520003,1531169519998,2506895,0.00123460,175.06000000,1
1531169520027,1531169520020,2506896,0.00123460,5.50000000,1
1531169535640,1531169535636,2506897,0.00123450,6.14000000,1
1531169537256,1531169537250,2506898,0.00123460,19.77000000,0
1531169542183,1531169542179,2506899,0.00123700,0.81000000,0
1531169565165,1531169565159,2506900,0.00123700,5.64000000,0
1531169576469,1531169576462,2506901,0.00123700,4.32000000,1
1531169626746,1531169626740,2506902,0.00123470,132.12000000,1
1531169627065,1531169627060,2506903,0.00123730,0.80000000,0
1531169639969,1531169639965,2506904,0.00123470,96.59000000,1
1531169639987,1531169639982,2506905,0.00123470,208.06000000,1
1531169686629,1531169686624,2506906,0.00123480,8.01000000,1
1531169698519,1531169698514,2506907,0.00123470,0.06000000,1
1531169732202,1531169732198,2506908,0.00123600,236.57000000,0
1531169732221,1531169732215,2506909,0.00123480,34.53000000,1
1531169732246,1531169732241,2506910,0.00123480,97.76000000,1
1531169764159,1531169764155,2506911,0.00123470,8.29000000,1
1531169774935,1531169774931,2506912,0.00123470,3.39000000,0
1531169781258,1531169781252,2506913,0.00123470,68.58000000,0
1531169786067,1531169786061,2506914,0.00123530,97.13000000,0
1531169786081,1531169786076,2506915,0.00123390,156.12000000,1
1531169786108,1531169786102,2506916,0.00123390,40.14000000,1
1531169811450,1531169811444,2506917,0.00123650,3.00000000,0
1531169811450,1531169811444,2506918,0.00123670,2.72000000,0
1531169826445,1531169826440,2506919,0.00123390,191.43000000,1
1531169826461,1531169826456,2506920,0.00123390,229.43000000,1
1531169845013,1531169845009,2506921,0.00123390,179.50000000,1
1531169845107,1531169845100,2506922,0.00123670,0.81000000,0
1531169881323,1531169881317,2506923,0.00123390,243.78000000,1
1531169965873,1531169965868,2506924,0.00123380,2.00000000,1
1531170002548,1531170002544,2506925,0.00123380,1.81000000,1
1531170004281,1531170004274,2506926,0.00123390,1.62000000,0
1531170028541,1531170028534,2506927,0.00123390,8.10000000,0
1531170056696,1531170056691,2506928,0.00123390,28.52000000,0
1531170080111,1531170080106,2506929,0.00123380,2.19000000,1
1531170080111,1531170080106,2506930,0.00123360,3.00000000,1
1531170080111,1531170080106,2506931,0.00123350,3.00000000,1
1531170080111,1531170080106,2506932,0.00123320,3.00000000,1
1531170080111,1531170080106,2506933,0.00123140,6.48000000,1
1531170080111,1531170080106,2506934,0.00123100,12.90000000,1
1531170081662,1531170081657,2506935,0.00123390,0.34000000,0
1531170087693,1531170087687,2506936,0.00123150,3.40000000,0
1531170092704,1531170092698,2506937,0.00123100,4.53000000,1
1531170107539,1531170107534,2506938,0.00123110,247.59000000,1
1531170123936,1531170123931,2506939,0.00123110,134.75000000,1
1531170123950,1531170123945,2506940,0.00123110,187.75000000,1
1531170132258,1531170132252,2506941,0.00123100,65.29000000,1
1531170132638,1531170132634,2506942,0.00123390,46.26000000,0
1531170143075,1531170143070,2506943,0.00123100,30.91000000,1
1531170168957,1531170168952,2506944,0.00123390,2.99000000,0
1531170173835,1531170173830,2506945,0.00123110,60.21000000,1
1531170206663,1531170206658,2506946,0.00123150,167.37000000,1
1531170221358,1531170221354,2506947,0.00123270,206.75000000,0
1531170221378,1531170221372,2506948,0.00123150,229.00000000,1
1531170221394,1531170221389,2506949,0.00123150,69.84000000,1
1531170265493,1531170265487,2506950,0.00123150,106.54000000,1
1531170265515,1531170265510,2506951,0.00123150,8.50000000,1
1531170270666,1531170270660,2506952,0.00123140,0.90000000,1
1531170270689,1531170270684,2506953,0.00123140,6.31000000,0
1531170280820,1531170280814,2506954,0.00123140,6.24000000,0
1531170282551,1531170282546,2506955,0.00123140,0.81000000,0
1531170283506,1531170283502,2506956,0.00123120,252.97000000,0
1531170283519,1531170283514,2506957,0.00123110,126.95000000,1
1531170283531,1531170283527,2506958,0.00123140,2.00000000,0
1531170283534,1531170283528,2506959,0.00123110,173.28000000,1
1531170294440,1531170294435,2506960,0.00123100,26.07000000,1
1531170294483,1531170294478,2506961,0.00123100,25.42000000,0
1531170294489,1531170294484,2506962,0.00123100,25.41000000,0
1531170297978,1531170297971,2506963,0.00123020,0.98000000,1
1531170297978,1531170297971,2506964,0.00123010,10.00000000,1
1531170297978,1531170297971,2506965,0.00123000,11.45000000,1
1531170297978,1531170297971,2506966,0.00123000,12.89000000,1
1531170302646,1531170302641,2506967,0.00123000,3.54000000,1
1531170305341,1531170305339,2506968,0.00123000,22.77000000,1
1531170311204,1531170311197,2506969,0.00123000,6.67000000,1
1531170347009,1531170347004,2506970,0.00123150,297.39000000,0
1531170347018,1531170347013,2506971,0.00123010,133.15000000,1
1531170347034,1531170347029,2506972,0.00123010,140.28000000,1
1531170354676,1531170354670,2506973,0.00123000,66.94000000,1
1531170365156,1531170365150,2506974,0.00122970,129.53000000,0
1531170365172,1531170365168,2506975,0.00122950,170.18000000,1
1531170365192,1531170365186,2506976,0.00122950,76.20000000,1
1531170366266,1531170366261,2506977,0.00122940,1.22000000,1
1531170366289,1531170366284,2506978,0.00122910,2.69000000,1
1531170366289,1531170366284,2506979,0.00122830,1.06000000,1
1531170368697,1531170368693,2506980,0.00122780,17.86000000,1
1531170368697,1531170368693,2506981,0.00122770,20.19000000,1
1531170370621,1531170370615,2506982,0.00122770,3.99000000,1
1531170396397,1531170396381,2506983,0.00122820,1.22000000,1
1531170396397,1531170396381,2506984,0.00122770,54.07000000,1
1531170396397,1531170396381,2506985,0.00122740,1.06000000,1
1531170396397,1531170396381,2506986,0.00122720,6.50000000,1
1531170396397,1531170396381,2506987,0.00122590,40.74000000,1
1531170396397,1531170396381,2506988,0.00122560,53.83000000,1
1531170396397,1531170396381,2506989,0.00122450,12.47000000,1
1531170396397,1531170396381,2506990,0.00122440,20.82000000,1
1531170396397,1531170396381,2506991,0.00122350,0.89000000,1
1531170396397,1531170396381,2506992,0.00122340,0.99000000,1
1531170396397,1531170396381,2506993,0.00122250,1.63000000,1
1531170396397,1531170396381,2506994,0.00122200,6.55000000,1
1531170396397,1531170396381,2506995,0.00122170,4.49000000,1
1531170396397,1531170396381,2506996,0.00122110,4.41000000,1
1531170396397,1531170396381,2506997,0.00122100,0.82000000,1
1531170396397,1531170396381,2506998,0.00122070,24.58000000,1
1531170396397,1531170396381,2506999,0.00122050,3.69000000,1
1531170396397,1531170396381,2507000,0.00122020,33.66000000,1
1531170396397,1531170396381,2507001,0.00122000,119.56000000,1
1531170396397,1531170396381,2507002,0.00121980,11.13000000,1
1531170396397,1531170396381,2507003,0.00121970,12.76000000,1
1531170396397,1531170396381,2507004,0.00121950,54.96000000,1
1531170396397,1531170396381,2507005,0.00121930,19.29000000,1
1531170396397,1531170396381,2507006,0.00121920,188.17000000,1
1531170397228,1531170397223,2507007,0.00122320,8.75000000,0
1531170397695,1531170397686,2507008,0.00122320,29.76000000,0
1531170397695,1531170397686,2507009,0.00122340,12.76000000,0
1531170397695,1531170397686,2507010,0.00122350,4.66000000,0
1531170397695,1531170397686,2507011,0.00122410,12.28000000,0
1531170397695,1531170397686,2507012,0.00122620,1.63000000,0
1531170397695,1531170397686,2507013,0.00122780,4.49000000,0
1531170397695,1531170397686,2507014,0.00122910,2.26000000,0
1531170397695,1531170397686,2507015,0.00122990,0.36000000,0
1531170398313,1531170398306,2507016,0.00122200,5.59000000,0
1531170398406,1531170398401,2507017,0.00122200,1.81000000,0
1531170398683,1531170398677,2507018,0.00121950,28.82000000,1
1531170398683,1531170398677,2507019,0.00121930,15.36000000,1
1531170398725,1531170398720,2507020,0.00122200,20.29000000,0
1531170398897,1531170398889,2507021,0.00122190,15.36000000,0
1531170398951,1531170398946,2507022,0.00121900,7.20000000,1
1531170399037,1531170399031,2507023,0.00122200,0.03000000,0
1531170399037,1531170399031,2507024,0.00122320,2.47000000,0
1531170399161,1531170399153,2507025,0.00121950,28.82000000,1
1531170399161,1531170399153,2507026,0.00121900,3.80000000,1
1531170399161,1531170399153,2507027,0.00121870,4.75000000,1
1531170399161,1531170399153,2507028,0.00121810,1.65000000,1
1531170399161,1531170399153,2507029,0.00121800,0.98000000,1
1531170399161,1531170399153,2507030,0.00121770,4.76000000,1
1531170399161,1531170399153,2507031,0.00121730,0.33000000,1
1531170399754,1531170399749,2507032,0.00122320,1.70000000,0
1531170399754,1531170399749,2507033,0.00122470,1.81000000,0
1531170400022,1531170400018,2507034,0.00122470,4.66000000,1
1531170400053,1531170400048,2507035,0.00122470,2.00000000,1
1531170400591,1531170400586,2507036,0.00122470,9.84000000,1
1531170400879,1531170400872,2507037,0.00122540,1.96000000,0
1531170400879,1531170400872,2507038,0.00122660,1.55000000,0
1531170403321,1531170403316,2507039,0.00122650,1.97000000,0
1531170405905,1531170405897,2507040,0.00122470,1.36000000,1
1531170405905,1531170405897,2507041,0.00122310,0.34000000,1
1531170406390,1531170406385,2507042,0.00122640,1.22000000,0
1531170407202,1531170407197,2507043,0.00122630,4.08000000,0
1531170409368,1531170409364,2507044,0.00122310,1.21000000,1
1531170412320,1531170412315,2507045,0.00122310,4.97000000,1
1531170415937,1531170415931,2507046,0.00122160,0.98000000,0
1531170416952,1531170416947,2507047,0.00122270,30.00000000,0
1531170416974,1531170416969,2507048,0.00122270,3.17000000,0
1531170417901,1531170417894,2507049,0.00122160,4.75000000,0
1531170420529,1531170420526,2507050,0.00122270,8.72000000,0
1531170421385,1531170421379,2507051,0.00122270,85.53000000,0
1531170427771,1531170427765,2507052,0.00122270,4.56000000,0
1531170432479,1531170432473,2507053,0.00122260,3.00000000,0
1531170434620,1531170434615,2507054,0.00122020,44.00000000,1
1531170438344,1531170438339,2507055,0.00122040,0.04000000,1
1531170439767,1531170439760,2507056,0.00122050,0.83000000,1
1531170445462,1531170445457,2507057,0.00122260,10.00000000,0
1531170455344,1531170455339,2507058,0.00122260,81.04000000,0
1531170466926,1531170466920,2507059,0.00122070,184.09000000,1
1531170487918,1531170487912,2507060,0.00122070,0.93000000,0
1531170503901,1531170503895,2507061,0.00122070,11.25000000,1
1531170503912,1531170503907,2507062,0.00122070,233.65000000,1
1531170523148,1531170523142,2507063,0.00122240,3.28000000,0
1531170523149,1531170523142,2507064,0.00122270,26.72000000,0
1531170523154,1531170523148,2507065,0.00122270,9.02000000,0
1531170523740,1531170523734,2507066,0.00122370,4.73000000,0
1531170523860,1531170523828,2507067,0.00122370,1.79000000,0
1531170528739,1531170528734,2507068,0.00122640,4.48000000,0
1531170529229,1531170529223,2507069,0.00122640,0.85000000,0
1531170529437,1531170529431,2507070,0.00122640,3.88000000,0
1531170536381,1531170536376,2507071,0.00122640,4.05000000,0
1531170543130,1531170543126,2507072,0.00122630,3.00000000,0
1531170543130,1531170543126,2507073,0.00122640,13.72000000,0
1531170558843,1531170558838,2507074,0.00122470,401.81000000,0
1531170558853,1531170558848,2507075,0.00122310,242.06000000,1
1531170561803,1531170561796,2507076,0.00122640,4.89000000,0
1531170597125,1531170597120,2507077,0.00122630,1.20000000,0
1531170608198,1531170608192,2507078,0.00122640,121.82000000,0
1531170608198,1531170608192,2507079,0.00122800,3.69000000,0
1531170608198,1531170608192,2507080,0.00122870,11.12000000,0
1531170608297,1531170608291,2507081,0.00122870,0.81000000,0
1531170610191,1531170610186,2507082,0.00122590,14.83000000,0
1531170610207,1531170610203,2507083,0.00122320,7.12000000,1
1531170619713,1531170619707,2507084,0.00122630,3.00000000,0
1531170619713,1531170619707,2507085,0.00122870,0.85000000,0
1531170627301,1531170627296,2507086,0.00122870,5.61000000,0
1531170639972,1531170639967,2507087,0.00122860,2.06000000,0
1531170640941,1531170640935,2507088,0.00122390,1.07000000,0
1531170641328,1531170641322,2507089,0.00122390,2.48000000,0
1531170710172,1531170710168,2507090,0.00122400,5.43000000,1
1531170710172,1531170710168,2507091,0.00122370,4.80000000,1
1531170710488,1531170710482,2507092,0.00122350,81.36000000,0
1531170718682,1531170718677,2507093,0.00122580,138.56000000,0
1531170718695,1531170718689,2507094,0.00122340,64.75000000,1
1531170718998,1531170718991,2507095,0.00122830,5.43000000,0
1531170718998,1531170718991,2507096,0.00122840,3.00000000,0
1531170718998,1531170718991,2507097,0.00122870,3.57000000,0
1531170731396,1531170731390,2507098,0.00122820,3.00000000,0
1531170731396,1531170731390,2507099,0.00122870,3.65000000,0
1531170731396,1531170731390,2507100,0.00123090,1.10000000,0
1531170734110,1531170734104,2507101,0.00123090,2.03000000,0
1531170734115,1531170734111,2507102,0.00123090,2.74000000,0
1531170734121,1531170734116,2507103,0.00123090,4.83000000,0
1531170735553,1531170735547,2507104,0.00123090,71.88000000,0
1531170742860,1531170742856,2507105,0.00122540,4.15000000,1
1531170785672,1531170785667,2507106,0.00122990,3.00000000,0
1531170787344,1531170787337,2507107,0.00123080,4.15000000,0
1531170788059,1531170788053,2507108,0.00123000,5.80000000,1
1531170788339,1531170788334,2507109,0.00123120,51.13000000,0
1531170790493,1531170790487,2507110,0.00123130,51.11000000,0
1531170813651,1531170813645,2507111,0.00123500,2.18000000,0
1531170814348,1531170814344,2507112,0.00123530,3.04000000,0
1531170839336,1531170839330,2507113,0.00123640,8.10000000,0
1531170841345,1531170841340,2507114,0.00123720,1.06000000,0
1531170842081,1531170842076,2507115,0.00123630,396.92000000,0
1531170842088,1531170842084,2507116,0.00123510,23.87000000,1
1531170842105,1531170842101,2507117,0.00123510,198.46000000,1
1531170842974,1531170842971,2507118,0.00123650,1.07000000,1
1531170903310,1531170903305,2507119,0.00123750,0.82000000,0
1531170923822,1531170923817,2507120,0.00123500,1.22000000,1
1531170940866,1531170940861,2507121,0.00123750,1.45000000,0
1531170955221,1531170955214,2507122,0.00123500,4.56000000,1
1531170955221,1531170955214,2507123,0.00123470,0.81000000,1
1531170955221,1531170955214,2507124,0.00123180,36.98000000,1
1531170955221,1531170955214,2507125,0.00123120,0.82000000,1
1531170955221,1531170955214,2507126,0.00123000,7.79000000,1
1531171086761,1531171086757,2507127,0.00123340,5.32000000,1
1531171171230,1531171171225,2507128,0.00123330,3.00000000,0
1531171171230,1531171171225,2507129,0.00123340,40.12000000,0
1531171226074,1531171226068,2507130,0.00123350,131.46000000,1
1531171245804,1531171245799,2507131,0.00123610,2.72000000,0
1531171285322,1531171285317,2507132,0.00123350,3.66000000,1
1531171285335,1531171285330,2507133,0.00123350,100.79000000,1
1531171302598,1531171302593,2507134,0.00123360,14.61000000,1
1531171325519,1531171325515,2507135,0.00123350,13.47000000,1
1531171325536,1531171325531,2507136,0.00123350,49.42000000,1
1531171340722,1531171340717,2507137,0.00123470,108.36000000,0
1531171340737,1531171340732,2507138,0.00123350,41.67000000,1
1531171366813,1531171366807,2507139,0.00123350,233.34000000,1
1531171485936,1531171485931,2507140,0.00123350,63.50000000,1
1531171491303,1531171491298,2507141,0.00123350,99.70000000,1
1531171491331,1531171491327,2507142,0.00123350,97.62000000,1
1531171534133,1531171534129,2507143,0.00123340,12.00000000,1
1531171546303,1531171546299,2507144,0.00123350,49.46000000,1
1531171558702,1531171558698,2507145,0.00123420,88.86000000,0
1531171558711,1531171558708,2507146,0.00123350,33.14000000,1
1531171590739,1531171590734,2507147,0.00123490,2.46000000,0
1531171590903,1531171590900,2507148,0.00123490,0.90000000,0
1531171630073,1531171630069,2507149,0.00123360,51.92000000,1
1531171630100,1531171630095,2507150,0.00123360,235.37000000,1
1531171631127,1531171631124,2507151,0.00123490,2.46000000,0
1531171666193,1531171666187,2507152,0.00123420,185.34000000,0
1531171666207,1531171666204,2507153,0.00123360,29.07000000,1
1531171666227,1531171666224,2507154,0.00123360,83.48000000,1
1531171672088,1531171672083,2507155,0.00123490,8.18000000,0
1531171707717,1531171707713,2507156,0.00123420,281.51000000,0
1531171707725,1531171707719,2507157,0.00123360,169.59000000,1
1531171745417,1531171745413,2507158,0.00123420,290.94000000,0
1531171745433,1531171745431,2507159,0.00123360,36.64000000,1
1531171745449,1531171745445,2507160,0.00123360,159.87000000,1
1531171768542,1531171768538,2507161,0.00123420,12.28000000,0
1531171768554,1531171768551,2507162,0.00123360,184.90000000,1
1531171768577,1531171768572,2507163,0.00123360,9.16000000,1
1531171805102,1531171805099,2507164,0.00123350,0.90000000,1
1531171860498,1531171860494,2507165,0.00123350,2.27000000,0
1531171870169,1531171870165,2507166,0.00123340,3.37000000,1
1531171870169,1531171870165,2507167,0.00123230,0.03000000,1
1531171883460,1531171883453,2507168,0.00123350,41.02000000,0
1531171884481,1531171884477,2507169,0.00123360,2.02000000,0
1531171886355,1531171886350,2507170,0.00123390,197.69000000,0
1531171886363,1531171886359,2507171,0.00123240,106.29000000,1
1531171929356,1531171929353,2507172,0.00123240,49.71000000,1
1531171929375,1531171929371,2507173,0.00123240,20.98000000,1
1531171935328,1531171935324,2507174,0.00123230,9.73000000,1
1531171935328,1531171935324,2507175,0.00123050,2.56000000,1
1531171959947,1531171959943,2507176,0.00123460,1.54000000,0
1531171971008,1531171971003,2507177,0.00123130,9.60000000,1
1531171972546,1531171972542,2507178,0.00123130,3.67000000,1
1531172030144,1531172030139,2507179,0.00123270,230.71000000,0
1531172030164,1531172030159,2507180,0.00123120,84.06000000,1
1531172030183,1531172030180,2507181,0.00123120,88.06000000,1
1531172048396,1531172048392,2507182,0.00123410,0.81000000,0
1531172073469,1531172073465,2507183,0.00123250,2.43000000,0
1531172156909,1531172156904,2507184,0.00123350,3.00000000,0
1531172156909,1531172156904,2507185,0.00123360,0.77000000,0
1531172158652,1531172158652,2507186,0.00123360,1.09000000,0
1531172158661,1531172158659,2507187,0.00123360,1.10000000,0
1531172158686,1531172158682,2507188,0.00123360,1.01000000,0
1531172175560,1531172175555,2507189,0.00123350,12.16000000,0
1531172175562,1531172175559,2507190,0.00123350,0.02000000,0
1531172175562,1531172175559,2507191,0.00123360,25.84000000,0
1531172175562,1531172175559,2507192,0.00123540,6.46000000,0
1531172175562,1531172175559,2507193,0.00123750,51.54000000,0
1531172175578,1531172175574,2507194,0.00123750,10.08000000,0
1531172175578,1531172175574,2507195,0.00123780,0.01000000,0
1531172175578,1531172175574,2507196,0.00123870,70.00000000,0
1531172175578,1531172175574,2507197,0.00123880,3.90000000,0
1531172175657,1531172175652,2507198,0.00123070,14.09000000,1
1531172175658,1531172175654,2507199,0.00123070,10.63000000,1
1531172228520,1531172228516,2507200,0.00123740,5.00000000,0
1531172244962,1531172244957,2507201,0.00123420,223.40000000,1
1531172244980,1531172244976,2507202,0.00123420,89.09000000,1
1531172249081,1531172249076,2507203,0.00123310,5.40000000,1
1531172249081,1531172249076,2507204,0.00123300,5.89000000,1
1531172276498,1531172276493,2507205,0.00123710,1.64000000,0
1531172324685,1531172324681,2507206,0.00123670,3.76000000,0
1531172324685,1531172324681,2507207,0.00123740,1.24000000,0
1531172330167,1531172330163,2507208,0.00123660,3.00000000,0
1531172330167,1531172330163,2507209,0.00123740,0.21000000,0
1531172330742,1531172330740,2507210,0.00123740,16.40000000,1
1531172331249,1531172331246,2507211,0.00123820,2.37000000,0
1531172350096,1531172350091,2507212,0.00123780,171.08000000,0
1531172350108,1531172350104,2507213,0.00123750,108.29000000,1
1531172387774,1531172387773,2507214,0.00123750,42.00000000,1
1531172405181,1531172405176,2507215,0.00123740,5.74000000,1
1531172405181,1531172405176,2507216,0.00123530,7.27000000,1
1531172405181,1531172405176,2507217,0.00123310,3.00000000,1
1531172405181,1531172405176,2507218,0.00123300,5.87000000,1
1531172446099,1531172446095,2507219,0.00123340,0.06000000,1
1531172448102,1531172448099,2507220,0.00123320,0.06000000,1
1531172521713,1531172521710,2507221,0.00123750,3.00000000,0
1531172521732,1531172521728,2507222,0.00123760,6.61000000,0
1531172521780,1531172521775,2507223,0.00123760,0.01000000,0
1531172521780,1531172521775,2507224,0.00123810,6.44000000,0
1531172522721,1531172522718,2507225,0.00123870,5.92000000,0
1531172544771,1531172544766,2507226,0.00123600,65.79000000,1
1531172544791,1531172544787,2507227,0.00123600,43.92000000,1
1531172559489,1531172559485,2507228,0.00123730,53.25000000,0
1531172559499,1531172559496,2507229,0.00123600,47.53000000,1
1531172627297,1531172627293,2507230,0.00123740,261.99000000,0
1531172627309,1531172627305,2507231,0.00123610,174.65000000,1
1531172640385,1531172640382,2507232,0.00123870,5.00000000,0
1531172656150,1531172656147,2507233,0.00123740,2.99000000,0
1531172656160,1531172656157,2507234,0.00123610,1.77000000,1
1531172659094,1531172659090,2507235,0.00123590,6.45000000,1
1531172659094,1531172659090,2507236,0.00123400,6.54000000,1
1531172711761,1531172711756,2507237,0.00123870,1.11000000,0
1531172711761,1531172711756,2507238,0.00123890,8.13000000,0
1531172711761,1531172711756,2507239,0.00123900,4.40000000,0
1531172712386,1531172712382,2507240,0.00123900,3.73000000,0
1531172726924,1531172726920,2507241,0.00124050,1.61000000,0
1531172726924,1531172726920,2507242,0.00124080,267.04000000,0
1531172785391,1531172785387,2507243,0.00124010,1.00000000,0
1531172796694,1531172796694,2507244,0.00123600,1.52000000,1
1531172816287,1531172816283,2507245,0.00123600,33.46000000,1
1531172839119,1531172839115,2507246,0.00123970,1.52000000,0
1531172839119,1531172839115,2507247,0.00123980,0.90000000,0
1531172839119,1531172839115,2507248,0.00124010,0.78000000,0
1531172848486,1531172848481,2507249,0.00124010,1.51000000,0
1531172848486,1531172848481,2507250,0.00124050,3.60000000,0
1531172848486,1531172848481,2507251,0.00124060,33.54000000,0
1531172942194,1531172942191,2507252,0.00123710,8.47000000,1
1531173024910,1531173024906,2507253,0.00124050,71.95000000,0
1531173024925,1531173024922,2507254,0.00124050,42.82000000,0
1531173186163,1531173186160,2507255,0.00124060,11.43000000,0
1531173233479,1531173233475,2507256,0.00123710,5.08000000,1
1531173233479,1531173233475,2507257,0.00123670,3.00000000,1
1531173233479,1531173233475,2507258,0.00123640,6.06000000,1
1531173406759,1531173406756,2507259,0.00123600,147.84000000,1
1531173406777,1531173406775,2507260,0.00123600,188.87000000,1
1531173411025,1531173411023,2507261,0.00123930,0.80000000,0
1531173488538,1531173488536,2507262,0.00123850,4.28000000,0
1531173509406,1531173509404,2507263,0.00123860,7.96000000,1
1531173509406,1531173509404,2507264,0.00123600,19.22000000,1
1531173509482,1531173509480,2507265,0.00124000,1.70000000,0
1531173516315,1531173516312,2507266,0.00124020,424.04000000,0
1531173516327,1531173516324,2507267,0.00124030,179.68000000,0
1531173540634,1531173540630,2507268,0.00124030,1.00000000,0
1531173544945,1531173544942,2507269,0.00124040,0.73000000,0
1531173545184,1531173545180,2507270,0.00124020,174.21000000,1
1531173548347,1531173548344,2507271,0.00124020,1.00000000,0
1531173548773,1531173548770,2507272,0.00124040,37.92000000,0
1531173550849,1531173550846,2507273,0.00124050,3.00000000,0
1531173551620,1531173551616,2507274,0.00124060,223.68000000,0
1531173552616,1531173552614,2507275,0.00124090,2.45000000,0
1531173554609,1531173554606,2507276,0.00124050,2.73000000,0
1531173556617,1531173556613,2507277,0.00124100,12.17000000,0
1531173558606,1531173558602,2507278,0.00124150,1.07000000,0
1531173559609,1531173559605,2507279,0.00124230,63.91000000,0
1531173561625,1531173561623,2507280,0.00124270,6.42000000,0
1531173569411,1531173569408,2507281,0.00124280,1.06000000,1
1531173581233,1531173581231,2507282,0.00124060,0.94000000,1
1531173585853,1531173585851,2507283,0.00124370,3.71000000,0
1531173585853,1531173585851,2507284,0.00124390,1.06000000,0
1531173587150,1531173587147,2507285,0.00124070,136.18000000,1
1531173587173,1531173587170,2507286,0.00124070,157.62000000,1
1531173589724,1531173589722,2507287,0.00124390,1.38000000,0
1531173589763,1531173589760,2507288,0.00124400,1.80000000,1
1531173592514,1531173592512,2507289,0.00124400,0.07000000,1
1531173592514,1531173592512,2507290,0.00124180,1.23000000,1
1531173608579,1531173608578,2507291,0.00124180,5.19000000,1
1531173608579,1531173608578,2507292,0.00124070,3.00000000,1
1531173608579,1531173608578,2507293,0.00124060,128.44000000,1
1531173611212,1531173611209,2507294,0.00124180,1.53000000,1
1531173613288,1531173613286,2507295,0.00124350,1.53000000,0
1531173618819,1531173618816,2507296,0.00124350,123.48000000,0
1531173619778,1531173619775,2507297,0.00124360,3.00000000,0
1531173647545,1531173647542,2507298,0.00124350,1.53000000,1
1531173653481,1531173653477,2507299,0.00124320,6.42000000,0
1531173653481,1531173653477,2507300,0.00124450,1.53000000,0
1531173653481,1531173653477,2507301,0.00124460,22.55000000,0
1531173653481,1531173653477,2507302,0.00124490,79.86000000,0
1531173653481,1531173653477,2507303,0.00124500,0.81000000,0
1531173653580,1531173653578,2507304,0.00124500,30.00000000,1
1531173653626,1531173653623,2507305,0.00124590,0.90000000,0
1531173653742,1531173653742,2507306,0.00124500,29.90000000,1
1531173659312,1531173659309,2507307,0.00124500,2.10000000,1
1531173689904,1531173689900,2507308,0.00124500,5.00000000,1
1531173707547,1531173707545,2507309,0.00124600,417.24000000,0
1531173707555,1531173707551,2507310,0.00124510,164.28000000,1
1531173722329,1531173722325,2507311,0.00124690,1.22000000,0
1531173722567,1531173722565,2507312,0.00124690,5.50000000,0
1531173763772,1531173763770,2507313,0.00124730,2.23000000,0
1531173793596,1531173793593,2507314,0.00124500,3.42000000,1
1531173800186,1531173800183,2507315,0.00124660,3.43000000,0
1531173800186,1531173800183,2507316,0.00124780,1.06000000,0
1531173809664,1531173809661,2507317,0.00124800,2.94000000,0
1531173809664,1531173809661,2507318,0.00124810,35.69000000,0
1531173838617,1531173838614,2507319,0.00124540,4.05000000,1
1531173863770,1531173863768,2507320,0.00124660,0.86000000,0
1531173945691,1531173945689,2507321,0.00124500,17.57000000,1
1531173966545,1531173966542,2507322,0.00124510,194.68000000,1
1531173967602,1531173967599,2507323,0.00124500,24.98000000,1
1531173973503,1531173973501,2507324,0.00124500,45.30000000,1
1531174006982,1531174006978,2507325,0.00124640,111.16000000,0
1531174006992,1531174006990,2507326,0.00124510,82.95000000,1
1531174106953,1531174106950,2507327,0.00124640,24.90000000,0
1531174106964,1531174106960,2507328,0.00124510,163.03000000,1
1531174106982,1531174106979,2507329,0.00124510,17.53000000,1
1531174145804,1531174145801,2507330,0.00124650,266.49000000,0
1531174145814,1531174145812,2507331,0.00124520,137.37000000,1
1531174180826,1531174180823,2507332,0.00124510,6.99000000,1
1531174180826,1531174180823,2507333,0.00124500,0.84000000,1
1531174188004,1531174188002,2507334,0.00124640,30.23000000,0
1531174188017,1531174188015,2507335,0.00124510,110.43000000,1
1531174188045,1531174188041,2507336,0.00124510,12.58000000,1
1531174238316,1531174238314,2507337,0.00124770,8.01000000,0
1531174256671,1531174256670,2507338,0.00124770,1.06000000,0
1531174272888,1531174272886,2507339,0.00124640,196.95000000,0
1531174272895,1531174272893,2507340,0.00124510,42.82000000,1
1531174272908,1531174272905,2507341,0.00124510,71.34000000,1
1531174306404,1531174306402,2507342,0.00124530,59.28000000,1
1531174306430,1531174306429,2507343,0.00124530,62.10000000,1
1531174346944,1531174346942,2507344,0.00124770,13.36000000,0
1531174366606,1531174366603,2507345,0.00124640,436.48000000,0
1531174366622,1531174366618,2507346,0.00124510,205.87000000,1
1531174388803,1531174388801,2507347,0.00124500,24.23000000,1
1531174438086,1531174438084,2507348,0.00124770,0.81000000,0
1531174444074,1531174444071,2507349,0.00124510,84.75000000,1
1531174481154,1531174481152,2507350,0.00124640,11.14000000,0
1531174481170,1531174481167,2507351,0.00124510,38.46000000,1
1531174481182,1531174481180,2507352,0.00124510,9.93000000,1
1531174527375,1531174527373,2507353,0.00124640,347.84000000,0
1531174527396,1531174527393,2507354,0.00124510,77.98000000,1
1531174527415,1531174527414,2507355,0.00124510,248.46000000,1
1531174528077,1531174528074,2507356,0.00124780,3.00000000,0
1531174528077,1531174528074,2507357,0.00124790,11.87000000,0
1531174623061,1531174623059,2507358,0.00124500,40.02000000,1
1531174644710,1531174644707,2507359,0.00124510,225.37000000,1
1531174644723,1531174644721,2507360,0.00124510,202.00000000,1
1531174649838,1531174649835,2507361,0.00124510,24.23000000,1
1531174679858,1531174679856,2507362,0.00124500,127.37000000,1
1531174684900,1531174684897,2507363,0.00124450,330.17000000,0
1531174684917,1531174684913,2507364,0.00124400,141.03000000,1
1531174684943,1531174684940,2507365,0.00124400,123.20000000,1
1531174685705,1531174685704,2507366,0.00124390,1.12000000,1
1531174703508,1531174703504,2507367,0.00124220,5.35000000,1
1531174703508,1531174703504,2507368,0.00124210,9.42000000,1
1531174703508,1531174703504,2507369,0.00124090,0.97000000,1
1531174707157,1531174707156,2507370,0.00123990,29.90000000,0
1531174707242,1531174707239,2507371,0.00123990,30.00000000,0
1531174707416,1531174707414,2507372,0.00123990,30.00000000,0
1531174714594,1531174714591,2507373,0.00123890,110.09000000,0
1531174714616,1531174714613,2507374,0.00123800,77.54000000,1
1531174726720,1531174726719,2507375,0.00123790,15.65000000,1
1531174740716,1531174740714,2507376,0.00123670,6.45000000,1
1531174741098,1531174741096,2507377,0.00123800,4.08000000,0
1531174743721,1531174743718,2507378,0.00123670,9.71000000,1
1531174762480,1531174762478,2507379,0.00123800,0.82000000,0
1531174764748,1531174764744,2507380,0.00123600,37.60000000,1
1531174766350,1531174766344,2507381,0.00123590,5.67000000,1
1531174766350,1531174766344,2507382,0.00123520,0.81000000,1
1531174766350,1531174766344,2507383,0.00123450,6.46000000,1
1531174766350,1531174766344,2507384,0.00123400,20.39000000,1
1531174766350,1531174766344,2507385,0.00123360,10.71000000,1
1531174766350,1531174766344,2507386,0.00123350,3.00000000,1
1531174766350,1531174766344,2507387,0.00123300,0.84000000,1
1531174766350,1531174766344,2507388,0.00123250,4.81000000,1
1531174766350,1531174766344,2507389,0.00123220,0.82000000,1
1531174766350,1531174766344,2507390,0.00123130,3.21000000,1
1531174766350,1531174766344,2507391,0.00123050,9.85000000,1
1531174766350,1531174766344,2507392,0.00123010,3.00000000,1
1531174766367,1531174766366,2507393,0.00123000,52.17000000,0
1531174766370,1531174766368,2507394,0.00123000,37.15000000,0
1531174766374,1531174766371,2507395,0.00123000,52.17000000,0
1531174766375,1531174766373,2507396,0.00123000,44.93000000,0
1531174769182,1531174769178,2507397,0.00123350,0.45000000,1
1531174769520,1531174769517,2507398,0.00123350,44.93000000,1
1531174825066,1531174825064,2507399,0.00123420,3.50000000,1
1531174981382,1531174981380,2507400,0.00123410,38.26000000,1
1531174998231,1531174998229,2507401,0.00123410,110.28000000,1
1531175052505,1531175052502,2507402,0.00123390,22.08000000,1
1531175059123,1531175059120,2507403,0.00123530,72.79000000,0
1531175059135,1531175059133,2507404,0.00123400,47.89000000,1
1531175123414,1531175123410,2507405,0.00123410,2.38000000,1
1531175129751,1531175129748,2507406,0.00123380,28.25000000,1
1531175244458,1531175244455,2507407,0.00123390,140.65000000,1
1531175244886,1531175244885,2507408,0.00123380,37.15000000,1
1531175252103,1531175252100,2507409,0.00123310,40.00000000,1
1531175252774,1531175252773,2507410,0.00123310,64.20000000,1
1531175265635,1531175265633,2507411,0.00123180,70.56000000,1
1531175265655,1531175265654,2507412,0.00123180,122.76000000,1
1531175278774,1531175278772,2507413,0.00123180,5.37000000,1
1531175280771,1531175280768,2507414,0.00123170,15.37000000,1
1531175285767,1531175285764,2507415,0.00123000,24.00000000,1
1531175286715,1531175286711,2507416,0.00122980,4.77000000,1
1531175286931,1531175286929,2507417,0.00122980,7.04000000,1
1531175289761,1531175289758,2507418,0.00122900,2.45000000,1
1531175298307,1531175298305,2507419,0.00123050,2.03000000,0
1531175304696,1531175304694,2507420,0.00123050,0.97000000,0
1531175308497,1531175308494,2507421,0.00123050,3.83000000,1
1531175308497,1531175308494,2507422,0.00122800,8.11000000,1
1531175310675,1531175310673,2507423,0.00122800,1.53000000,0
1531175312314,1531175312312,2507424,0.00122800,3.00000000,0
1531175327193,1531175327191,2507425,0.00122750,12.22000000,1
1531175327275,1531175327272,2507426,0.00122790,132.56000000,0
1531175327297,1531175327296,2507427,0.00122790,206.84000000,0
1531175327920,1531175327918,2507428,0.00122790,1.23000000,0
1531175334258,1531175334256,2507429,0.00123010,0.76000000,0
1531175338690,1531175338686,2507430,0.00123010,239.56000000,0
1531175338708,1531175338706,2507431,0.00123010,165.05000000,0
1531175339911,1531175339910,2507432,0.00123020,6.48000000,0
1531175341630,1531175341625,2507433,0.00123090,6.48000000,1
1531175341630,1531175341625,2507434,0.00123020,19.94000000,1
1531175341630,1531175341625,2507435,0.00123010,0.76000000,1
1531175341630,1531175341625,2507436,0.00122730,38.12000000,1
1531175341630,1531175341625,2507437,0.00122720,0.98000000,1
1531175341630,1531175341625,2507438,0.00122710,2.45000000,1
1531175341630,1531175341625,2507439,0.00122700,12.08000000,1
1531175365939,1531175365934,2507440,0.00122900,16.38000000,0
1531175367937,1531175367935,2507441,0.00122890,9.97000000,0
1531175386419,1531175386418,2507442,0.00122740,58.89000000,1
1531175447637,1531175447635,2507443,0.00122900,129.60000000,0
1531175447644,1531175447641,2507444,0.00122740,42.35000000,1
1531175447661,1531175447660,2507445,0.00122740,58.39000000,1
1531175452230,1531175452228,2507446,0.00122730,0.93000000,1
1531175468831,1531175468828,2507447,0.00123050,0.83000000,0
1531175486215,1531175486213,2507448,0.00122900,184.73000000,0
1531175486235,1531175486233,2507449,0.00122760,33.42000000,1
1531175486257,1531175486256,2507450,0.00122760,106.18000000,1
1531175491088,1531175491085,2507451,0.00122900,394.86000000,0
1531175491105,1531175491103,2507452,0.00122760,133.40000000,1
1531175492310,1531175492308,2507453,0.00122750,55.93000000,1
1531175525632,1531175525631,2507454,0.00122910,316.54000000,0
1531175525643,1531175525642,2507455,0.00123030,244.50000000,0
1531175525670,1531175525668,2507456,0.00123030,118.79000000,0
1531175547835,1531175547833,2507457,0.00123110,2.12000000,0
1531175560339,1531175560337,2507458,0.00122930,245.96000000,0
1531175560355,1531175560354,2507459,0.00122770,201.62000000,1
1531175604754,1531175604753,2507460,0.00122800,100.76000000,1
1531175604767,1531175604765,2507461,0.00122800,116.68000000,1
1531175609749,1531175609749,2507462,0.00123060,0.83000000,0
1531175613443,1531175613442,2507463,0.00122800,85.04000000,1
1531175613454,1531175613453,2507464,0.00122800,107.26000000,1
1531175623621,1531175623618,2507465,0.00122840,13.24000000,1
1531175623820,1531175623818,2507466,0.00122800,193.11000000,0
1531175629986,1531175629984,2507467,0.00122890,0.83000000,1
1531175645083,1531175645082,2507468,0.00122920,73.30000000,0
1531175645093,1531175645092,2507469,0.00122800,147.62000000,1
1531175645115,1531175645112,2507470,0.00122800,53.89000000,1
1531175667589,1531175667588,2507471,0.00122800,14.92000000,1
1531175667615,1531175667612,2507472,0.00122800,202.43000000,1
1531175691084,1531175691082,2507473,0.00123000,2.47000000,0
1531175701663,1531175701661,2507474,0.00123000,35.15000000,0
1531175701807,1531175701806,2507475,0.00123120,6.48000000,0
1531175786789,1531175786787,2507476,0.00123150,21.44000000,1
1531175786814,1531175786813,2507477,0.00123150,11.25000000,1
1531175789146,1531175789145,2507478,0.00123140,3.26000000,1
1531175807033,1531175807032,2507479,0.00122970,38.64000000,1
1531175818362,1531175818360,2507480,0.00122810,37.42000000,1
1531175829486,1531175829484,2507481,0.00122790,9.01000000,1
1531175835033,1531175835032,2507482,0.00122790,50.00000000,1
1531175859767,1531175859766,2507483,0.00123300,2.00000000,1
1531175863924,1531175863923,2507484,0.00123370,3.85000000,0
1531175865944,1531175865944,2507485,0.00123310,107.51000000,1
1531175880050,1531175880047,2507486,0.00123310,220.28000000,1
1531175880091,1531175880071,2507487,0.00123310,21.12000000,1
1531175924500,1531175924496,2507488,0.00123370,38.94000000,0
1531175924500,1531175924496,2507489,0.00123430,0.83000000,0
1531175924500,1531175924496,2507490,0.00123470,6.46000000,0
1531175924500,1531175924496,2507491,0.00123630,3.21000000,0
1531175924500,1531175924496,2507492,0.00123790,10.74000000,0
1531175924515,1531175924514,2507493,0.00123800,18.38000000,1
1531175924518,1531175924517,2507494,0.00123310,18.38000000,1
1531175998131,1531175998129,2507495,0.00123370,0.63000000,1
1531176001693,1531176001693,2507496,0.00123380,0.63000000,1
1531176096153,1531176096151,2507497,0.00123810,4.08000000,0
1531176144780,1531176144777,2507498,0.00123650,70.14000000,0
1531176144795,1531176144792,2507499,0.00123750,56.57000000,0
1531176206490,1531176206489,2507500,0.00123550,6.88000000,1
1531176206490,1531176206489,2507501,0.00123340,6.47000000,1
1531176206490,1531176206489,2507502,0.00123310,4.61000000,1
1531176278185,1531176278183,2507503,0.00123340,157.12000000,1
1531176278196,1531176278193,2507504,0.00123340,11.77000000,1
1531176279441,1531176279440,2507505,0.00123650,59.24000000,0
1531176282862,1531176282862,2507506,0.00123660,3.00000000,1
1531176305406,1531176305404,2507507,0.00123670,167.21000000,1
1531176319850,1531176319849,2507508,0.00123790,4.03000000,0
1531176346370,1531176346367,2507509,0.00123670,114.12000000,1
1531176353199,1531176353197,2507510,0.00123830,6.44000000,0
1531176353199,1531176353197,2507511,0.00123860,1.63000000,0
1531176372884,1531176372882,2507512,0.00123660,9.76000000,1
1531176391084,1531176391081,2507513,0.00123490,27.61000000,0
1531176391095,1531176391093,2507514,0.00123650,14.92000000,0
1531176391119,1531176391118,2507515,0.00123650,20.01000000,0
1531176398073,1531176398071,2507516,0.00123660,0.99000000,0
1531176472199,1531176472196,2507517,0.00123350,26.44000000,1
1531176472216,1531176472215,2507518,0.00123350,228.68000000,1
1531176485360,1531176485358,2507519,0.00123350,195.46000000,1
1531176566935,1531176566933,2507520,0.00123470,16.57000000,0
1531176566947,1531176566945,2507521,0.00123610,6.12000000,0
1531176593010,1531176593007,2507522,0.00123350,100.37000000,1
1531176593029,1531176593027,2507523,0.00123350,90.48000000,1
1531176625561,1531176625560,2507524,0.00123660,54.53000000,0
1531176685620,1531176685620,2507525,0.00123490,225.18000000,0
1531176685628,1531176685626,2507526,0.00123350,212.43000000,1
1531176706126,1531176706125,2507527,0.00123510,89.31000000,0
1531176706139,1531176706136,2507528,0.00123350,46.53000000,1
1531176725016,1531176725014,2507529,0.00123510,31.28000000,1
1531176725031,1531176725028,2507530,0.00123510,17.35000000,1
1531176725918,1531176725917,2507531,0.00123660,0.68000000,0
1531176763977,1531176763976,2507532,0.00123500,31.45000000,1
1531176791780,1531176791778,2507533,0.00123350,45.14000000,1
1531176840281,1531176840280,2507534,0.00123410,6.99000000,1
1531176855746,1531176855745,2507535,0.00123730,21.00000000,0
1531176855757,1531176855756,2507536,0.00123730,34.17000000,0
1531176868251,1531176868248,2507537,0.00123460,10.49000000,1
1531176883031,1531176883030,2507538,0.00123460,9.12000000,1
1531176883926,1531176883924,2507539,0.00123350,1.38000000,0
1531176924135,1531176924135,2507540,0.00123540,305.21000000,0
1531176924146,1531176924146,2507541,0.00123740,112.20000000,0
1531177114813,1531177114812,2507542,0.00123580,359.34000000,0
1531177114821,1531177114820,2507543,0.00123420,129.25000000,1
1531177247922,1531177247920,2507544,0.00123430,3.54000000,1
1531177247948,1531177247947,2507545,0.00123430,31.51000000,1
1531177286078,1531177286076,2507546,0.00123430,89.43000000,1
1531177316552,1531177316551,2507547,0.00123430,130.53000000,1
1531177316566,1531177316566,2507548,0.00123430,171.06000000,1
1531177364959,1531177364958,2507549,0.00123430,1.42000000,1
1531177410571,1531177410572,2507550,0.00123410,128.43000000,0
1531177413319,1531177413318,2507551,0.00123410,17.75000000,0
1531177413880,1531177413878,2507552,0.00123420,2.00000000,0
1531177425808,1531177425808,2507553,0.00123410,128.43000000,1
1531177425821,1531177425821,2507554,0.00123410,278.15000000,0
1531177425830,1531177425831,2507555,0.00123410,128.43000000,1
1531177457106,1531177457105,2507556,0.00123400,36.36000000,0
1531177459199,1531177459197,2507557,0.00123350,364.87000000,1
1531177459199,1531177459197,2507558,0.00123340,3.99000000,1
1531177459199,1531177459197,2507559,0.00123310,113.16000000,1
1531177459199,1531177459197,2507560,0.00123130,6.48000000,1
1531177459199,1531177459197,2507561,0.00122930,11.28000000,1
1531177459199,1531177459197,2507562,0.00122790,0.83000000,1
1531177459199,1531177459197,2507563,0.00122740,70.00000000,1
1531177459199,1531177459197,2507564,0.00122730,7.29000000,1
1531177459199,1531177459197,2507565,0.00122700,117.94000000,1
1531177459199,1531177459197,2507566,0.00122680,50.75000000,1
1531177494789,1531177494789,2507567,0.00122830,5.19000000,1
1531177494998,1531177494999,2507568,0.00122830,1.80000000,0
1531177496270,1531177496270,2507569,0.00122820,2.52000000,1
1531177498673,1531177498673,2507570,0.00122820,5.00000000,0
1531177502698,1531177502699,2507571,0.00122660,2.45000000,1
1531177507234,1531177507234,2507572,0.00122640,43.23000000,1
1531177528350,1531177528351,2507573,0.00122650,38.21000000,0
1531177529564,1531177529564,2507574,0.00122660,1.22000000,0
1531177532315,1531177532314,2507575,0.00122640,0.06000000,1
1531177536744,1531177536745,2507576,0.00122640,84.67000000,1
1531177565352,1531177565353,2507577,0.00122650,25.44000000,0
1531177565412,1531177565413,2507578,0.00122640,103.50000000,1
1531177565434,1531177565434,2507579,0.00122650,130.87000000,0
1531177565446,1531177565447,2507580,0.00122650,17.35000000,0
1531177565973,1531177565972,2507581,0.00122660,120.89000000,0
1531177598257,1531177598256,2507582,0.00122650,63.03000000,1
1531177598273,1531177598274,2507583,0.00122650,100.47000000,0
1531177598281,1531177598282,2507584,0.00122650,42.78000000,1
1531177644968,1531177644969,2507585,0.00122650,231.90000000,0
1531177739236,1531177739236,2507586,0.00122650,1.71000000,0
1531177742956,1531177742958,2507587,0.00122650,0.89000000,0
1531177746062,1531177746062,2507588,0.00122650,10.31000000,0
1531177756729,1531177756731,2507589,0.00122650,2.38000000,0
1531177799867,1531177799869,2507590,0.00122640,18.96000000,1
1531177803090,1531177803091,2507591,0.00122640,19.66000000,1
1531177803090,1531177803091,2507592,0.00122610,10.34000000,1
1531177803267,1531177803268,2507593,0.00122610,29.90000000,1
1531177803957,1531177803960,2507594,0.00122610,30.00000000,1
1531177808307,1531177808308,2507595,0.00122650,22.31000000,0
1531177808307,1531177808308,2507596,0.00122660,0.91000000,0
1531177808307,1531177808308,2507597,0.00122890,6.49000000,0
1531177808307,1531177808308,2507598,0.00123470,103.99000000,0
1531177833588,1531177833590,2507599,0.00123390,0.82000000,1
1531177833588,1531177833590,2507600,0.00122760,0.18000000,1
1531177932675,1531177932675,2507601,0.00123140,246.62000000,1
1531177932702,1531177932704,2507602,0.00123140,232.06000000,1
1531177934846,1531177934846,2507603,0.00123140,1.22000000,1
1531177983671,1531177983673,2507604,0.00123560,0.59000000,0
1531177996311,1531177996313,2507605,0.00123130,1.00000000,1
1531178044973,1531178044976,2507606,0.00123140,84.09000000,1
1531178044990,1531178044992,2507607,0.00123140,10.77000000,1
1531178048587,1531178048589,2507608,0.00123130,5.48000000,1
1531178048587,1531178048589,2507609,0.00123090,0.82000000,1
1531178048587,1531178048589,2507610,0.00122780,6.00000000,1
1531178142443,1531178142447,2507611,0.00123310,5.19000000,0
1531178142973,1531178142976,2507612,0.00123310,2.00000000,1
1531178143057,1531178143061,2507613,0.00123310,2.33000000,1
1531178210170,1531178210172,2507614,0.00123360,100.40000000,0
1531178284965,1531178284969,2507615,0.00123330,17.62000000,0
1531178343708,1531178343712,2507616,0.00123160,19.59000000,0
1531178343723,1531178343726,2507617,0.00123370,122.18000000,0
1531178343739,1531178343741,2507618,0.00123370,8.66000000,0
1531178363291,1531178363294,2507619,0.00123360,3.00000000,0
1531178363291,1531178363294,2507620,0.00123380,15.07000000,0
1531178386048,1531178386052,2507621,0.00123360,1.20000000,0
