event_time,trade_time,trade_id,price,quantity,maker
1531160701260,1531160701256,3707779,0.00061480,31.03000000,1
1531160718911,1531160718908,3707780,0.00061450,47.65000000,1
1531160796605,1531160796602,3707781,0.00061450,21.35000000,0
1531160989029,1531160989025,3707782,0.00061360,13.53000000,1
1531161033696,1531161033693,3707783,0.00061270,20.57000000,1
1531161035191,1531161035188,3707784,0.00061270,21.35000000,1
1531161056212,1531161056208,3707785,0.00061360,1.00000000,0
1531161085793,1531161085789,3707786,0.00061270,8.11000000,1
1531161085793,1531161085789,3707787,0.00061190,11.87000000,1
1531161091876,1531161091871,3707788,0.00061360,102.93000000,0
1531161091876,1531161091871,3707789,0.00061440,13.52000000,0
1531161091876,1531161091871,3707790,0.00061510,41.76000000,0
1531161116303,1531161116300,3707791,0.00061240,10.18000000,1
1531161283790,1531161283786,3707792,0.00061420,1.63000000,0
1531161555223,1531161555220,3707793,0.00061190,7.40000000,1
1531161622116,1531161622108,3707794,0.00061420,1.65000000,0
1531161709396,1531161709392,3707795,0.00061170,52.91000000,1
1531161710820,1531161710814,3707796,0.00061170,15.01000000,0
1531161711345,1531161711341,3707797,0.00061170,20.46000000,0
1531161716358,1531161716354,3707798,0.00061290,4.24000000,0
1531161986077,1531161986075,3707799,0.00061280,3.30000000,0
1531162198290,1531162198285,3707800,0.00061180,1.64000000,1
1531162201286,1531162201280,3707801,0.00061160,20.15000000,1
1531162204313,1531162204310,3707802,0.00061150,19.05000000,1
1531162207335,1531162207329,3707803,0.00061040,13.60000000,1
1531162210332,1531162210329,3707804,0.00061030,18.00000000,1
1531162219658,1531162219653,3707805,0.00060960,27.86000000,1
1531162219658,1531162219653,3707806,0.00060940,5.76000000,1
1531162222703,1531162222700,3707807,0.00060950,2.21000000,1
1531162225694,1531162225689,3707808,0.00060940,13.16000000,1
1531162228696,1531162228692,3707809,0.00060930,8.29000000,1
1531162231714,1531162231712,3707810,0.00060960,13.62000000,1
1531162231714,1531162231712,3707811,0.00060890,2.21000000,1
1531162234723,1531162234718,3707812,0.00060880,3.73000000,1
1531162237277,1531162237273,3707813,0.00060870,1.65000000,1
1531162237277,1531162237273,3707814,0.00060800,3.20000000,1
1531162240747,1531162240741,3707815,0.00060800,70.99000000,1
1531162249594,1531162249588,3707816,0.00061060,2.70000000,0
1531162262400,1531162262395,3707817,0.00060960,6.06000000,0
1531162267277,1531162267273,3707818,0.00060800,20.62000000,1
1531162268991,1531162268988,3707819,0.00060800,0.01000000,1
1531162269392,1531162269388,3707820,0.00060800,1.82000000,0
1531162288680,1531162288674,3707821,0.00060790,8.31000000,1
1531162349433,1531162349427,3707822,0.00060930,1.87000000,0
1531162370901,1531162370897,3707823,0.00060970,1.64000000,0
1531162371211,1531162371206,3707824,0.00060970,1.65000000,0
1531162371447,1531162371445,3707825,0.00060970,1.65000000,0
1531162371708,1531162371702,3707826,0.00060970,1.65000000,0
1531162371978,1531162371974,3707827,0.00060970,1.65000000,0
1531162373417,1531162373412,3707828,0.00060970,6.60000000,0
1531162373531,1531162373531,3707829,0.00060980,5.00000000,0
1531162374435,1531162374430,3707830,0.00060970,5.00000000,0
1531162374557,1531162374552,3707831,0.00060980,5.00000000,0
1531162376424,1531162376419,3707832,0.00060970,5.00000000,0
1531162376588,1531162376583,3707833,0.00060970,5.00000000,0
1531162378433,1531162378431,3707834,0.00060970,5.00000000,0
1531162378969,1531162378965,3707835,0.00060980,5.00000000,0
1531162380419,1531162380413,3707836,0.00060970,49.29000000,0
1531162380609,1531162380605,3707837,0.00060980,5.00000000,0
1531162381431,1531162381426,3707838,0.00060970,5.00000000,0
1531162381649,1531162381645,3707839,0.00060980,5.00000000,0
1531162385421,1531162385417,3707840,0.00060970,5.00000000,0
1531162385639,1531162385633,3707841,0.00060980,5.00000000,0
1531162386423,1531162386415,3707842,0.00060970,5.00000000,0
1531162386640,1531162386636,3707843,0.00060980,5.00000000,0
1531162388415,1531162388411,3707844,0.00060970,5.00000000,0
1531162388537,1531162388531,3707845,0.00060980,5.00000000,0
1531162389418,1531162389415,3707846,0.00060970,5.00000000,0
1531162389545,1531162389539,3707847,0.00060980,5.00000000,0
1531162390426,1531162390421,3707848,0.00060970,5.00000000,0
1531162390564,1531162390558,3707849,0.00060980,5.00000000,0
1531162391431,1531162391427,3707850,0.00060970,5.00000000,0
1531162391604,1531162391602,3707851,0.00060980,5.00000000,0
1531162394433,1531162394428,3707852,0.00060970,5.00000000,0
1531162395438,1531162395433,3707853,0.00060980,101.08000000,0
1531162395657,1531162395651,3707854,0.00061020,5.00000000,0
1531162397423,1531162397418,3707855,0.00061010,5.00000000,0
1531162397662,1531162397659,3707856,0.00061020,5.00000000,0
1531162398431,1531162398426,3707857,0.00061010,2.00000000,0
1531162398697,1531162398693,3707858,0.00061020,2.00000000,0
1531162411428,1531162411423,3707859,0.00061010,5.00000000,0
1531162411488,1531162411484,3707860,0.00061020,1.61000000,0
1531162411488,1531162411484,3707861,0.00061100,3.39000000,0
1531162414442,1531162414437,3707862,0.00061010,5.00000000,0
1531162414508,1531162414504,3707863,0.00061020,5.00000000,0
1531162417581,1531162417576,3707864,0.00061010,5.00000000,0
1531162417763,1531162417758,3707865,0.00061020,5.00000000,0
1531162420442,1531162420439,3707866,0.00061010,5.00000000,0
1531162421288,1531162421256,3707867,0.00061020,5.00000000,0
1531162422436,1531162422431,3707868,0.00061010,5.00000000,0
1531162422561,1531162422557,3707869,0.00061020,5.00000000,0
1531162423436,1531162423432,3707870,0.00061020,181.75000000,0
1531162425583,1531162425577,3707871,0.00061100,5.27000000,0
1531162427439,1531162427438,3707872,0.00061110,14.41000000,0
1531162430825,1531162430823,3707873,0.00060930,7.30000000,1
1531162522487,1531162522482,3707874,0.00061180,9.53000000,0
1531162937458,1531162937455,3707875,0.00061180,39.06000000,0
1531162937767,1531162937763,3707876,0.00061010,23.10000000,1
1531162991334,1531162991328,3707877,0.00061100,20.00000000,1
1531162991460,1531162991455,3707878,0.00061100,32.04000000,0
1531163016452,1531163016450,3707879,0.00061120,13.59000000,0
1531163029613,1531163029609,3707880,0.00061100,3.25000000,0
1531163105471,1531163105465,3707881,0.00061100,105.06000000,0
1531163153915,1531163153911,3707882,0.00061230,13.56000000,0
1531163154101,1531163154097,3707883,0.00061280,2.00000000,0
1531163154101,1531163154097,3707884,0.00061290,1.15000000,0
1531163179442,1531163179436,3707885,0.00061280,22.11000000,0
1531163205217,1531163205212,3707886,0.00061280,0.99000000,0
1531163205217,1531163205212,3707887,0.00061290,0.85000000,0
1531163205261,1531163205255,3707888,0.00061300,7.28000000,0
1531163205295,1531163205289,3707889,0.00061300,5.11000000,0
1531163205352,1531163205347,3707890,0.00061130,1.76000000,1
1531163205410,1531163205405,3707891,0.00061310,2.00000000,0
1531163311238,1531163311233,3707892,0.00061310,2.00000000,0
1531163311419,1531163311414,3707893,0.00061320,2.00000000,0
1531163447898,1531163447895,3707894,0.00061320,16.30000000,0
1531163555245,1531163555239,3707895,0.00061140,9.65000000,1
1531163555245,1531163555239,3707896,0.00061130,2.17000000,1
1531163561247,1531163561241,3707897,0.00061130,9.65000000,1
1531163561247,1531163561241,3707898,0.00061000,5.70000000,1
1531163611711,1531163611706,3707899,0.00061280,2.23000000,0
1531163648550,1531163648544,3707900,0.00061040,1.99000000,1
1531163651088,1531163651084,3707901,0.00061040,3.01000000,1
1531163651088,1531163651084,3707902,0.00061030,13.61000000,1
1531163651088,1531163651084,3707903,0.00061000,2.91000000,1
1531163653445,1531163653439,3707904,0.00061000,6.38000000,1
1531163653448,1531163653446,3707905,0.00061000,0.31000000,1
1531163653448,1531163653446,3707906,0.00060820,6.38000000,1
1531163654540,1531163654536,3707907,0.00060980,5.00000000,0
1531163655538,1531163655531,3707908,0.00060990,6.69000000,0
1531163656558,1531163656552,3707909,0.00061030,13.61000000,0
1531163691464,1531163691458,3707910,0.00060930,13.63000000,1
1531163692539,1531163692534,3707911,0.00060930,9.72000000,0
1531163847382,1531163847376,3707912,0.00061100,6.38000000,0
1531163847382,1531163847376,3707913,0.00061140,9.15000000,0
1531163849893,1531163849886,3707914,0.00061140,4.43000000,0
1531163849893,1531163849886,3707915,0.00061300,0.68000000,0
1531164015929,1531164015924,3707916,0.00061220,4.00000000,0
1531164176395,1531164176385,3707917,0.00061090,2.12000000,1
1531164176395,1531164176385,3707918,0.00061070,15.86000000,1
1531164176395,1531164176385,3707919,0.00061060,302.47000000,1
1531164176395,1531164176385,3707920,0.00061000,21.17000000,1
1531164176395,1531164176385,3707921,0.00060990,13.61000000,1
1531164176395,1531164176385,3707922,0.00060790,4.03000000,1
1531164176395,1531164176385,3707923,0.00060720,44.76000000,1
1531164176395,1531164176385,3707924,0.00060710,3.79000000,1
1531164176395,1531164176385,3707925,0.00060700,71.63000000,1
1531164176395,1531164176385,3707926,0.00060690,23.68000000,1
1531164176395,1531164176385,3707927,0.00060670,37.15000000,1
1531164176395,1531164176385,3707928,0.00060640,30.95000000,1
1531164176395,1531164176385,3707929,0.00060590,28.89000000,1
1531164237052,1531164237047,3707930,0.00060700,1.84000000,1
1531164237811,1531164237805,3707931,0.00060700,8.32000000,1
1531164396727,1531164396722,3707932,0.00060960,4.97000000,0
1531164658333,1531164658327,3707933,0.00060760,10.35000000,1
1531164658333,1531164658327,3707934,0.00060750,37.69000000,1
1531164658333,1531164658327,3707935,0.00060690,13.68000000,1
1531164658333,1531164658327,3707936,0.00060600,15.28000000,1
1531164691729,1531164691724,3707937,0.00060960,10.30000000,0
1531164701695,1531164701691,3707938,0.00060920,2.00000000,1
1531164701709,1531164701703,3707939,0.00060960,0.05000000,0
1531164702846,1531164702840,3707940,0.00060960,7.16000000,1
1531164703277,1531164703274,3707941,0.00060970,1.80000000,0
1531164905285,1531164905280,3707942,0.00060730,2.30000000,1
1531165323933,1531165323927,3707943,0.00060850,2.00000000,0
1531165398601,1531165398596,3707944,0.00060700,45.27000000,1
1531165408543,1531165408536,3707945,0.00060700,2.18000000,1
1531165570068,1531165570061,3707946,0.00060850,0.30000000,0
1531165570068,1531165570061,3707947,0.00060860,2.27000000,0
1531165570068,1531165570061,3707948,0.00060870,7.23000000,0
1531165570068,1531165570061,3707949,0.00060930,7.60000000,0
1531165841559,1531165841552,3707950,0.00060920,15.28000000,0
1531165841559,1531165841552,3707951,0.00060930,1.13000000,0
1531166042829,1531166042823,3707952,0.00060820,15.30000000,0
1531166043479,1531166043475,3707953,0.00060930,4.09000000,0
1531166054521,1531166054515,3707954,0.00060930,19.81000000,0
1531166084994,1531166084993,3707955,0.00060930,7.75000000,1
1531166216943,1531166216936,3707956,0.00060980,14.31000000,0
1531166216943,1531166216936,3707957,0.00060990,11.74000000,0
1531166231371,1531166231365,3707958,0.00060990,28.63000000,1
1531166278087,1531166278082,3707959,0.00061020,12.07000000,0
1531166282834,1531166282829,3707960,0.00060840,2.91000000,0
1531166375869,1531166375865,3707961,0.00060900,10.99000000,0
1531166508356,1531166508345,3707962,0.00060910,26.00000000,1
1531166508356,1531166508345,3707963,0.00060830,13.65000000,1
1531166508356,1531166508345,3707964,0.00060710,15.30000000,1
1531166508356,1531166508345,3707965,0.00060700,59.30000000,1
1531166508356,1531166508345,3707966,0.00060610,125.00000000,1
1531166508356,1531166508345,3707967,0.00060550,205.70000000,1
1531166508356,1531166508345,3707968,0.00060530,10.19000000,1
1531166508356,1531166508345,3707969,0.00060520,16.01000000,1
1531166508356,1531166508345,3707970,0.00060500,31.83000000,1
1531166508356,1531166508345,3707971,0.00060490,3.00000000,1
1531166508356,1531166508345,3707972,0.00060480,3.00000000,1
1531166508356,1531166508345,3707973,0.00060470,19.51000000,1
1531166508356,1531166508345,3707974,0.00060460,3.00000000,1
1531166508356,1531166508345,3707975,0.00060450,76.69000000,1
1531166508356,1531166508345,3707976,0.00060440,247.08000000,1
1531166508356,1531166508345,3707977,0.00060430,3.00000000,1
1531166508356,1531166508345,3707978,0.00060420,160.12000000,1
1531166508356,1531166508345,3707979,0.00060410,3.00000000,1
1531166508356,1531166508345,3707980,0.00060400,26.78000000,1
1531166508356,1531166508345,3707981,0.00060390,3.00000000,1
1531166508356,1531166508345,3707982,0.00060380,3.00000000,1
1531166508356,1531166508345,3707983,0.00060370,3.00000000,1
1531166508356,1531166508345,3707984,0.00060360,3.00000000,1
1531166508356,1531166508345,3707985,0.00060350,3.00000000,1
1531166508356,1531166508345,3707986,0.00060340,336.84000000,1
1531166512967,1531166512963,3707987,0.00060450,13.74000000,1
1531166529202,1531166529196,3707988,0.00060570,19.39000000,0
1531166531914,1531166531910,3707989,0.00060570,2.49000000,0
1531166540538,1531166540531,3707990,0.00060570,19.39000000,0
1531166560246,1531166560240,3707991,0.00060370,3.35000000,1
1531166560701,1531166560695,3707992,0.00060370,6.83000000,1
1531166562758,1531166562752,3707993,0.00060370,1.54000000,0
1531166569674,1531166569670,3707994,0.00060560,2.00000000,0
1531166569674,1531166569670,3707995,0.00060570,7.82000000,0
1531166569843,1531166569838,3707996,0.00060540,2.00000000,0
1531166597238,1531166597220,3707997,0.00060350,58.08000000,1
1531166597238,1531166597220,3707998,0.00060330,3.00000000,1
1531166597238,1531166597220,3707999,0.00060320,3.00000000,1
1531166597238,1531166597220,3708000,0.00060310,3.00000000,1
1531166597238,1531166597220,3708001,0.00060300,3.00000000,1
1531166597238,1531166597220,3708002,0.00060290,3.00000000,1
1531166597238,1531166597220,3708003,0.00060280,3.00000000,1
1531166597238,1531166597220,3708004,0.00060270,3.00000000,1
1531166597238,1531166597220,3708005,0.00060260,4.66000000,1
1531166597238,1531166597220,3708006,0.00060250,3.00000000,1
1531166597238,1531166597220,3708007,0.00060240,3.00000000,1
1531166597238,1531166597220,3708008,0.00060230,12.84000000,1
1531166597238,1531166597220,3708009,0.00060220,22.92000000,1
1531166597238,1531166597220,3708010,0.00060210,7.00000000,1
1531166597238,1531166597220,3708011,0.00060200,7.00000000,1
1531166597238,1531166597220,3708012,0.00060190,37.85000000,1
1531166597239,1531166597220,3708013,0.00060180,9.00000000,1
1531166597239,1531166597220,3708014,0.00060170,11.24000000,1
1531166597239,1531166597220,3708015,0.00060160,7.00000000,1
1531166597239,1531166597220,3708016,0.00060150,67.00000000,1
1531166597239,1531166597220,3708017,0.00060140,14.63000000,1
1531166597239,1531166597220,3708018,0.00060130,7.00000000,1
1531166597239,1531166597220,3708019,0.00060120,13.33000000,1
1531166597239,1531166597220,3708020,0.00060110,409.15000000,1
1531166597239,1531166597220,3708021,0.00060100,11.84000000,1
1531166597239,1531166597220,3708022,0.00060090,9.00000000,1
1531166597239,1531166597220,3708023,0.00060080,129.00000000,1
1531166597239,1531166597220,3708024,0.00060070,10.00000000,1
1531166597239,1531166597220,3708025,0.00060060,9.00000000,1
1531166597239,1531166597220,3708026,0.00060050,9.00000000,1
1531166597239,1531166597220,3708027,0.00060040,9.00000000,1
1531166597239,1531166597220,3708028,0.00060030,9.00000000,1
1531166597239,1531166597220,3708029,0.00060020,9.00000000,1
1531166597239,1531166597220,3708030,0.00060010,59.00000000,1
1531166597239,1531166597220,3708031,0.00060000,520.46000000,1
1531166597239,1531166597220,3708032,0.00060000,30.00000000,1
1531166597239,1531166597220,3708033,0.00060000,22.00000000,1
1531166599076,1531166599070,3708034,0.00060390,13.74000000,0
1531166599080,1531166599077,3708035,0.00060390,0.01000000,0
1531166599892,1531166599888,3708036,0.00060350,33.00000000,1
1531166601024,1531166601016,3708037,0.00060330,1.98000000,1
1531166601976,1531166601974,3708038,0.00060340,106.60000000,1
1531166607045,1531166607039,3708039,0.00060050,5.00000000,1
1531166607045,1531166607039,3708040,0.00060040,2.98000000,1
1531166607045,1531166607039,3708041,0.00060010,13.84000000,1
1531166607045,1531166607039,3708042,0.00060000,311.18000000,1
1531166613531,1531166613524,3708043,0.00060070,8.53000000,1
1531166613531,1531166613524,3708044,0.00060060,4.16000000,1
1531166613531,1531166613524,3708045,0.00060000,98.31000000,1
1531166618012,1531166618012,3708046,0.00060360,7.53000000,0
1531166618094,1531166618092,3708047,0.00060360,2.47000000,0
1531166618094,1531166618092,3708048,0.00060370,0.06000000,0
1531166618272,1531166618267,3708049,0.00060360,2.47000000,0
1531166625007,1531166625001,3708050,0.00060290,2.50000000,0
1531166625007,1531166625001,3708051,0.00060300,2.92000000,0
1531166625007,1531166625001,3708052,0.00060310,6.06000000,0
1531166625146,1531166625140,3708053,0.00060550,2.50000000,0
1531166625869,1531166625862,3708054,0.00060360,52.84000000,1
1531166637462,1531166637457,3708055,0.00060030,5.00000000,1
1531166637462,1531166637457,3708056,0.00060000,11.11000000,1
1531166651494,1531166651489,3708057,0.00060510,4.43000000,0
1531166655485,1531166655480,3708058,0.00060490,1.60000000,0
1531166655640,1531166655634,3708059,0.00060490,1.67000000,0
1531166655899,1531166655893,3708060,0.00060490,1.67000000,0
1531166656150,1531166656142,3708061,0.00060490,0.63000000,0
1531166656150,1531166656142,3708062,0.00060500,1.04000000,0
1531166662749,1531166662742,3708063,0.00060110,1.86000000,1
1531166662775,1531166662769,3708064,0.00060110,2.33000000,1
1531166696880,1531166696879,3708065,0.00060230,4.20000000,0
1531166698033,1531166698027,3708066,0.00060240,2.30000000,0
1531166743926,1531166743923,3708067,0.00060350,5.00000000,0
1531166744120,1531166744116,3708068,0.00060360,3.12000000,0
1531166744120,1531166744116,3708069,0.00060370,1.88000000,0
1531166744273,1531166744266,3708070,0.00060350,5.68000000,1
1531166747757,1531166747751,3708071,0.00060350,22.46000000,1
1531166760039,1531166760033,3708072,0.00060220,3.33000000,0
1531166780647,1531166780640,3708073,0.00060020,5.00000000,1
1531166780647,1531166780640,3708074,0.00060010,10.30000000,1
1531166801112,1531166801106,3708075,0.00060030,8.95000000,1
1531166825076,1531166825072,3708076,0.00060360,1.66000000,0
1531166904118,1531166904115,3708077,0.00060320,15.37000000,0
1531166904250,1531166904243,3708078,0.00060320,5.00000000,0
1531167021176,1531167021176,3708079,0.00060200,2.00000000,0
1531167043424,1531167043412,3708080,0.00060200,8.30000000,0
1531167043424,1531167043412,3708081,0.00060210,8.31000000,0
1531167055060,1531167055057,3708082,0.00060200,2.00000000,1
1531167203776,1531167203775,3708083,0.00059990,1.98000000,1
1531167210205,1531167210202,3708084,0.00060150,4.15000000,0
1531167241619,1531167241614,3708085,0.00060150,1.66000000,0
1531167252166,1531167252160,3708086,0.00060030,6.84000000,1
1531167253089,1531167253082,3708087,0.00060030,17.40000000,0
1531167263425,1531167263419,3708088,0.00060010,3.50000000,1
1531167264044,1531167264038,3708089,0.00060010,21.89000000,0
1531167264126,1531167264120,3708090,0.00060000,3.50000000,1
1531167271775,1531167271771,3708091,0.00060150,37.24000000,0
1531167271969,1531167271963,3708092,0.00060000,55.54000000,1
1531167317694,1531167317691,3708093,0.00060140,2.00000000,0
1531167317769,1531167317762,3708094,0.00060140,2.00000000,0
1531167317879,1531167317872,3708095,0.00060150,2.00000000,0
1531167339582,1531167339577,3708096,0.00060010,66.00000000,1
1531167351749,1531167351743,3708097,0.00060010,7.06000000,1
1531167354038,1531167354032,3708098,0.00060140,2.00000000,0
1531167477523,1531167477517,3708099,0.00060020,2.00000000,1
1531167481193,1531167481186,3708100,0.00060020,3.00000000,1
1531167483115,1531167483110,3708101,0.00060010,4.86000000,1
1531167492260,1531167492254,3708102,0.00059990,5.00000000,1
1531167501507,1531167501501,3708103,0.00060150,15.63000000,0
1531167523359,1531167523353,3708104,0.00060140,5.00000000,0
1531167523359,1531167523353,3708105,0.00060150,5.37000000,0
1531167523428,1531167523423,3708106,0.00060150,5.00000000,0
1531167615796,1531167615795,3708107,0.00060140,2.00000000,0
1531167615980,1531167615975,3708108,0.00060140,2.00000000,0
1531167616243,1531167616237,3708109,0.00060140,2.00000000,0
1531167616480,1531167616473,3708110,0.00060140,1.67000000,0
1531167645696,1531167645690,3708111,0.00060140,1.80000000,0
1531167662712,1531167662707,3708112,0.00060140,0.20000000,1
1531167711812,1531167711804,3708113,0.00059990,0.02000000,1
1531167711812,1531167711804,3708114,0.00059980,5.43000000,1
1531167711812,1531167711804,3708115,0.00059970,3.00000000,1
1531167711812,1531167711804,3708116,0.00059960,4.43000000,1
1531167711812,1531167711804,3708117,0.00059940,1.84000000,1
1531167711812,1531167711804,3708118,0.00059840,10.00000000,1
1531167711812,1531167711804,3708119,0.00059830,10.00000000,1
1531167711812,1531167711804,3708120,0.00059720,18.43000000,1
1531167711812,1531167711804,3708121,0.00059670,116.97000000,1
1531167714138,1531167714134,3708122,0.00059960,3.30000000,0
1531167718011,1531167718006,3708123,0.00059780,21.30000000,0
1531167719780,1531167719776,3708124,0.00059940,0.30000000,0
1531167764500,1531167764493,3708125,0.00059940,13.55000000,0
1531167764500,1531167764493,3708126,0.00059960,7.34000000,0
1531167774863,1531167774857,3708127,0.00059990,9.93000000,0
1531167791059,1531167791053,3708128,0.00059870,6.87000000,1
1531167830856,1531167830849,3708129,0.00059810,8.45000000,1
1531167895384,1531167895377,3708130,0.00059960,1.67000000,0
1531167901414,1531167901414,3708131,0.00059950,2.17000000,0
1531167901414,1531167901414,3708132,0.00059960,12.18000000,0
1531167901414,1531167901414,3708133,0.00059990,0.04000000,0
1531167901414,1531167901414,3708134,0.00060010,2.29000000,0
1531167901446,1531167901439,3708135,0.00060010,1.99000000,0
1531167901446,1531167901439,3708136,0.00060080,5.95000000,0
1531167901513,1531167901506,3708137,0.00060080,8.18000000,0
1531167901626,1531167901625,3708138,0.00060080,13.34000000,0
1531167901686,1531167901679,3708139,0.00060080,12.47000000,0
1531167901856,1531167901850,3708140,0.00060080,6.67000000,0
1531167903479,1531167903479,3708141,0.00060150,1.67000000,0
1531167933142,1531167933136,3708142,0.00059960,11.00000000,1
1531167937208,1531167937202,3708143,0.00059950,6.46000000,1
1531168000444,1531168000441,3708144,0.00059950,20.74000000,1
1531168014596,1531168014591,3708145,0.00059950,0.45000000,1
1531168019039,1531168019034,3708146,0.00059960,4.83000000,1
1531168020052,1531168020049,3708147,0.00059950,65.55000000,1
1531168020680,1531168020676,3708148,0.00059930,5.00000000,1
1531168022030,1531168022026,3708149,0.00059930,8.86000000,1
1531168187351,1531168187350,3708150,0.00059850,15.92000000,1
1531168308154,1531168308148,3708151,0.00060020,13.29000000,0
1531168308201,1531168308194,3708152,0.00060020,20.03000000,1
1531168359374,1531168359369,3708153,0.00060020,5.00000000,0
1531168359533,1531168359527,3708154,0.00060030,5.00000000,0
1531168360096,1531168360090,3708155,0.00060020,92.91000000,1
1531168416301,1531168416294,3708156,0.00059970,5.00000000,0
1531168416301,1531168416294,3708157,0.00059980,6.00000000,0
1531168416301,1531168416294,3708158,0.00060060,5.67000000,0
1531168416370,1531168416369,3708159,0.00060060,5.00000000,0
1531168486437,1531168486431,3708160,0.00060060,6.50000000,0
1531168486526,1531168486520,3708161,0.00060060,3.75000000,0
1531168486526,1531168486520,3708162,0.00060070,1.25000000,0
1531168633947,1531168633942,3708163,0.00060000,0.10000000,0
1531168676752,1531168676746,3708164,0.00060130,4.96000000,0
1531168676775,1531168676774,3708165,0.00060110,2.00000000,1
1531168800847,1531168800841,3708166,0.00059850,11.55000000,1
1531168800864,1531168800856,3708167,0.00059850,24.00000000,0
1531168800876,1531168800871,3708168,0.00059850,23.98000000,0
1531168800877,1531168800871,3708169,0.00059850,24.03000000,0
1531168822272,1531168822266,3708170,0.00059680,60.10000000,1
1531168822272,1531168822266,3708171,0.00059670,71.90000000,1
1531168825178,1531168825173,3708172,0.00059850,2.00000000,1
1531168860879,1531168860877,3708173,0.00059880,2.00000000,0
1531168909732,1531168909725,3708174,0.00059870,4.00000000,0
1531168909732,1531168909725,3708175,0.00059880,11.32000000,0
1531168909732,1531168909725,3708176,0.00060050,60.10000000,0
1531168909732,1531168909725,3708177,0.00060060,179.11000000,0
1531168909810,1531168909805,3708178,0.00060100,4.00000000,0
1531169115070,1531169115065,3708179,0.00060000,7.55000000,0
1531169115106,1531169115100,3708180,0.00060000,2.45000000,1
1531169305387,1531169305381,3708181,0.00060000,30.96000000,1
1531169305427,1531169305423,3708182,0.00059930,5.62000000,1
1531169318560,1531169318554,3708183,0.00059850,35.74000000,1
1531169318560,1531169318554,3708184,0.00059770,13.35000000,1
1531169319216,1531169319211,3708185,0.00059770,328.83000000,0
1531169390364,1531169390358,3708186,0.00060010,1.67000000,0
1531169513229,1531169513225,3708187,0.00059800,2.89000000,1
1531169723352,1531169723346,3708188,0.00059960,2.00000000,0
1531169723452,1531169723446,3708189,0.00059960,6.45000000,0
1531169877845,1531169877838,3708190,0.00059810,10.96000000,1
1531169877845,1531169877838,3708191,0.00059800,46.24000000,1
1531169877845,1531169877838,3708192,0.00059770,90.10000000,1
1531169949974,1531169949967,3708193,0.00059950,10.96000000,0
1531169960579,1531169960574,3708194,0.00059950,5.00000000,0
1531169960640,1531169960633,3708195,0.00059960,5.00000000,0
1531169986693,1531169986687,3708196,0.00059950,5.00000000,0
1531169986693,1531169986687,3708197,0.00059960,1.87000000,0
1531169986760,1531169986756,3708198,0.00059970,5.00000000,0
1531170005885,1531170005879,3708199,0.00059960,5.00000000,0
1531170005885,1531170005879,3708200,0.00059970,1.84000000,0
1531170005886,1531170005879,3708201,0.00060010,11.62000000,0
1531170006100,1531170006093,3708202,0.00060130,0.04000000,0
1531170006100,1531170006093,3708203,0.00060150,4.96000000,0
1531170017630,1531170017624,3708204,0.00060100,1.32000000,0
1531170052260,1531170052255,3708205,0.00060100,11.95000000,0
1531170056658,1531170056653,3708206,0.00060150,9.68000000,0
1531170062247,1531170062242,3708207,0.00060160,10.00000000,0
1531170062247,1531170062242,3708208,0.00060240,67.81000000,0
1531170069535,1531170069529,3708209,0.00060190,10.31000000,0
1531170085493,1531170085487,3708210,0.00060240,7.00000000,0
1531170172413,1531170172408,3708211,0.00060240,3.10000000,0
1531170363147,1531170363141,3708212,0.00060240,78.30000000,0
1531170732724,1531170732718,3708213,0.00060240,10.00000000,0
1531170773892,1531170773886,3708214,0.00060240,229.00000000,0
1531170937758,1531170937752,3708215,0.00060240,1.64000000,0
1531171021853,1531171021846,3708216,0.00060240,39.77000000,0
1531171021853,1531171021846,3708217,0.00060270,10.57000000,0
1531171021853,1531171021846,3708218,0.00060320,1.66000000,0
1531171021853,1531171021846,3708219,0.00060370,1.21000000,0
1531171021853,1531171021846,3708220,0.00060410,10.37000000,0
1531171021853,1531171021846,3708221,0.00060480,15.43000000,0
1531171021853,1531171021846,3708222,0.00060490,4.16000000,0
1531171021853,1531171021846,3708223,0.00060540,12.68000000,0
1531171021853,1531171021846,3708224,0.00060620,5.61000000,0
1531171021853,1531171021846,3708225,0.00060630,1.98000000,0
1531171021853,1531171021846,3708226,0.00060650,155.80000000,0
1531171021911,1531171021907,3708227,0.00060650,11.62000000,0
1531171214477,1531171214472,3708228,0.00060360,9.32000000,1
1531171311791,1531171311786,3708229,0.00060350,2.50000000,1
1531171740462,1531171740456,3708230,0.00060420,7.30000000,0
1531171750761,1531171750755,3708231,0.00060380,8.00000000,1
1531172174691,1531172174686,3708232,0.00060410,15.93000000,1
1531172174691,1531172174686,3708233,0.00060380,114.82000000,1
1531172180245,1531172180240,3708234,0.00060420,34.99000000,1
1531172372909,1531172372904,3708235,0.00060420,44.91000000,1
1531172372909,1531172372904,3708236,0.00060380,169.30000000,1
1531172372909,1531172372904,3708237,0.00060370,13.21000000,1
1531172374822,1531172374817,3708238,0.00060370,8.07000000,0
1531172636884,1531172636881,3708239,0.00060310,5.41000000,1
1531172636901,1531172636897,3708240,0.00060220,5.31000000,1
1531172636918,1531172636914,3708241,0.00060220,7.94000000,1
1531172638532,1531172638527,3708242,0.00060120,25.63000000,0
1531172947898,1531172947893,3708243,0.00060190,3.09000000,0
1531172999496,1531172999494,3708244,0.00060020,7.30000000,1
1531173045866,1531173045862,3708245,0.00060020,109.83000000,1
1531173046702,1531173046697,3708246,0.00060020,15.13000000,0
1531173065374,1531173065371,3708247,0.00059930,1.86000000,1
1531173101864,1531173101861,3708248,0.00060080,1.66000000,0
1531173214898,1531173214895,3708249,0.00059930,43.70000000,1
1531173214898,1531173214895,3708250,0.00059860,13.33000000,1
1531173214898,1531173214895,3708251,0.00059840,39.63000000,1
1531173214926,1531173214923,3708252,0.00059840,2.64000000,0
1531173214928,1531173214925,3708253,0.00059840,2.65000000,0
1531173214970,1531173214967,3708254,0.00059840,27.64000000,0
1531173218972,1531173218969,3708255,0.00059840,1.16000000,0
1531173219568,1531173219565,3708256,0.00059940,13.31000000,0
1531173266341,1531173266338,3708257,0.00059830,8.45000000,1
1531173330585,1531173330582,3708258,0.00059980,4.00000000,0
1531173332731,1531173332731,3708259,0.00059980,5.32000000,0
1531173533613,1531173533610,3708260,0.00059980,3.00000000,0
1531173568928,1531173568925,3708261,0.00059840,11.34000000,1
1531173568928,1531173568925,3708262,0.00059830,4.88000000,1
1531173568928,1531173568925,3708263,0.00059780,33.78000000,1
1531173854782,1531173854781,3708264,0.00059790,11.62000000,1
1531173981640,1531173981638,3708265,0.00060030,25.46000000,0
1531173984799,1531173984795,3708266,0.00060060,13.28000000,0
1531173986788,1531173986785,3708267,0.00060080,7.98000000,0
1531173990629,1531173990625,3708268,0.00060150,14.64000000,0
1531173991796,1531173991793,3708269,0.00060180,13.26000000,0
1531173992648,1531173992645,3708270,0.00060200,8.77000000,0
1531174144143,1531174144140,3708271,0.00060200,0.01000000,0
1531174147153,1531174147151,3708272,0.00060330,2.62000000,0
1531174242679,1531174242677,3708273,0.00060330,10.60000000,0
1531174279031,1531174279029,3708274,0.00060390,10.54000000,0
1531174303935,1531174303932,3708275,0.00060440,168.41000000,0
1531174306682,1531174306681,3708276,0.00060480,15.43000000,0
1531174342822,1531174342820,3708277,0.00060480,7.94000000,0
1531174362931,1531174362929,3708278,0.00060480,5.66000000,1
1531174365683,1531174365681,3708279,0.00060410,13.21000000,0
1531174370738,1531174370735,3708280,0.00060480,0.01000000,0
1531174370767,1531174370764,3708281,0.00060480,2.46000000,1
1531174370821,1531174370819,3708282,0.00060480,11.71000000,1
1531174371684,1531174371682,3708283,0.00060420,11.71000000,0
1531174376687,1531174376685,3708284,0.00060440,2.50000000,0
1531174376973,1531174376969,3708285,0.00060450,2.46000000,0
1531174376973,1531174376969,3708286,0.00060480,0.04000000,0
1531174378666,1531174378662,3708287,0.00060470,3.50000000,0
1531174378796,1531174378795,3708288,0.00060480,2.42000000,0
1531174378796,1531174378795,3708289,0.00060660,1.08000000,0
1531174584680,1531174584678,3708290,0.00060630,9.25000000,0
1531174584700,1531174584698,3708291,0.00060630,7.27000000,1
1531174584704,1531174584702,3708292,0.00060380,7.27000000,1
1531174589568,1531174589565,3708293,0.00060620,7.20000000,0
1531174589720,1531174589719,3708294,0.00060610,2.50000000,0
1531174589744,1531174589740,3708295,0.00060610,2.49000000,0
1531174589759,1531174589756,3708296,0.00060610,0.01000000,0
1531174589759,1531174589756,3708297,0.00060620,0.07000000,0
1531174589759,1531174589756,3708298,0.00060630,0.02000000,0
1531174589759,1531174589756,3708299,0.00060660,19.07000000,0
1531174589944,1531174589940,3708300,0.00060660,0.50000000,0
1531174589944,1531174589940,3708301,0.00060720,1.65000000,0
1531174589944,1531174589940,3708302,0.00060750,2.85000000,0
1531174601176,1531174601173,3708303,0.00060450,4.95000000,1
1531174671245,1531174671242,3708304,0.00060440,4.95000000,1
1531174972068,1531174972064,3708305,0.00060650,2.23000000,0
1531175035665,1531175035663,3708306,0.00060630,5.95000000,0
1531175035689,1531175035687,3708307,0.00060650,2.62000000,1
1531175036744,1531175036742,3708308,0.00060650,7.03000000,1
1531175152878,1531175152875,3708309,0.00060660,5.08000000,0
1531175152878,1531175152875,3708310,0.00060750,4.70000000,0
1531175152878,1531175152875,3708311,0.00060770,16.51000000,0
1531175152878,1531175152875,3708312,0.00060830,12.63000000,0
1531175154753,1531175154752,3708313,0.00060660,5.08000000,1
1531175166902,1531175166899,3708314,0.00060550,2.50000000,1
1531175168076,1531175168074,3708315,0.00060560,2.50000000,1
1531175168887,1531175168885,3708316,0.00060550,109.66000000,1
1531175170857,1531175170854,3708317,0.00060540,13.18000000,1
1531175170994,1531175170992,3708318,0.00060500,5.00000000,1
1531175172849,1531175172847,3708319,0.00060500,75.00000000,1
1531175213117,1531175213115,3708320,0.00060250,5.00000000,1
1531175214764,1531175214762,3708321,0.00060250,34.36000000,1
1531175216028,1531175216026,3708322,0.00060240,4.15000000,1
1531175283988,1531175283985,3708323,0.00060150,5.00000000,1
1531175438791,1531175438789,3708324,0.00060400,40.23000000,1
1531175571239,1531175571236,3708325,0.00060400,18.19000000,1
1531175584187,1531175584186,3708326,0.00060400,15.21000000,1
1531175783945,1531175783943,3708327,0.00060400,37.77000000,1
1531175886027,1531175886025,3708328,0.00060400,61.02000000,1
1531176414892,1531176414890,3708329,0.00060460,31.86000000,1
1531176427587,1531176427584,3708330,0.00060520,20.58000000,0
1531176427587,1531176427584,3708331,0.00060640,4.15000000,0
1531176427587,1531176427584,3708332,0.00060830,3.63000000,0
1531176427587,1531176427584,3708333,0.00060850,18.93000000,0
1531176427901,1531176427898,3708334,0.00060400,8.00000000,1
1531176428950,1531176428948,3708335,0.00060830,4.00000000,0
1531176428950,1531176428948,3708336,0.00060840,7.68000000,0
1531176429255,1531176429254,3708337,0.00060840,4.00000000,0
1531176430042,1531176430039,3708338,0.00060840,3.79000000,0
1531176465474,1531176465472,3708339,0.00060670,38.80000000,0
1531176656587,1531176656586,3708340,0.00060500,1.69000000,1
1531176678920,1531176678919,3708341,0.00060500,11.50000000,1
1531176856555,1531176856554,3708342,0.00060400,55.33000000,1
1531176856555,1531176856554,3708343,0.00060280,34.54000000,1
1531176856555,1531176856554,3708344,0.00060190,31.00000000,1
1531176932812,1531176932811,3708345,0.00060230,1.99000000,1
1531177042115,1531177042112,3708346,0.00060220,10.00000000,1
1531177185928,1531177185928,3708347,0.00060190,18.97000000,1
1531177228292,1531177228289,3708348,0.00060120,13.27000000,1
1531177247227,1531177247225,3708349,0.00059960,8.43000000,1
1531177438482,1531177438482,3708350,0.00059960,31.10000000,1
1531177438482,1531177438482,3708351,0.00059920,13.31000000,1
1531177438482,1531177438482,3708352,0.00059840,208.57000000,1
1531177438482,1531177438482,3708353,0.00059810,247.02000000,1
1531177448119,1531177448120,3708354,0.00059920,16.89000000,0
1531177448452,1531177448452,3708355,0.00059920,9.71000000,0
1531177460484,1531177460485,3708356,0.00059910,7.67000000,0
1531177487782,1531177487782,3708357,0.00059790,1.86000000,1
1531177521281,1531177521280,3708358,0.00059900,12.03000000,0
1531177522018,1531177522018,3708359,0.00059900,19.84000000,0
1531177522544,1531177522541,3708360,0.00059900,2.00000000,0
1531177551489,1531177551488,3708361,0.00059790,23.18000000,1
1531177551489,1531177551488,3708362,0.00059700,39.52000000,1
1531177610319,1531177610320,3708363,0.00059760,2.34000000,1
1531177689261,1531177689260,3708364,0.00059850,50.00000000,0
1531177697555,1531177697555,3708365,0.00059840,15.00000000,0
1531177853422,1531177853423,3708366,0.00059840,0.84000000,0
1531177853422,1531177853423,3708367,0.00059850,0.32000000,0
1531177870833,1531177870835,3708368,0.00059700,8.96000000,1
1531178045997,1531178045999,3708369,0.00059700,228.80000000,1
1531178113583,1531178113586,3708370,0.00059700,2.50000000,1
1531178146070,1531178146073,3708371,0.00059700,563.13000000,1
1531178147069,1531178147072,3708372,0.00059670,2.98000000,1
1531178148074,1531178148077,3708373,0.00059640,1.68000000,1
1531178149086,1531178149089,3708374,0.00059620,6.31000000,1
1531178152150,1531178152152,3708375,0.00059600,4.33000000,1
1531178153065,1531178153068,3708376,0.00059560,1.83000000,1
1531178175278,1531178175281,3708377,0.00059520,1.68000000,1
1531178193523,1531178193526,3708378,0.00059520,1.69000000,1
1531178193523,1531178193526,3708379,0.00059510,14.27000000,1
1531178259241,1531178259244,3708380,0.00059770,0.12000000,0
1531178261477,1531178261450,3708381,0.00059770,0.01000000,0
1531178391842,1531178391845,3708382,0.00059770,15.07000000,0
1531178391842,1531178391845,3708383,0.00059790,1.66000000,0
1531178394541,1531178394545,3708384,0.00059790,4.10000000,0
1531178397536,1531178397540,3708385,0.00059790,0.01000000,0
1531178407731,1531178407735,3708386,0.00059630,11.97000000,0
1531178408079,1531178408083,3708387,0.00059540,13.40000000,1
1531178414990,1531178414992,3708388,0.00059630,67.31000000,0
1531178423040,1531178423044,3708389,0.00059630,12.34000000,0
1531178427133,1531178427136,3708390,0.00059630,67.31000000,0
1531178439948,1531178439952,3708391,0.00059630,18.06000000,0
1531178546413,1531178546416,3708392,0.00059620,0.38000000,0
1531178546520,1531178546525,3708393,0.00059620,1.69000000,0
1531178546788,1531178546792,3708394,0.00059620,1.69000000,0
1531178547043,1531178547046,3708395,0.00059620,1.24000000,0
1531178547043,1531178547046,3708396,0.00059630,0.45000000,0
1531178689894,1531178689896,3708397,0.00059650,0.68000000,0
1531178690657,1531178690661,3708398,0.00059650,2.51000000,0
1531178695826,1531178695831,3708399,0.00059600,5.94000000,0
1531178730646,1531178730649,3708400,0.00059510,1.38000000,1
1531178731090,1531178731094,3708401,0.00059500,10.30000000,1
1531178733231,1531178733237,3708402,0.00059400,104.80000000,1
1531178785874,1531178785879,3708403,0.00059400,6.23000000,1
1531178791203,1531178791209,3708404,0.00059400,8.26000000,0
1531178826832,1531178826836,3708405,0.00059350,3.35000000,1
1531178826832,1531178826836,3708406,0.00059310,8.52000000,1
1531178826832,1531178826836,3708407,0.00059300,4.43000000,1
1531178828764,1531178828768,3708408,0.00059310,0.18000000,1
1531178852956,1531178852961,3708409,0.00059400,10.00000000,1
1531178885418,1531178885423,3708410,0.00059330,8.52000000,1
1531178886367,1531178886373,3708411,0.00059330,3.41000000,1
1531178946333,1531178946339,3708412,0.00059330,15.00000000,1
1531179034948,1531179034953,3708413,0.00059410,2.14000000,0
1531179098831,1531179098836,3708414,0.00059360,39.98000000,0
1531179098837,1531179098843,3708415,0.00059360,0.24000000,0
1531179101594,1531179101598,3708416,0.00059410,7.86000000,0
1531179101594,1531179101598,3708417,0.00059420,46.60000000,0
1531179111660,1531179111664,3708418,0.00059360,39.00000000,1
1531179124486,1531179124490,3708419,0.00059320,18.28000000,0
1531179128928,1531179128933,3708420,0.00059420,17.48000000,0
1531179133872,1531179133877,3708421,0.00059420,17.10000000,0
1531179133872,1531179133877,3708422,0.00059480,0.33000000,0
1531179164459,1531179164465,3708423,0.00059470,4.16000000,0
1531179164521,1531179164527,3708424,0.00059470,1.09000000,0
1531179164521,1531179164527,3708425,0.00059480,2.82000000,0
1531179164796,1531179164802,3708426,0.00059480,1.69000000,0
1531179190387,1531179190393,3708427,0.00059470,5.60000000,0
1531179190450,1531179190455,3708428,0.00059480,5.00000000,0
1531179192690,1531179192696,3708429,0.00059470,5.00000000,0
1531179192750,1531179192756,3708430,0.00059480,5.00000000,0
1531179234294,1531179234300,3708431,0.00059460,0.67000000,0
1531179234364,1531179234370,3708432,0.00059460,1.69000000,0
1531179234533,1531179234539,3708433,0.00059460,1.69000000,0
1531179234791,1531179234796,3708434,0.00059460,0.95000000,0
1531179234791,1531179234796,3708435,0.00059470,0.74000000,0
1531179241906,1531179241911,3708436,0.00059460,0.07000000,0
1531179302582,1531179302588,3708437,0.00059310,5.00000000,1
1531179445744,1531179445749,3708438,0.00059300,6.94000000,1
1531179445744,1531179445749,3708439,0.00059280,3.93000000,1
1531179492023,1531179492028,3708440,0.00059280,1.71000000,1
1531179684465,1531179684471,3708441,0.00059290,12.70000000,1
1531179687634,1531179687640,3708442,0.00059290,34.50000000,0
1531179707422,1531179707428,3708443,0.00059450,0.11000000,0
1531179735582,1531179735587,3708444,0.00059240,0.42000000,1
1531179736938,1531179736943,3708445,0.00059390,2.52000000,1
1531179736938,1531179736943,3708446,0.00059240,2.78000000,1
1531179737603,1531179737608,3708447,0.00059240,11.22000000,0
1531179758884,1531179758890,3708448,0.00059190,1.86000000,1
1531179758884,1531179758890,3708449,0.00059130,83.04000000,1
1531179780442,1531179780447,3708450,0.00059310,50.00000000,0
1531179783667,1531179783673,3708451,0.00059140,5.00000000,1
1531179783667,1531179783673,3708452,0.00059130,16.31000000,1
1531179783667,1531179783673,3708453,0.00059120,7.91000000,1
1531179789376,1531179789383,3708454,0.00059320,10.00000000,0
1531179789563,1531179789568,3708455,0.00059330,5.00000000,0
1531179790802,1531179790808,3708456,0.00059130,5.00000000,1
1531179790802,1531179790808,3708457,0.00059120,5.58000000,1
1531179790802,1531179790808,3708458,0.00059110,4.29000000,1
1531179797208,1531179797212,3708459,0.00059260,5.00000000,0
1531179797208,1531179797212,3708460,0.00059330,7.58000000,0
1531179804778,1531179804784,3708461,0.00059120,5.00000000,1
1531179804778,1531179804784,3708462,0.00059110,1.97000000,1
1531179804778,1531179804784,3708463,0.00059090,1.85000000,1
1531179804778,1531179804784,3708464,0.00059050,7.24000000,1
1531179805722,1531179805729,3708465,0.00059330,10.00000000,0
1531179805845,1531179805850,3708466,0.00059340,5.00000000,0
1531179816204,1531179816211,3708467,0.00059060,1.89000000,0
1531179822829,1531179822835,3708468,0.00059340,1.43000000,0
1531179822902,1531179822908,3708469,0.00059340,1.70000000,0
1531179823151,1531179823158,3708470,0.00059340,1.70000000,0
1531179823423,1531179823429,3708471,0.00059340,0.17000000,0
1531179823423,1531179823429,3708472,0.00059350,1.53000000,0
1531179824654,1531179824660,3708473,0.00059340,3.35000000,0
1531179824932,1531179824938,3708474,0.00059340,1.75000000,0
1531179824932,1531179824938,3708475,0.00059350,1.50000000,0
1531179825209,1531179825216,3708476,0.00059350,1.75000000,0
1531179827650,1531179827655,3708477,0.00059340,0.01000000,0
1531179827783,1531179827788,3708478,0.00059340,1.70000000,0
1531179828015,1531179828022,3708479,0.00059340,1.70000000,0
1531179828280,1531179828286,3708480,0.00059340,1.59000000,0
1531179828280,1531179828286,3708481,0.00059350,0.11000000,0
1531179925874,1531179925882,3708482,0.00059340,2.00000000,0
1531179926079,1531179926087,3708483,0.00059340,1.90000000,0
1531179926199,1531179926206,3708484,0.00059340,1.90000000,0
1531179927190,1531179927196,3708485,0.00059340,1.16000000,0
1531179927190,1531179927196,3708486,0.00059350,0.54000000,0
1531179930568,1531179930574,3708487,0.00059320,5.50000000,0
1531179930568,1531179930574,3708488,0.00059330,22.53000000,0
1531179930873,1531179930879,3708489,0.00059330,5.00000000,0
1531179992230,1531179992235,3708490,0.00059330,1.89000000,1
1531180030236,1531180030244,3708491,0.00059450,5.01000000,0
1531180079599,1531180079604,3708492,0.00059460,10.61000000,0
1531180163209,1531180163217,3708493,0.00059460,0.09000000,1
1531180261739,1531180261746,3708494,0.00059480,0.55000000,0
1531180271705,1531180271711,3708495,0.00059480,0.08000000,0
1531180390593,1531180390599,3708496,0.00059460,18.33000000,1
1531180390593,1531180390599,3708497,0.00059450,5.62000000,1
1531180553812,1531180553819,3708498,0.00059370,4.07000000,0
1531180556824,1531180556832,3708499,0.00059370,0.01000000,0
1531180645320,1531180645328,3708500,0.00059070,10.63000000,1
1531180728423,1531180728429,3708501,0.00059080,0.52000000,1
1531180736694,1531180736699,3708502,0.00059360,0.33000000,0
1531180740703,1531180740708,3708503,0.00059320,10.30000000,0
1531180785631,1531180785636,3708504,0.00059320,10.91000000,0
1531180852610,1531180852616,3708505,0.00059310,27.03000000,0
1531181378806,1531181378809,3708506,0.00059140,12.81000000,1
1531181378806,1531181378809,3708507,0.00059050,111.00000000,1
1531181378806,1531181378809,3708508,0.00059040,2.34000000,1
1531181378806,1531181378809,3708509,0.00059030,6.11000000,1
1531181378806,1531181378809,3708510,0.00059010,20.40000000,1
1531181378806,1531181378809,3708511,0.00059000,97.34000000,1
1531181378806,1531181378809,3708512,0.00059000,3.34000000,1
1531181378806,1531181378809,3708513,0.00059000,6.00000000,1
1531181378810,1531181378809,3708514,0.00059000,898.34000000,1
1531181378810,1531181378809,3708515,0.00058930,3.40000000,1
1531181378810,1531181378809,3708516,0.00058810,7.64000000,1
1531181378810,1531181378809,3708517,0.00058800,111.25000000,1
1531181378810,1531181378809,3708518,0.00058780,21.61000000,1
1531181378810,1531181378809,3708519,0.00058700,20.10000000,1
1531181378810,1531181378809,3708520,0.00058690,8.61000000,1
1531181378810,1531181378809,3708521,0.00058670,106.43000000,1
1531181378810,1531181378809,3708522,0.00058660,1.86000000,1
1531181378810,1531181378809,3708523,0.00058570,5.97000000,1
1531181378810,1531181378809,3708524,0.00058560,81.06000000,1
1531181378810,1531181378809,3708525,0.00058500,10.00000000,1
1531181378832,1531181378837,3708526,0.00058490,60.00000000,0
1531181378832,1531181378837,3708527,0.00058500,111.48000000,0
1531181378835,1531181378839,3708528,0.00058500,89.78000000,0
1531181378853,1531181378856,3708529,0.00058500,171.49000000,0
1531181378882,1531181378870,3708530,0.00058480,15.16000000,1
1531181378882,1531181378870,3708531,0.00058470,1.89000000,1
1531181378882,1531181378870,3708532,0.00058440,34.22000000,1
1531181378882,1531181378870,3708533,0.00058420,8.92000000,1
1531181378882,1531181378872,3708534,0.00058500,17.09000000,0
1531181378949,1531181378952,3708535,0.00058500,27.40000000,0
1531181378963,1531181378966,3708536,0.00058520,19.98000000,0
1531181378988,1531181378992,3708537,0.00058800,11.26000000,0
1531181378988,1531181378992,3708538,0.00059370,16.14000000,0
1531181379754,1531181379759,3708539,0.00059140,13.49000000,1
1531181380111,1531181380116,3708540,0.00058840,5.00000000,0
1531181380111,1531181380116,3708541,0.00058850,45.00000000,0
1531181380188,1531181380192,3708542,0.00058850,5.00000000,0
1531181380729,1531181380734,3708543,0.00058850,12.58000000,0
1531181381530,1531181381534,3708544,0.00058790,13.57000000,0
1531181382525,1531181382529,3708545,0.00058930,50.00000000,0
1531181385435,1531181385439,3708546,0.00058930,42.80000000,0
1531181387175,1531181387179,3708547,0.00058640,4.00000000,1
1531181387175,1531181387179,3708548,0.00058630,6.00000000,1
1531181388008,1531181388010,3708549,0.00059170,9.00000000,0
1531181388008,1531181388010,3708550,0.00059180,6.00000000,0
1531181388008,1531181388010,3708551,0.00059220,7.64000000,0
1531181388008,1531181388010,3708552,0.00059240,4.26000000,0
1531181388008,1531181388010,3708553,0.00059340,15.90000000,0
1531181388285,1531181388290,3708554,0.00059170,5.00000000,0
1531181388646,1531181388649,3708555,0.00059170,0.18000000,0
1531181389978,1531181389982,3708556,0.00059210,13.47000000,0
1531181390117,1531181390122,3708557,0.00058640,19.47000000,1
1531181390534,1531181390537,3708558,0.00058640,14.50000000,1
1531181390718,1531181390720,3708559,0.00059330,7.63000000,0
1531181392455,1531181392459,3708560,0.00058920,2.00000000,0
1531181398303,1531181398307,3708561,0.00059300,33.96000000,0
1531181401378,1531181401382,3708562,0.00059200,14.95000000,1
1531181401889,1531181401892,3708563,0.00059200,1.86000000,1
1531181401889,1531181401892,3708564,0.00059140,13.49000000,1
1531181401889,1531181401892,3708565,0.00058490,0.76000000,1
1531181402728,1531181402733,3708566,0.00058500,5.00000000,1
1531181402728,1531181402733,3708567,0.00058490,11.11000000,1
1531181404008,1531181404012,3708568,0.00058510,0.07000000,1
1531181404312,1531181404316,3708569,0.00058510,16.44000000,1
1531181404871,1531181404875,3708570,0.00058510,16.18000000,1
1531181406157,1531181406162,3708571,0.00059240,10.00000000,0
1531181406223,1531181406228,3708572,0.00059250,5.00000000,0
1531181410713,1531181410717,3708573,0.00058580,1.73000000,1
1531181412890,1531181412895,3708574,0.00059150,6.73000000,0
1531181413927,1531181413931,3708575,0.00059140,6.73000000,0
1531181413927,1531181413931,3708576,0.00059150,6.75000000,0
1531181414096,1531181414098,3708577,0.00059150,2.70000000,0
1531181414096,1531181414098,3708578,0.00059180,2.30000000,0
1531181414871,1531181414875,3708579,0.00059170,6.73000000,0
1531181415117,1531181415121,3708580,0.00059170,5.00000000,0
1531181418205,1531181418207,3708581,0.00059150,4.78000000,1
1531181418633,1531181418637,3708582,0.00059190,4.78000000,0
1531181420875,1531181420878,3708583,0.00059190,10.38000000,0
1531181422203,1531181422206,3708584,0.00059270,35.07000000,0
1531181430535,1531181430539,3708585,0.00059160,1.88000000,1
1531181430817,1531181430820,3708586,0.00059160,8.54000000,1
1531181431484,1531181431488,3708587,0.00059160,2.36000000,1
1531181450288,1531181450291,3708588,0.00059250,13.68000000,0
1531181466554,1531181466556,3708589,0.00059250,0.19000000,0
1531181515657,1531181515659,3708590,0.00059210,50.85000000,0
1531181521565,1531181521569,3708591,0.00059160,11.44000000,1
1531181521565,1531181521569,3708592,0.00059150,11.40000000,1
1531181521565,1531181521569,3708593,0.00059130,1.92000000,1
1531181567434,1531181567438,3708594,0.00059180,46.93000000,0
1531181577670,1531181577675,3708595,0.00059160,47.31000000,0
1531181582139,1531181582143,3708596,0.00059150,2.00000000,0
1531181582139,1531181582143,3708597,0.00059170,13.48000000,0
1531181582678,1531181582681,3708598,0.00059180,23.48000000,0
1531181584555,1531181584558,3708599,0.00058650,4.24000000,1
1531181591127,1531181591130,3708600,0.00059200,1.70000000,0
1531181591244,1531181591240,3708601,0.00059200,1.71000000,0
1531181591356,1531181591360,3708602,0.00059200,1.70000000,0
1531181591610,1531181591614,3708603,0.00059200,1.69000000,0
1531181597970,1531181597971,3708604,0.00059190,8.24000000,1
1531181597970,1531181597971,3708605,0.00059080,7.93000000,1
1531181638988,1531181638989,3708606,0.00059080,5.57000000,1
1531181638988,1531181638989,3708607,0.00058620,110.51000000,1
1531181638988,1531181638989,3708608,0.00058610,2.00000000,1
1531181638988,1531181638989,3708609,0.00058570,1.88000000,1
1531181638988,1531181638989,3708610,0.00058520,8.63000000,1
1531181638988,1531181638989,3708611,0.00058510,7.33000000,1
1531181638988,1531181638989,3708612,0.00058450,79.23000000,1
1531181638988,1531181638989,3708613,0.00058440,4.50000000,1
1531181638988,1531181638989,3708614,0.00058420,2.08000000,1
1531181638988,1531181638989,3708615,0.00058410,28.02000000,1
1531181643462,1531181643466,3708616,0.00058730,1.58000000,0
1531181643591,1531181643594,3708617,0.00058730,1.66000000,0
1531181643705,1531181643709,3708618,0.00058730,1.24000000,0
1531181643720,1531181643724,3708619,0.00058730,51.82000000,0
1531181643744,1531181643746,3708620,0.00058730,50.00000000,0
1531181644288,1531181644292,3708621,0.00058730,2.07000000,0
1531181644508,1531181644512,3708622,0.00058730,1.22000000,0
1531181645851,1531181645855,3708623,0.00058730,10.00000000,0
1531181647273,1531181647278,3708624,0.00058620,14.54000000,0
1531181647367,1531181647370,3708625,0.00058620,62.33000000,0
1531181647788,1531181647793,3708626,0.00058730,5.44000000,0
1531181648852,1531181648856,3708627,0.00058790,1.38000000,0
1531181649074,1531181649078,3708628,0.00058790,5.95000000,0
1531181650165,1531181650168,3708629,0.00059200,1.86000000,0
1531181650374,1531181650376,3708630,0.00059200,16.51000000,1
1531181652357,1531181652361,3708631,0.00059090,13.50000000,1
1531181666235,1531181666238,3708632,0.00058890,10.80000000,1
1531181667118,1531181667122,3708633,0.00058890,7.54000000,0
1531181681475,1531181681479,3708634,0.00058900,5.26000000,1
1531181693282,1531181693286,3708635,0.00058890,8.58000000,1
1531181694011,1531181694016,3708636,0.00058900,1.89000000,1
1531181694229,1531181694233,3708637,0.00058900,2.37000000,1
1531181722513,1531181722517,3708638,0.00058900,2.00000000,1
1531181723756,1531181723759,3708639,0.00058890,30.32000000,1
1531181764328,1531181764332,3708640,0.00058890,69.10000000,1
1531181786513,1531181786515,3708641,0.00058890,1.71000000,0
1531181902016,1531181902019,3708642,0.00058890,4.80000000,0
1531181913678,1531181913682,3708643,0.00058890,1.69000000,0
1531181913936,1531181913940,3708644,0.00058890,16.50000000,0
1531181917082,1531181917085,3708645,0.00058760,13.58000000,1
1531181917082,1531181917085,3708646,0.00058730,44.56000000,1
1531181943789,1531181943792,3708647,0.00058730,0.01000000,0
1531181949557,1531181949561,3708648,0.00058730,9.97000000,0
1531181989071,1531181989075,3708649,0.00058570,60.11000000,1
1531181989084,1531181989088,3708650,0.00058570,72.34000000,0
1531181996022,1531181996024,3708651,0.00058570,2.02000000,1
1531181996022,1531181996024,3708652,0.00058520,9.61000000,1
1531182009139,1531182009142,3708653,0.00058530,3.40000000,1
1531182009247,1531182009248,3708654,0.00058520,5.00000000,1
1531182009652,1531182009654,3708655,0.00058530,14.35000000,0
1531182053435,1531182053438,3708656,0.00058550,5.00000000,1
1531182053435,1531182053438,3708657,0.00058540,25.74000000,1
1531182053435,1531182053438,3708658,0.00058530,3.41000000,1
1531182053435,1531182053438,3708659,0.00058520,0.66000000,1
1531182097536,1531182097538,3708660,0.00058520,0.22000000,1
1531182097536,1531182097538,3708661,0.00058420,49.17000000,1
1531182142881,1531182142884,3708662,0.00058430,54.97000000,1
1531182142881,1531182142884,3708663,0.00058420,82.16000000,1
1531182142881,1531182142884,3708664,0.00058410,43.65000000,1
1531182153969,1531182153972,3708665,0.00058410,5.00000000,1
1531182221140,1531182221141,3708666,0.00058740,0.32000000,0
1531182263132,1531182263135,3708667,0.00058740,0.07000000,0
1531182309720,1531182309724,3708668,0.00058740,1.70000000,0
1531182336911,1531182336914,3708669,0.00058740,0.11000000,0
1531182336911,1531182336914,3708670,0.00058750,16.91000000,0
1531182450294,1531182450296,3708671,0.00058410,14.44000000,1
1531182494410,1531182494411,3708672,0.00058410,69.88000000,1
1531182505508,1531182505509,3708673,0.00058750,0.03000000,0
1531182507199,1531182507202,3708674,0.00058740,5.00000000,0
1531182507199,1531182507202,3708675,0.00058750,3.80000000,0
1531182507388,1531182507391,3708676,0.00058750,0.33000000,0
1531182507388,1531182507391,3708677,0.00058870,4.67000000,0
1531182624494,1531182624496,3708678,0.00058860,2.00000000,0
1531182625487,1531182625489,3708679,0.00058860,8.63000000,1
1531182726181,1531182726182,3708680,0.00058730,2.00000000,1
1531182726181,1531182726182,3708681,0.00058720,5.00000000,1
1531182767171,1531182767170,3708682,0.00058720,52.03000000,1
1531182767171,1531182767170,3708683,0.00058610,13.61000000,1
1531182767171,1531182767170,3708684,0.00058410,52.31000000,1
1531182767171,1531182767170,3708685,0.00058390,12.23000000,1
1531182767171,1531182767170,3708686,0.00058370,21.76000000,1
1531182767171,1531182767170,3708687,0.00058360,1.88000000,1
1531182767171,1531182767170,3708688,0.00058330,3.41000000,1
1531182767171,1531182767170,3708689,0.00058310,1.89000000,1
1531182767171,1531182767170,3708690,0.00058260,8.67000000,1
1531182767171,1531182767170,3708691,0.00058200,130.54000000,1
1531182772800,1531182772803,3708692,0.00058730,10.00000000,0
1531182797668,1531182797669,3708693,0.00058730,0.01000000,0
1531182823881,1531182823882,3708694,0.00058530,3.46000000,1
1531182825391,1531182825392,3708695,0.00058560,8.63000000,1
1531182842891,1531182842893,3708696,0.00058560,1.90000000,1
1531183113227,1531183113225,3708697,0.00058710,0.25000000,0
1531183142978,1531183142978,3708698,0.00058730,0.29000000,0
1531183189423,1531183189422,3708699,0.00058730,0.05000000,0
1531183226689,1531183226689,3708700,0.00058730,3.23000000,0
1531183234057,1531183234058,3708701,0.00058750,3.10000000,0
1531183235154,1531183235154,3708702,0.00058730,0.15000000,1
1531183242644,1531183242643,3708703,0.00058720,3.58000000,0
1531183287461,1531183287463,3708704,0.00058740,0.31000000,0
1531183289092,1531183289092,3708705,0.00058730,68.29000000,0
1531183333231,1531183333230,3708706,0.00058710,1.05000000,0
1531183336229,1531183336230,3708707,0.00058730,0.01000000,0
1531183337290,1531183337288,3708708,0.00058730,0.29000000,0
1531183515763,1531183515763,3708709,0.00058720,0.24000000,0
1531183563967,1531183563966,3708710,0.00058720,33.22000000,0
1531183569394,1531183569393,3708711,0.00058720,3.25000000,0
1531183572830,1531183572828,3708712,0.00058720,14.13000000,0
1531183576031,1531183576025,3708713,0.00058740,12.62000000,0
1531183583169,1531183583169,3708714,0.00058740,0.04000000,0
1531183592407,1531183592405,3708715,0.00058740,0.63000000,0
1531183800042,1531183800040,3708716,0.00058740,15.99000000,0
1531183800538,1531183800535,3708717,0.00058740,7.87000000,0
1531183846951,1531183846949,3708718,0.00058740,1.02000000,0
1531183882872,1531183882870,3708719,0.00058740,29.41000000,0
1531184018697,1531184018694,3708720,0.00058740,10.54000000,0
1531184072281,1531184072278,3708721,0.00058630,6.00000000,1
1531184072281,1531184072278,3708722,0.00058620,13.61000000,1
1531184072281,1531184072278,3708723,0.00058360,114.38000000,1
1531184072296,1531184072293,3708724,0.00058360,287.45000000,0
1531184072298,1531184072295,3708725,0.00058360,17.13000000,0
1531184072298,1531184072296,3708726,0.00058360,235.86000000,0
1531184072300,1531184072298,3708727,0.00058360,60.12000000,0
1531184072306,1531184072303,3708728,0.00058360,74.77000000,0
1531184072307,1531184072305,3708729,0.00058360,130.70000000,0
1531184078774,1531184078772,3708730,0.00058350,23.12000000,1
1531184078774,1531184078772,3708731,0.00058270,6.85000000,1
1531184078774,1531184078772,3708732,0.00058200,122.10000000,1
1531184078799,1531184078797,3708733,0.00058200,412.02000000,0
1531184078811,1531184078808,3708734,0.00058200,60.51000000,0
1531184078817,1531184078814,3708735,0.00058200,315.43000000,0
1531184085831,1531184085829,3708736,0.00058510,1.48000000,0
1531184085851,1531184085848,3708737,0.00058510,0.89000000,0
1531184085925,1531184085922,3708738,0.00058510,11.26000000,0
1531184098771,1531184098767,3708739,0.00058560,3.60000000,0
1531184112029,1531184112027,3708740,0.00058550,0.83000000,0
1531184112157,1531184112155,3708741,0.00058550,1.72000000,0
1531184112394,1531184112393,3708742,0.00058550,1.72000000,0
1531184112634,1531184112632,3708743,0.00058550,1.72000000,0
1531184117352,1531184117351,3708744,0.00058560,3.25000000,0
1531184117378,1531184117376,3708745,0.00058630,113.39000000,0
1531184117378,1531184117376,3708746,0.00058640,19.98000000,0
1531184117401,1531184117400,3708747,0.00058640,110.72000000,0
1531184117401,1531184117400,3708748,0.00058740,11.18000000,0
1531184117430,1531184117430,3708749,0.00058740,2.76000000,0
1531184118850,1531184118848,3708750,0.00058740,2.01000000,0
1531184119376,1531184119374,3708751,0.00058680,12.00000000,0
1531184303302,1531184303299,3708752,0.00058440,13.65000000,1
1531184303302,1531184303299,3708753,0.00058190,2.37000000,1
1531184303302,1531184303299,3708754,0.00058180,10.00000000,1
1531184303302,1531184303299,3708755,0.00058140,9.44000000,1
1531184303302,1531184303299,3708756,0.00058120,4.54000000,1
1531184309883,1531184309878,3708757,0.00058490,10.00000000,0
1531184340967,1531184340965,3708758,0.00058250,13.70000000,1
1531184340967,1531184340965,3708759,0.00058120,2.60000000,1
1531184358101,1531184358098,3708760,0.00058360,0.82000000,0
1531184358136,1531184358135,3708761,0.00058360,1.10000000,0
1531184358347,1531184358345,3708762,0.00058360,7.52000000,0
1531184359241,1531184359236,3708763,0.00058210,2.40000000,1
1531184359591,1531184359588,3708764,0.00058400,13.66000000,0
1531184359591,1531184359588,3708765,0.00058500,4.77000000,0
1531184363808,1531184363805,3708766,0.00058360,10.52000000,0
1531184371814,1531184371812,3708767,0.00058340,2.37000000,0
1531184391845,1531184391843,3708768,0.00058270,4.34000000,1
1531184391886,1531184391883,3708769,0.00058270,14.02000000,0
1531184546354,1531184546350,3708770,0.00058450,0.35000000,0
1531184610608,1531184610604,3708771,0.00058280,4.15000000,1
1531184749541,1531184749533,3708772,0.00058260,13.69000000,1
1531184749541,1531184749533,3708773,0.00058120,136.73000000,1
1531184749541,1531184749533,3708774,0.00058100,24.79000000,1
1531184749541,1531184749533,3708775,0.00058070,1.88000000,1
1531184749541,1531184749533,3708776,0.00058040,10.32000000,1
1531184749541,1531184749533,3708777,0.00058010,15.00000000,1
1531184749541,1531184749533,3708778,0.00058000,18.98000000,1
1531184749541,1531184749533,3708779,0.00057980,1.90000000,1
1531184749541,1531184749533,3708780,0.00057930,8.72000000,1
1531184749541,1531184749533,3708781,0.00057900,10.00000000,1
1531184749541,1531184749533,3708782,0.00057880,1.73000000,1
1531184749541,1531184749533,3708783,0.00057840,4.59000000,1
1531184749541,1531184749533,3708784,0.00057830,30.67000000,1
1531184749564,1531184749561,3708785,0.00058000,5.00000000,0
1531184749568,1531184749563,3708786,0.00058010,69.00000000,0
1531184749568,1531184749563,3708787,0.00058070,51.15000000,0
1531184749593,1531184749590,3708788,0.00058070,27.75000000,0
1531184749602,1531184749597,3708789,0.00058450,4.15000000,0
1531184749602,1531184749597,3708790,0.00058460,3.19000000,0
1531184749602,1531184749597,3708791,0.00058490,13.64000000,0
1531184749602,1531184749597,3708792,0.00058500,2.75000000,0
1531184749602,1531184749597,3708793,0.00058540,17.62000000,0
1531184749602,1531184749597,3708794,0.00058580,4.30000000,0
1531184749602,1531184749597,3708795,0.00058590,2.00000000,0
1531184749602,1531184749597,3708796,0.00058620,9.02000000,0
1531184749602,1531184749597,3708797,0.00058670,12.33000000,0
1531184751684,1531184751680,3708798,0.00058270,11.33000000,0
1531184753732,1531184753727,3708799,0.00058090,46.75000000,1
1531184767648,1531184767645,3708800,0.00058290,53.93000000,0
1531184782828,1531184782824,3708801,0.00058160,1.74000000,1
1531184783146,1531184783142,3708802,0.00058160,1.74000000,1
1531184802687,1531184802683,3708803,0.00058170,1.91000000,1
1531184802740,1531184802737,3708804,0.00058170,0.09000000,1
1531184804452,1531184804447,3708805,0.00058170,8.60000000,0
1531184858895,1531184858891,3708806,0.00058170,50.00000000,0
1531184859784,1531184859780,3708807,0.00058170,99.85000000,0
1531184860538,1531184860533,3708808,0.00058280,0.89000000,0
1531184860622,1531184860618,3708809,0.00058280,1.48000000,0
1531184860842,1531184860839,3708810,0.00058280,1.46000000,0
1531184881080,1531184881077,3708811,0.00058260,1.30000000,0
1531184893296,1531184893293,3708812,0.00058260,58.18000000,0
1531184895567,1531184895562,3708813,0.00058270,10.32000000,0
1531184915289,1531184915285,3708814,0.00058160,8.37000000,1
1531184915613,1531184915610,3708815,0.00058160,47.83000000,0
1531184915695,1531184915690,3708816,0.00058160,76.10000000,0
1531184918435,1531184918431,3708817,0.00058300,10.00000000,0
1531184921678,1531184921673,3708818,0.00058300,3.68000000,0
1531184968376,1531184968371,3708819,0.00058070,13.74000000,1
1531184968376,1531184968371,3708820,0.00057880,2.44000000,1
1531184969404,1531184969401,3708821,0.00058380,0.14000000,0
1531184969643,1531184969638,3708822,0.00058380,1.73000000,0
1531184969888,1531184969883,3708823,0.00058380,1.73000000,0
1531184970152,1531184970148,3708824,0.00058380,1.40000000,0
1531184970152,1531184970148,3708825,0.00058390,0.33000000,0
1531184971090,1531184971087,3708826,0.00058380,5.19000000,0
1531184971194,1531184971189,3708827,0.00058390,5.00000000,0
1531184974114,1531184974110,3708828,0.00058380,5.57000000,0
1531184974294,1531184974289,3708829,0.00058380,1.43000000,0
1531184974294,1531184974289,3708830,0.00058390,3.57000000,0
1531184977108,1531184977104,3708831,0.00058290,0.01000000,0
1531184977351,1531184977348,3708832,0.00058290,1.73000000,0
1531184977448,1531184977444,3708833,0.00058290,1.73000000,0
1531184977598,1531184977593,3708834,0.00058290,1.53000000,0
1531184977598,1531184977593,3708835,0.00058300,0.20000000,0
1531184979689,1531184979686,3708836,0.00058290,4.69000000,0
1531184979952,1531184979948,3708837,0.00058300,4.50000000,0
1531184981693,1531184981688,3708838,0.00058290,5.00000000,0
1531184981998,1531184981994,3708839,0.00058300,5.00000000,0
1531184982705,1531184982702,3708840,0.00058290,5.00000000,0
1531184983019,1531184983013,3708841,0.00058300,3.98000000,0
1531184983019,1531184983013,3708842,0.00058410,1.02000000,0
1531185037386,1531185037381,3708843,0.00058400,2.44000000,0
1531185037393,1531185037388,3708844,0.00058400,1.06000000,0
1531185037397,1531185037392,3708845,0.00058410,6.51000000,0
1531185037662,1531185037657,3708846,0.00058480,3.50000000,0
1531185043681,1531185043678,3708847,0.00058410,0.05000000,0
1531185043810,1531185043805,3708848,0.00058410,1.72000000,0
1531185044088,1531185044084,3708849,0.00058410,0.23000000,0
1531185044088,1531185044084,3708850,0.00058420,1.49000000,0
1531185115966,1531185115962,3708851,0.00058390,18.80000000,0
1531185115992,1531185115988,3708852,0.00058390,35.97000000,1
1531185367376,1531185367369,3708853,0.00058390,2.44000000,1
1531185367387,1531185367384,3708854,0.00058390,5.92000000,1
1531185406588,1531185406582,3708855,0.00058400,0.22000000,0
1531185419945,1531185419939,3708856,0.00058400,0.07000000,0
1531185563749,1531185563741,3708857,0.00058200,2.00000000,1
1531185563749,1531185563741,3708858,0.00058190,10.31000000,1
1531185563749,1531185563741,3708859,0.00058180,13.71000000,1
1531185563749,1531185563741,3708860,0.00058010,7.57000000,1
1531185563749,1531185563741,3708861,0.00057820,15.20000000,1
1531185563749,1531185563741,3708862,0.00057800,25.24000000,1
1531185563749,1531185563741,3708863,0.00057780,10.00000000,1
1531185563749,1531185563741,3708864,0.00057760,7.43000000,1
1531185563749,1531185563741,3708865,0.00057740,2.59000000,1
1531185563749,1531185563741,3708866,0.00057720,17.86000000,1
1531185565409,1531185565402,3708867,0.00057770,0.09000000,1
1531185571142,1531185571138,3708868,0.00058080,10.00000000,0
1531185571755,1531185571749,3708869,0.00058080,3.74000000,0
1531185573896,1531185573892,3708870,0.00058040,7.43000000,0
1531185579982,1531185579976,3708871,0.00058170,1.30000000,0
1531185597091,1531185597085,3708872,0.00057940,13.77000000,1
1531185597091,1531185597085,3708873,0.00057720,0.89000000,1
1531185602239,1531185602234,3708874,0.00058130,1.73000000,0
1531185604696,1531185604691,3708875,0.00058130,0.95000000,0
1531185611475,1531185611469,3708876,0.00057910,2.41000000,1
1531185625970,1531185625965,3708877,0.00057890,13.78000000,1
1531185625970,1531185625965,3708878,0.00057720,1.24000000,1
1531185637678,1531185637672,3708879,0.00058030,0.04000000,0
1531185637763,1531185637757,3708880,0.00058030,13.71000000,0
1531185640755,1531185640747,3708881,0.00058040,9.50000000,0
1531185645756,1531185645752,3708882,0.00058030,2.94000000,0
1531185645917,1531185645911,3708883,0.00058030,1.74000000,0
1531185646170,1531185646164,3708884,0.00058030,0.70000000,0
1531185646170,1531185646164,3708885,0.00058040,1.04000000,0
1531185646434,1531185646428,3708886,0.00058040,1.34000000,0
1531185646434,1531185646428,3708887,0.00058150,0.40000000,0
1531185653217,1531185653211,3708888,0.00057810,3.72000000,1
1531185653217,1531185653211,3708889,0.00057800,11.83000000,1
1531185784784,1531185784777,3708890,0.00057810,5.00000000,1
1531185830090,1531185830083,3708891,0.00058140,0.02000000,0
1531185908639,1531185908632,3708892,0.00058140,4.98000000,0
1531185908639,1531185908632,3708893,0.00058150,1.02000000,0
1531185914500,1531185914494,3708894,0.00058150,0.05000000,0
1531185954882,1531185954876,3708895,0.00058120,12.47000000,0
1531186437650,1531186437643,3708896,0.00058050,0.39000000,0
1531186440680,1531186440675,3708897,0.00058050,0.01000000,0
1531186486446,1531186486440,3708898,0.00058050,2.19000000,0
1531186486446,1531186486440,3708899,0.00058070,0.90000000,0
1531186512975,1531186512969,3708900,0.00058070,0.01000000,0
1531186546897,1531186546891,3708901,0.00058070,0.23000000,0
1531186575357,1531186575352,3708902,0.00058070,2.00000000,0
1531186648463,1531186648458,3708903,0.00058070,0.30000000,0
1531186688523,1531186688516,3708904,0.00058070,4.14000000,0
1531186688523,1531186688516,3708905,0.00058120,12.26000000,0
1531186688523,1531186688516,3708906,0.00058160,3.21000000,0
1531186688523,1531186688516,3708907,0.00058190,107.13000000,0
1531186688548,1531186688542,3708908,0.00058190,22.97000000,0
1531186688551,1531186688544,3708909,0.00058190,0.04000000,0
1531186688551,1531186688544,3708910,0.00058220,3.80000000,0
1531186688551,1531186688544,3708911,0.00058280,4.32000000,0
1531186688551,1531186688544,3708912,0.00058400,82.64000000,0
1531186688578,1531186688574,3708913,0.00058480,2.13000000,0
1531186688579,1531186688574,3708914,0.00058480,2.20000000,0
1531186688714,1531186688708,3708915,0.00058480,4.49000000,0
1531186688722,1531186688717,3708916,0.00058480,4.46000000,0
1531186689033,1531186689027,3708917,0.00058400,4.49000000,1
1531186689037,1531186689032,3708918,0.00058400,14.02000000,1
1531186689113,1531186689107,3708919,0.00058480,7.46000000,0
1531186689127,1531186689122,3708920,0.00058480,4.96000000,0
1531186689180,1531186689175,3708921,0.00058480,2.51000000,1
1531186689180,1531186689175,3708922,0.00058400,3.69000000,1
1531186689360,1531186689354,3708923,0.00058400,54.95000000,1
1531186689660,1531186689655,3708924,0.00058520,1.98000000,0
1531186691539,1531186691534,3708925,0.00058480,1.98000000,1
1531186693913,1531186693908,3708926,0.00058480,12.94000000,1
1531186728341,1531186728334,3708927,0.00058380,0.09000000,1
1531186753937,1531186753932,3708928,0.00058380,10.92000000,1
1531186754913,1531186754908,3708929,0.00058380,2.66000000,1
1531186781749,1531186781744,3708930,0.00058410,0.22000000,0
1531186809816,1531186809811,3708931,0.00058410,0.31000000,0
1531187022438,1531187022419,3708932,0.00058410,13.13000000,0
1531187023095,1531187023090,3708933,0.00058410,3.87000000,1
1531187074443,1531187074437,3708934,0.00058520,0.17000000,0
1531187167934,1531187167928,3708935,0.00058510,0.02000000,0
1531187250794,1531187250789,3708936,0.00058310,2.01000000,1
1531187361024,1531187361019,3708937,0.00058500,0.50000000,0
1531187375116,1531187375111,3708938,0.00058300,1.51000000,1
1531187488472,1531187488465,3708939,0.00058500,3.50000000,0
1531187488472,1531187488465,3708940,0.00058510,13.61000000,0
1531187488472,1531187488465,3708941,0.00058520,5.69000000,0
1531187488472,1531187488465,3708942,0.00058640,23.66000000,0
1531187488472,1531187488465,3708943,0.00058670,2.05000000,0
1531187488472,1531187488465,3708944,0.00058770,14.22000000,0
1531187488472,1531187488465,3708945,0.00058800,15.87000000,0
1531187488472,1531187488465,3708946,0.00058890,233.09000000,0
1531187488472,1531187488465,3708947,0.00058940,188.31000000,0
1531187488639,1531187488634,3708948,0.00058940,3.50000000,0
1531187488650,1531187488646,3708949,0.00058940,2.97000000,0
1531187572530,1531187572525,3708950,0.00058610,20.25000000,1
1531187692400,1531187692393,3708951,0.00058760,12.29000000,0
1531187692400,1531187692393,3708952,0.00058800,11.17000000,0
1531187692400,1531187692393,3708953,0.00058900,52.24000000,0
1531187692400,1531187692393,3708954,0.00058910,10.40000000,0
1531187692400,1531187692393,3708955,0.00058970,13.90000000,0
1531187802693,1531187802689,3708956,0.00058970,1.82000000,0
1531187802693,1531187802689,3708957,0.00058990,6.18000000,0
1531187810212,1531187810206,3708958,0.00058990,0.47000000,0
1531187810212,1531187810206,3708959,0.00059020,5.18000000,0
1531187810212,1531187810206,3708960,0.00059040,2.00000000,0
1531187810212,1531187810206,3708961,0.00059120,3.39000000,0
1531187810212,1531187810206,3708962,0.00059140,5.91000000,0
1531187812476,1531187812473,3708963,0.00059120,30.41000000,0
1531187818967,1531187818963,3708964,0.00058810,14.67000000,1
1531187847746,1531187847742,3708965,0.00058810,35.58000000,1
1531188089565,1531188089562,3708966,0.00059000,52.23000000,1
1531188091182,1531188091178,3708967,0.00059000,32.26000000,1
1531188106680,1531188106676,3708968,0.00059000,0.58000000,1
1531188185715,1531188185711,3708969,0.00059030,10.42000000,0
1531188185715,1531188185711,3708970,0.00059100,6.52000000,0
1531188388035,1531188388032,3708971,0.00059000,42.22000000,1
1531188388778,1531188388773,3708972,0.00059000,15.42000000,1
1531188420273,1531188420268,3708973,0.00059000,2.37000000,1
1531188481137,1531188481132,3708974,0.00059000,11.97000000,1
1531188481219,1531188481216,3708975,0.00059000,236.23000000,1
1531188482329,1531188482326,3708976,0.00058900,13.54000000,1
1531188486040,1531188486037,3708977,0.00058560,3.15000000,1
1531188520902,1531188520898,3708978,0.00058560,10.47000000,1
1531188523907,1531188523902,3708979,0.00058540,0.60000000,1
1531188597794,1531188597789,3708980,0.00058540,0.26000000,1
1531188606742,1531188606737,3708981,0.00058540,6.81000000,1
1531188606742,1531188606737,3708982,0.00058420,10.40000000,1
1531188627667,1531188627666,3708983,0.00058710,5.78000000,0
1531189045184,1531189045182,3708984,0.00058430,0.16000000,1
1531189213437,1531189213434,3708985,0.00058550,0.42000000,1
1531189356939,1531189356934,3708986,0.00058430,0.03000000,1
1531189411864,1531189411861,3708987,0.00058430,0.04000000,1
1531189476931,1531189476928,3708988,0.00058480,0.09000000,1
1531189493245,1531189493243,3708989,0.00058500,24.66000000,1
1531189493426,1531189493424,3708990,0.00058550,29.91000000,0
1531189613397,1531189613392,3708991,0.00058540,24.66000000,0
1531189613397,1531189613392,3708992,0.00058550,60.34000000,0
1531189613397,1531189613392,3708993,0.00058600,4.74000000,0
1531189613397,1531189613392,3708994,0.00058630,13.61000000,0
1531189613397,1531189613392,3708995,0.00058710,7.66000000,0
1531189613397,1531189613392,3708996,0.00058860,4.64000000,0
1531189613397,1531189613392,3708997,0.00058950,7.67000000,0
1531189613397,1531189613392,3708998,0.00059130,50.01000000,0
1531189738155,1531189738150,3708999,0.00058550,29.52000000,1
1531189824138,1531189824133,3709000,0.00058550,4.27000000,1
1531189824138,1531189824133,3709001,0.00058540,21.24000000,1
1531189824138,1531189824133,3709002,0.00058450,54.59000000,1
1531189868850,1531189868847,3709003,0.00058510,7.34000000,0
1531189897024,1531189897021,3709004,0.00058440,13.65000000,1
1531189897516,1531189897514,3709005,0.00058420,144.40000000,0
1531190060978,1531190060976,3709006,0.00058570,0.04000000,0
1531190130323,1531190130318,3709007,0.00058440,1.15000000,1
1531190133910,1531190133907,3709008,0.00058440,0.89000000,1
1531190175451,1531190175449,3709009,0.00058480,0.65000000,1
1531190210753,1531190210750,3709010,0.00058400,5.81000000,1
1531190297613,1531190297609,3709011,0.00058570,3.26000000,0
1531190306644,1531190306641,3709012,0.00058570,8.35000000,0
1531190314926,1531190314923,3709013,0.00058400,0.81000000,1
1531190376887,1531190376883,3709014,0.00058570,8.35000000,0
1531190416255,1531190416252,3709015,0.00058570,8.35000000,0
1531190444635,1531190444634,3709016,0.00058490,1.01000000,1
1531190488051,1531190488047,3709017,0.00058570,0.02000000,0
1531190640651,1531190640648,3709018,0.00058570,3.90000000,0
1531190667292,1531190667289,3709019,0.00058500,0.03000000,1
1531190688454,1531190688450,3709020,0.00058570,5.44000000,0
1531190837267,1531190837263,3709021,0.00058570,7.88000000,0
1531190879577,1531190879574,3709022,0.00058400,1.01000000,1
1531191039034,1531191039033,3709023,0.00058410,2.44000000,1
1531191049425,1531191049421,3709024,0.00058410,65.63000000,1
1531191050896,1531191050892,3709025,0.00058410,78.77000000,1
1531191087842,1531191087839,3709026,0.00058450,2.49000000,1
1531191131393,1531191131389,3709027,0.00058540,2.54000000,0
1531191131393,1531191131389,3709028,0.00058640,14.54000000,0
1531191137746,1531191137742,3709029,0.00058640,22.74000000,0
1531191213770,1531191213767,3709030,0.00058410,1.88000000,1
1531191358328,1531191358324,3709031,0.00058410,37.43000000,1
1531191358328,1531191358324,3709032,0.00058400,21.67000000,1
1531191559540,1531191559536,3709033,0.00058560,81.39000000,0
1531191596915,1531191596911,3709034,0.00058400,20.23000000,1
1531191596915,1531191596911,3709035,0.00058350,13.67000000,1
1531191596915,1531191596911,3709036,0.00058310,214.62000000,1
1531191596915,1531191596911,3709037,0.00058300,391.48000000,1
1531191652503,1531191652498,3709038,0.00058310,5.00000000,1
1531191652748,1531191652734,3709039,0.00058300,5.00000000,1
1531191688692,1531191688690,3709040,0.00058310,0.01000000,0
1531191693188,1531191693184,3709041,0.00058300,8.67000000,1
1531191736850,1531191736845,3709042,0.00058420,49.62000000,0
1531191918556,1531191918555,3709043,0.00058430,6.83000000,1
1531191960585,1531191960582,3709044,0.00058420,0.27000000,1
1531192109389,1531192109385,3709045,0.00058600,6.83000000,0
1531192156507,1531192156502,3709046,0.00058600,0.28000000,1
1531192168957,1531192168953,3709047,0.00058600,4.96000000,1
1531192172001,1531192171998,3709048,0.00058490,0.81000000,1
1531192299934,1531192299931,3709049,0.00058490,12.83000000,1
1531192299934,1531192299931,3709050,0.00058300,393.34000000,1
1531192312550,1531192312547,3709051,0.00058550,13.63000000,0
1531192335090,1531192335086,3709052,0.00058610,15.02000000,0
1531192351063,1531192351059,3709053,0.00058700,13.59000000,0
1531192383030,1531192383025,3709054,0.00058880,4.27000000,0
1531192383089,1531192383087,3709055,0.00058880,11.96000000,1
1531192383090,1531192383087,3709056,0.00058880,92.33000000,1
1531192386194,1531192386190,3709057,0.00058650,11.96000000,1
1531192410709,1531192410705,3709058,0.00058700,11.12000000,1
1531192410709,1531192410705,3709059,0.00058650,1.64000000,1
1531192410709,1531192410705,3709060,0.00058610,53.56000000,1
1531192410709,1531192410705,3709061,0.00058260,6.85000000,1
1531192410709,1531192410705,3709062,0.00058190,8.13000000,1
1531192450847,1531192450844,3709063,0.00058240,11.96000000,0
1531192450848,1531192450844,3709064,0.00058240,1.86000000,0
1531192452410,1531192452407,3709065,0.00058240,44.55000000,0
1531192460552,1531192460547,3709066,0.00058260,3.48000000,1
1531192477126,1531192477121,3709067,0.00058350,3.48000000,1
1531192504963,1531192504959,3709068,0.00058580,2.96000000,0
1531192505058,1531192505053,3709069,0.00058580,10.66000000,0
1531192514861,1531192514860,3709070,0.00058710,2.27000000,0
1531192595120,1531192595115,3709071,0.00058700,11.02000000,0
1531192606982,1531192606978,3709072,0.00058710,10.00000000,0
1531192646946,1531192646940,3709073,0.00058470,0.26000000,1
1531192745176,1531192745171,3709074,0.00058470,0.23000000,1
1531192867516,1531192867512,3709075,0.00058700,15.36000000,0
1531192996772,1531192996767,3709076,0.00058470,0.03000000,1
1531193027237,1531193027232,3709077,0.00058470,0.05000000,1
1531193477124,1531193477118,3709078,0.00058610,39.01000000,0
1531193477124,1531193477118,3709079,0.00058620,28.80000000,0
1531193477124,1531193477118,3709080,0.00058710,112.00000000,0
1531193477124,1531193477118,3709081,0.00058820,11.12000000,0
1531193477725,1531193477721,3709082,0.00058820,16.32000000,1
1531193480095,1531193480090,3709083,0.00058710,13.59000000,1
1531193480095,1531193480090,3709084,0.00058190,2.93000000,1
1531193526600,1531193526598,3709085,0.00058200,3.50000000,1
1531193526738,1531193526732,3709086,0.00058200,9.84000000,0
1531193719283,1531193719278,3709087,0.00058280,0.19000000,1
1531193725522,1531193725516,3709088,0.00058280,3.22000000,1
1531193736858,1531193736853,3709089,0.00058280,0.31000000,1
1531193792970,1531193792968,3709090,0.00058330,0.18000000,1
1531193818966,1531193818960,3709091,0.00058790,5.72000000,0
1531193818966,1531193818960,3709092,0.00058800,10.31000000,0
1531193818966,1531193818960,3709093,0.00058850,0.97000000,0
1531193856052,1531193856047,3709094,0.00058840,0.07000000,0
1531193931742,1531193931738,3709095,0.00058240,2.00000000,1
1531193931742,1531193931738,3709096,0.00058230,1.50000000,1
1531194002670,1531194002665,3709097,0.00058300,0.45000000,1
1531194083607,1531194083602,3709098,0.00058320,0.58000000,1
1531194207483,1531194207480,3709099,0.00058310,0.05000000,1
1531194255136,1531194255131,3709100,0.00058310,0.61000000,1
1531194330859,1531194330854,3709101,0.00058310,0.02000000,1
1531194557595,1531194557588,3709102,0.00058780,0.42000000,0
1531194745195,1531194745190,3709103,0.00058830,0.64000000,0
1531194861477,1531194861472,3709104,0.00058410,2.00000000,1
1531194964860,1531194964854,3709105,0.00058400,302.26000000,0
1531194964860,1531194964854,3709106,0.00058410,97.74000000,0
1531194999543,1531194999537,3709107,0.00058230,385.24000000,1
1531195193041,1531195193036,3709108,0.00058350,5.00000000,1
1531195264569,1531195264563,3709109,0.00058260,38.48000000,1
1531195303541,1531195303536,3709110,0.00058300,4.29000000,1
1531195306545,1531195306539,3709111,0.00058300,2.00000000,1
1531195309579,1531195309574,3709112,0.00058200,76.91000000,1
1531195312590,1531195312584,3709113,0.00058190,25.42000000,1
1531195315611,1531195315605,3709114,0.00058210,2.00000000,1
1531195315611,1531195315605,3709115,0.00058180,10.36000000,1
1531195318626,1531195318620,3709116,0.00058130,58.23000000,1
1531195322625,1531195322620,3709117,0.00058090,3.96000000,1
1531195324867,1531195324860,3709118,0.00058060,51.16000000,1
1531195368985,1531195368980,3709119,0.00058040,8.71000000,1
1531195389380,1531195389373,3709120,0.00058040,1.92000000,1
1531195403520,1531195403513,3709121,0.00058300,0.08000000,0
1531195546238,1531195546231,3709122,0.00058040,7.94000000,1
1531195726462,1531195726456,3709123,0.00058190,5.45000000,0
1531195729453,1531195729448,3709124,0.00058190,0.01000000,0
1531195811246,1531195811240,3709125,0.00058040,16.43000000,1
1531195813167,1531195813163,3709126,0.00058030,63.86000000,0
1531195856751,1531195856745,3709127,0.00058010,105.53000000,1
1531196020029,1531196020024,3709128,0.00058030,1.72000000,0
1531196022378,1531196022374,3709129,0.00058010,6.99000000,1
1531196025075,1531196025067,3709130,0.00058030,49.95000000,0
1531196026006,1531196025999,3709131,0.00058050,7.58000000,0
1531196051338,1531196051332,3709132,0.00058170,9.10000000,0
1531196092207,1531196092202,3709133,0.00058330,2.00000000,0
1531196092734,1531196092729,3709134,0.00058340,2.00000000,0
1531196094285,1531196094280,3709135,0.00058340,5.00000000,0
1531196094725,1531196094721,3709136,0.00058350,5.00000000,0
1531196096112,1531196096094,3709137,0.00058340,5.00000000,0
1531196096739,1531196096735,3709138,0.00058350,5.00000000,0
1531196098195,1531196098190,3709139,0.00058340,5.00000000,0
1531196099482,1531196099476,3709140,0.00058350,5.09000000,0
1531196099738,1531196099734,3709141,0.00058360,5.00000000,0
1531196101206,1531196101201,3709142,0.00058360,1.30000000,0
1531196101802,1531196101795,3709143,0.00058360,4.62000000,0
1531196397866,1531196397860,3709144,0.00058350,0.14000000,0
1531196398608,1531196398603,3709145,0.00058350,1.73000000,0
1531196399605,1531196399600,3709146,0.00058350,1.73000000,0
1531196400593,1531196400588,3709147,0.00058350,1.40000000,0
1531196400593,1531196400588,3709148,0.00058360,0.33000000,0
1531196473553,1531196473549,3709149,0.00058360,0.06000000,0
1531196695121,1531196695116,3709150,0.00058360,0.01000000,0
1531197326726,1531197326725,3709151,0.00058150,0.55000000,0
1531197345183,1531197345182,3709152,0.00058150,36.72000000,0
1531197347871,1531197347867,3709153,0.00058150,0.47000000,0
1531197351025,1531197351021,3709154,0.00058150,0.28000000,0
1531197351045,1531197351041,3709155,0.00058010,68.89000000,1
1531197379450,1531197379445,3709156,0.00058010,18.41000000,1
1531197429237,1531197429234,3709157,0.00058150,2.12000000,0
1531197432266,1531197432260,3709158,0.00058150,0.01000000,0
1531197513687,1531197513682,3709159,0.00058150,0.01000000,0
1531197538900,1531197538895,3709160,0.00058150,37.77000000,0
1531197546347,1531197546343,3709161,0.00058160,64.92000000,1
1531197728782,1531197728777,3709162,0.00058260,0.46000000,0
1531197731800,1531197731797,3709163,0.00058260,0.01000000,0
1531197836563,1531197836558,3709164,0.00058260,3.51000000,0
1531197839705,1531197839701,3709165,0.00058260,0.94000000,0
1531197842737,1531197842733,3709166,0.00058260,0.01000000,0
1531197895408,1531197895406,3709167,0.00058260,0.03000000,0
1531197992786,1531197992783,3709168,0.00058260,6.00000000,0
1531198082621,1531198082617,3709169,0.00058360,0.50000000,0
1531198082642,1531198082639,3709170,0.00058270,4.82000000,1
1531198371397,1531198371393,3709171,0.00058360,0.01000000,0
1531198421560,1531198421555,3709172,0.00058360,25.65000000,0
1531198421763,1531198421758,3709173,0.00058470,10.00000000,0
1531198435138,1531198435132,3709174,0.00058390,139.67000000,1
1531198455140,1531198455135,3709175,0.00058390,2.40000000,1
1531198532056,1531198532052,3709176,0.00058400,7.91000000,1
1531198587768,1531198587762,3709177,0.00058470,0.36000000,0
1531198587768,1531198587762,3709178,0.00058540,2.05000000,0
1531198587768,1531198587762,3709179,0.00058590,4.29000000,0
1531198587768,1531198587762,3709180,0.00058620,13.10000000,0
1531198587768,1531198587762,3709181,0.00058670,15.90000000,0
1531198587768,1531198587762,3709182,0.00058820,51.16000000,0
1531198587768,1531198587762,3709183,0.00058830,10.10000000,0
1531198587768,1531198587762,3709184,0.00058850,2.43000000,0
1531198587788,1531198587785,3709185,0.00058910,10.00000000,1
1531198587790,1531198587788,3709186,0.00058910,7.59000000,1
1531198597896,1531198597891,3709187,0.00058900,2.00000000,0
1531198605769,1531198605765,3709188,0.00058900,2.00000000,0
1531198623338,1531198623333,3709189,0.00058930,2.19000000,0
1531198733542,1531198733538,3709190,0.00058930,2.19000000,0
1531198733542,1531198733538,3709191,0.00058940,13.54000000,0
1531198733542,1531198733538,3709192,0.00058950,15.72000000,0
1531198733572,1531198733570,3709193,0.00059000,42.62000000,1
1531198733720,1531198733716,3709194,0.00059000,32.54000000,1
1531198733824,1531198733819,3709195,0.00059000,17.45000000,1
1531198734465,1531198734459,3709196,0.00059000,45.76000000,1
1531198734513,1531198734509,3709197,0.00059010,2.00000000,0
1531198789977,1531198789976,3709198,0.00059000,55.85000000,1
1531198834899,1531198834895,3709199,0.00058980,2.00000000,0
1531198835250,1531198835246,3709200,0.00058980,1.50000000,0
1531198835250,1531198835246,3709201,0.00058990,0.50000000,0
1531198836253,1531198836248,3709202,0.00059000,1.71000000,0
1531198882495,1531198882490,3709203,0.00058640,0.26000000,1
1531198997660,1531198997656,3709204,0.00058760,17.01000000,0
1531199013636,1531199013631,3709205,0.00058760,40.02000000,0
1531199062946,1531199062942,3709206,0.00058990,0.28000000,0
1531199063983,1531199063980,3709207,0.00058990,1.71000000,0
1531199064986,1531199064984,3709208,0.00058990,1.71000000,0
1531199065975,1531199065971,3709209,0.00058990,1.51000000,0
1531199065975,1531199065971,3709210,0.00059000,0.20000000,0
1531199135632,1531199135625,3709211,0.00058710,2.00000000,1
1531199135632,1531199135625,3709212,0.00058590,4.27000000,1
1531199136203,1531199136199,3709213,0.00058590,11.96000000,0
1531199172103,1531199172099,3709214,0.00058590,0.02000000,1
1531199293145,1531199293143,3709215,0.00058590,2.99000000,1
1531199336027,1531199336024,3709216,0.00058590,0.01000000,1
1531199656626,1531199656623,3709217,0.00058620,66.34000000,1
1531199729772,1531199729766,3709218,0.00058600,0.31000000,1
1531199829097,1531199829095,3709219,0.00058610,0.04000000,1
1531199883789,1531199883782,3709220,0.00058610,47.08000000,1
1531199883789,1531199883782,3709221,0.00058600,17.54000000,1
1531199883789,1531199883782,3709222,0.00058590,70.45000000,1
1531199883789,1531199883782,3709223,0.00058360,5.13000000,1
1531199883789,1531199883782,3709224,0.00058330,7.70000000,1
1531199883789,1531199883782,3709225,0.00058290,28.94000000,1
1531199883789,1531199883782,3709226,0.00058270,76.45000000,1
1531199883789,1531199883782,3709227,0.00058250,307.37000000,1
1531199883809,1531199883805,3709228,0.00058250,10.00000000,0
1531199883810,1531199883806,3709229,0.00058250,13.71000000,0
1531199883813,1531199883810,3709230,0.00058250,13.86000000,0
1531199883818,1531199883815,3709231,0.00058250,8.58000000,0
1531199883818,1531199883815,3709232,0.00058250,73.06000000,0
1531199883865,1531199883866,3709233,0.00058230,3.46000000,1
1531199887948,1531199887943,3709234,0.00058210,10.00000000,1
1531199888030,1531199888024,3709235,0.00058210,11.96000000,1
1531199900754,1531199900752,3709236,0.00058210,19.90000000,1
1531199954448,1531199954443,3709237,0.00058200,8.68000000,1
1531199960828,1531199960821,3709238,0.00058200,23.03000000,1
1531199960829,1531199960821,3709239,0.00058110,56.75000000,1
1531199960829,1531199960821,3709240,0.00058060,31.71000000,1
1531199960829,1531199960821,3709241,0.00058000,200.00000000,1
1531199960829,1531199960821,3709242,0.00057990,6.88000000,1
1531199960829,1531199960821,3709243,0.00057960,3.97000000,1
1531199960829,1531199960821,3709244,0.00057860,3.90000000,1
1531199960829,1531199960821,3709245,0.00057830,734.67000000,1
1531199960829,1531199960821,3709246,0.00057810,94.90000000,1
1531199960844,1531199960840,3709247,0.00057810,331.74000000,0
1531199960847,1531199960847,3709248,0.00057810,61.13000000,0
1531199960851,1531199960847,3709249,0.00057810,37.64000000,0
1531199960854,1531199960849,3709250,0.00057810,331.74000000,0
1531199960856,1531199960854,3709251,0.00057810,17.29000000,0
1531199960856,1531199960854,3709252,0.00057810,37.87000000,0
1531199960857,1531199960854,3709253,0.00057810,211.63000000,0
1531199960878,1531199960878,3709254,0.00057810,6.87000000,0
1531199960919,1531199960918,3709255,0.00057810,38.00000000,0
1531199960964,1531199960962,3709256,0.00057800,27.67000000,1
1531199960967,1531199960963,3709257,0.00057800,5.79000000,1
1531199960968,1531199960963,3709258,0.00057800,27.67000000,1
1531199961408,1531199961404,3709259,0.00057810,2.46000000,0
1531199962373,1531199962371,3709260,0.00057800,9.63000000,1
1531199962515,1531199962510,3709261,0.00057630,7.37000000,1
1531199963438,1531199963436,3709262,0.00057640,76.45000000,0
1531199963636,1531199963631,3709263,0.00057800,1.57000000,0
1531199963729,1531199963727,3709264,0.00057630,68.68000000,1
1531199963753,1531199963749,3709265,0.00057800,1.01000000,0
1531199964074,1531199964070,3709266,0.00057630,37.64000000,1
1531199964650,1531199964648,3709267,0.00057790,28.78000000,0
1531199964735,1531199964731,3709268,0.00057630,3.46000000,1
1531199965623,1531199965619,3709269,0.00057810,0.95000000,0
1531199966717,1531199966714,3709270,0.00057800,36.82000000,0
1531199966831,1531199966828,3709271,0.00057630,5.79000000,1
1531199970708,1531199970702,3709272,0.00057630,18.48000000,1
1531199976564,1531199976561,3709273,0.00057780,28.79000000,0
1531199981930,1531199981927,3709274,0.00057630,16.50000000,1
1531199994490,1531199994484,3709275,0.00057630,2.42000000,1
1531200002702,1531200002697,3709276,0.00057770,3.80000000,0
1531200014448,1531200014445,3709277,0.00057630,1.93000000,1
1531200014869,1531200014869,3709278,0.00057630,3.51000000,1
1531200017857,1531200017852,3709279,0.00057630,7.74000000,1
1531200018455,1531200018453,3709280,0.00057630,92.76000000,0
1531200039276,1531200039272,3709281,0.00057610,1.89000000,1
1531200039276,1531200039272,3709282,0.00057600,2.30000000,1
1531200050626,1531200050621,3709283,0.00057570,8.77000000,1
1531200060322,1531200060320,3709284,0.00057700,4.53000000,0
1531200060322,1531200060320,3709285,0.00057710,20.11000000,0
1531200060322,1531200060320,3709286,0.00057760,2.39000000,0
1531200060866,1531200060862,3709287,0.00057770,15.53000000,1
1531200065471,1531200065469,3709288,0.00057780,4.50000000,0
1531200076158,1531200076153,3709289,0.00057780,1.23000000,0
1531200079452,1531200079447,3709290,0.00057780,18.01000000,0
1531200083312,1531200083306,3709291,0.00057820,7.61000000,0
1531200085395,1531200085392,3709292,0.00057830,331.74000000,0
1531200087310,1531200087301,3709293,0.00057880,3.22000000,0
1531200089456,1531200089454,3709294,0.00057940,9.13000000,0
1531200092160,1531200092155,3709295,0.00057780,140.70000000,1
1531200092160,1531200092155,3709296,0.00057770,316.39000000,1
1531200092160,1531200092155,3709297,0.00057610,20.88000000,1
1531200092160,1531200092155,3709298,0.00057560,439.29000000,1
1531200092160,1531200092155,3709299,0.00057500,10.00000000,1
1531200092160,1531200092155,3709300,0.00057480,40.64000000,1
1531200092160,1531200092155,3709301,0.00057460,3.50000000,1
1531200092160,1531200092155,3709302,0.00057440,3.18000000,1
1531200092160,1531200092155,3709303,0.00057300,69.80000000,1
1531200092160,1531200092155,3709304,0.00057230,4.69000000,1
1531200092160,1531200092155,3709305,0.00057200,25.86000000,1
1531200092180,1531200092177,3709306,0.00057200,17.48000000,0
1531200092182,1531200092179,3709307,0.00057200,224.11000000,0
1531200092185,1531200092180,3709308,0.00057200,60.60000000,0
1531200092195,1531200092194,3709309,0.00057200,25.41000000,0
1531200092199,1531200092194,3709310,0.00057200,224.13000000,0
1531200092201,1531200092194,3709311,0.00057200,11.97000000,0
1531200092219,1531200092220,3709312,0.00057200,36.20000000,0
1531200092234,1531200092230,3709313,0.00057190,8.74000000,1
1531200092234,1531200092230,3709314,0.00057180,51.86000000,1
1531200092256,1531200092254,3709315,0.00057200,52.00000000,0
1531200092453,1531200092448,3709316,0.00057200,1904.47000000,0
1531200092678,1531200092676,3709317,0.00057300,1.01000000,0
1531200093398,1531200093392,3709318,0.00057190,5.13000000,0
1531200093398,1531200093392,3709319,0.00057300,3.86000000,0
1531200095300,1531200095299,3709320,0.00057180,24.40000000,1
1531200095309,1531200095305,3709321,0.00057290,5.13000000,0
1531200095498,1531200095495,3709322,0.00057180,13.56000000,1
1531200095498,1531200095495,3709323,0.00057170,73.47000000,1
1531200095520,1531200095516,3709324,0.00057140,12.94000000,0
1531200095554,1531200095549,3709325,0.00057140,12.94000000,0
1531200096329,1531200096323,3709326,0.00057140,15.14000000,0
1531200097841,1531200097838,3709327,0.00057120,7.86000000,1
1531200097841,1531200097838,3709328,0.00057100,2.58000000,1
1531200098080,1531200098075,3709329,0.00057180,10.44000000,0
1531200098080,1531200098075,3709330,0.00057290,111.75000000,0
1531200098207,1531200098204,3709331,0.00057300,0.27000000,0
1531200099469,1531200099464,3709332,0.00057300,4.86000000,0
1531200100334,1531200100332,3709333,0.00057410,18.30000000,0
1531200100500,1531200100494,3709334,0.00057460,10.51000000,0
1531200100500,1531200100494,3709335,0.00057480,8.28000000,0
1531200102471,1531200102465,3709336,0.00057480,2.46000000,0
1531200104321,1531200104316,3709337,0.00057490,7.85000000,0
1531200104565,1531200104565,3709338,0.00057560,92.47000000,0
1531200106472,1531200106468,3709339,0.00057480,20.11000000,0
1531200107318,1531200107317,3709340,0.00057560,131.66000000,0
1531200109477,1531200109476,3709341,0.00057550,2.00000000,0
1531200115368,1531200115364,3709342,0.00057230,8.84000000,1
1531200120075,1531200120073,3709343,0.00057270,3.50000000,1
1531200120075,1531200120073,3709344,0.00057260,12.19000000,1
1531200120618,1531200120619,3709345,0.00057270,16.41000000,1
1531200121252,1531200121248,3709346,0.00057270,16.61000000,1
1531200123148,1531200123142,3709347,0.00057280,5.00000000,1
1531200125403,1531200125399,3709348,0.00057290,15.71000000,1
1531200125844,1531200125841,3709349,0.00057290,16.04000000,1
1531200126243,1531200126242,3709350,0.00057290,16.05000000,1
1531200128090,1531200128084,3709351,0.00057290,0.01000000,1
1531200129370,1531200129366,3709352,0.00057660,31.76000000,0
1531200129370,1531200129366,3709353,0.00057670,13.51000000,0
1531200129370,1531200129366,3709354,0.00057690,12.19000000,0
1531200129370,1531200129366,3709355,0.00057700,8.31000000,0
1531200129370,1531200129366,3709356,0.00057710,8.84000000,0
1531200129370,1531200129366,3709357,0.00057730,1.91000000,0
1531200129370,1531200129366,3709358,0.00058000,4.34000000,0
1531200129370,1531200129366,3709359,0.00058070,94.40000000,0
1531200129676,1531200129672,3709360,0.00058070,5.00000000,0
1531200131459,1531200131456,3709361,0.00057530,15.30000000,0
1531200136658,1531200136653,3709362,0.00057380,1.77000000,1
1531200175318,1531200175316,3709363,0.00057530,1.76000000,0
1531200182768,1531200182764,3709364,0.00057770,1.77000000,0
1531200182768,1531200182764,3709365,0.00057780,5.00000000,0
1531200182768,1531200182764,3709366,0.00057790,10.53000000,0
1531200183770,1531200183764,3709367,0.00057760,4.50000000,0
1531200183770,1531200183764,3709368,0.00057810,0.50000000,0
1531200184770,1531200184765,3709369,0.00057810,4.50000000,0
1531200298538,1531200298535,3709370,0.00057790,1.26000000,0
1531200299531,1531200299528,3709371,0.00057790,1.74000000,0
1531200300526,1531200300522,3709372,0.00057790,1.74000000,0
1531200301544,1531200301542,3709373,0.00057790,1.74000000,0
1531200332748,1531200332744,3709374,0.00057790,11.11000000,0
1531200354573,1531200354572,3709375,0.00057790,0.06000000,0
1531200368944,1531200368939,3709376,0.00057750,36.64000000,0
1531200368944,1531200368939,3709377,0.00057760,25.41000000,0
1531200368944,1531200368939,3709378,0.00057780,171.99000000,0
1531200369957,1531200369953,3709379,0.00057850,5.00000000,0
1531200372655,1531200372651,3709380,0.00057780,21.57000000,1
1531200372777,1531200372771,3709381,0.00057780,0.01000000,0
1531200541143,1531200541137,3709382,0.00057570,11.10000000,1
1531200685229,1531200685223,3709383,0.00057640,1.06000000,1
1531200686770,1531200686765,3709384,0.00057580,1.06000000,1
1531200770840,1531200770835,3709385,0.00057620,5.00000000,1
1531200864024,1531200864022,3709386,0.00057850,0.42000000,0
1531200896197,1531200896194,3709387,0.00057820,2.16000000,0
1531200899211,1531200899206,3709388,0.00057800,0.01000000,0
1531200917539,1531200917535,3709389,0.00057850,0.19000000,0
1531200999276,1531200999270,3709390,0.00057590,2.00000000,0
1531201005438,1531201005434,3709391,0.00057530,2.00000000,0
1531201006763,1531201006760,3709392,0.00057530,4.18000000,0
1531201009429,1531201009424,3709393,0.00057540,94.83000000,1
1531201010977,1531201010973,3709394,0.00057540,2.60000000,0
1531201017431,1531201017423,3709395,0.00057540,0.37000000,0
1531201100213,1531201100210,3709396,0.00057520,33.36000000,1
1531201108197,1531201108193,3709397,0.00057520,33.36000000,1
1531201115005,1531201115002,3709398,0.00057520,6.21000000,1
1531201117175,1531201117173,3709399,0.00057520,11.97000000,1
1531201117197,1531201117192,3709400,0.00057520,31.53000000,1
1531201117197,1531201117192,3709401,0.00057490,8.62000000,1
1531201118406,1531201118408,3709402,0.00057490,8.22000000,1
1531201161317,1531201161313,3709403,0.00057380,1.26000000,1
1531201202939,1531201202937,3709404,0.00057270,1.26000000,1
1531201208101,1531201208096,3709405,0.00057270,99.24000000,1
1531201208101,1531201208096,3709406,0.00057250,112.39000000,1
1531201242789,1531201242785,3709407,0.00057260,5.00000000,1
1531201292114,1531201292111,3709408,0.00057500,0.70000000,0
1531201358118,1531201358114,3709409,0.00057480,0.71000000,0
1531201419434,1531201419430,3709410,0.00057440,0.06000000,0
1531201555083,1531201555077,3709411,0.00057250,12.17000000,1
1531201563286,1531201563280,3709412,0.00057410,2.95000000,0
1531201566066,1531201566062,3709413,0.00057250,0.58000000,1
1531201811229,1531201811224,3709414,0.00057260,4.00000000,1
1531201811229,1531201811224,3709415,0.00057250,24.86000000,1
1531201811682,1531201811679,3709416,0.00057250,69.33000000,0
1531201847524,1531201847521,3709417,0.00057230,60.64000000,1
1531201848538,1531201848534,3709418,0.00057230,15.87000000,0
1531201866620,1531201866616,3709419,0.00057510,0.18000000,0
1531201913135,1531201913130,3709420,0.00057170,8.84000000,1
1531201957489,1531201957487,3709421,0.00057250,3.82000000,1
1531202147287,1531202147282,3709422,0.00057320,2.00000000,0
1531202147287,1531202147282,3709423,0.00057330,9.97000000,0
1531202148061,1531202148055,3709424,0.00057330,2.00000000,0
1531202149594,1531202149589,3709425,0.00057300,2.61000000,1
1531202152637,1531202152635,3709426,0.00057300,8.58000000,1
1531202236810,1531202236805,3709427,0.00057450,1.38000000,0
1531202236841,1531202236836,3709428,0.00057450,1.55000000,0
1531202236866,1531202236863,3709429,0.00057450,1.38000000,0
1531202287351,1531202287352,3709430,0.00057450,1.58000000,0
1531202404586,1531202404581,3709431,0.00057450,2.95000000,0
