event_time,trade_time,trade_id,price,quantity,maker
1531160285322,1531160285319,1444127,0.00006880,38.30000000,0
1531160302610,1531160302606,1444128,0.00006900,30.00000000,0
1531160318268,1531160318265,1444129,0.00006880,1425.02000000,0
1531160318285,1531160318281,1444130,0.00006890,734.53000000,0
1531160332190,1531160332188,1444131,0.00006890,18.15000000,1
1531160390094,1531160390091,1444132,0.00006880,21.86000000,0
1531160407184,1531160407181,1444133,0.00006880,230.48000000,0
1531160433129,1531160433125,1444134,0.00006880,135.71000000,0
1531160433142,1531160433138,1444135,0.00006880,239.34000000,0
1531160464067,1531160464065,1444136,0.00006880,863.45000000,0
1531160482892,1531160482889,1444137,0.00006870,15.96000000,1
1531160482908,1531160482905,1444138,0.00006870,1145.15000000,0
1531160482918,1531160482915,1444139,0.00006880,468.18000000,0
1531160501032,1531160501031,1444140,0.00006860,166.81000000,1
1531160507426,1531160507423,1444141,0.00006850,110.86000000,1
1531160598235,1531160598233,1444142,0.00006870,16.02000000,0
1531160605497,1531160605493,1444143,0.00006860,60.86000000,1
1531160607076,1531160607073,1444144,0.00006890,119.96000000,0
1531160608592,1531160608588,1444145,0.00006860,60.86000000,1
1531160621637,1531160621633,1444146,0.00006860,676.32000000,1
1531160621637,1531160621633,1444147,0.00006850,3626.53000000,1
1531160636223,1531160636220,1444148,0.00006870,1483.19000000,0
1531160640922,1531160640920,1444149,0.00006880,22.56000000,1
1531160640922,1531160640920,1444150,0.00006870,2756.34000000,1
1531160646725,1531160646722,1444151,0.00006870,3854.79000000,1
1531160661252,1531160661250,1444152,0.00006880,1160.74000000,0
1531160664254,1531160664250,1444153,0.00006880,1064.75000000,0
1531160665431,1531160665429,1444154,0.00006870,68.00000000,1
1531160681675,1531160681671,1444155,0.00006890,86.55000000,0
1531160681914,1531160681911,1444156,0.00006890,594.52000000,0
1531160705601,1531160705598,1444157,0.00006890,253.93000000,0
1531160705618,1531160705614,1444158,0.00006880,1257.94000000,1
1531160705641,1531160705638,1444159,0.00006880,244.15000000,1
1531160725552,1531160725550,1444160,0.00006880,1069.21000000,1
1531160772744,1531160772741,1444161,0.00006890,886.20000000,1
1531160772754,1531160772750,1444162,0.00006890,1417.89000000,0
1531160772766,1531160772763,1444163,0.00006890,886.20000000,1
1531160772987,1531160772982,1444164,0.00006900,274.53000000,0
1531160774248,1531160774245,1444165,0.00006900,120.34000000,0
1531160783402,1531160783399,1444166,0.00006890,114.94000000,0
1531160812882,1531160812879,1444167,0.00006880,99.80000000,1
1531160823283,1531160823279,1444168,0.00006910,144.71000000,0
1531160825025,1531160825020,1444169,0.00006900,814.08000000,0
1531160825042,1531160825038,1444170,0.00006890,328.25000000,1
1531160838364,1531160838360,1444171,0.00006900,72.67000000,1
1531160843205,1531160843201,1444172,0.00006900,64.60000000,1
1531160844279,1531160844275,1444173,0.00006900,43.44000000,0
1531160874505,1531160874502,1444174,0.00006900,27.23000000,0
1531160885420,1531160885417,1444175,0.00006900,425.15000000,0
1531160885430,1531160885426,1444176,0.00006890,352.00000000,1
1531160885454,1531160885449,1444177,0.00006890,191.50000000,1
1531160906664,1531160906662,1444178,0.00006900,770.00000000,1
1531160906687,1531160906683,1444179,0.00006900,558.62000000,1
1531160934256,1531160934253,1444180,0.00006900,18.92000000,0
1531160944038,1531160944034,1444181,0.00006900,687.25000000,1
1531160944053,1531160944048,1444182,0.00006900,1088.18000000,1
1531160990769,1531160990764,1444183,0.00006900,651.50000000,1
1531160990788,1531160990784,1444184,0.00006900,413.24000000,1
1531161014269,1531161014266,1444185,0.00006900,125.05000000,0
1531161025491,1531161025488,1444186,0.00006900,375.62000000,1
1531161025511,1531161025506,1444187,0.00006900,46.07000000,1
1531161064815,1531161064810,1444188,0.00006910,554.85000000,0
1531161065418,1531161065414,1444189,0.00006910,687.77000000,0
1531161069105,1531161069101,1444190,0.00006900,278.06000000,1
1531161123430,1531161123425,1444191,0.00006910,54.67000000,0
1531161124322,1531161124318,1444192,0.00006910,1254.59000000,0
1531161124331,1531161124327,1444193,0.00006900,919.87000000,1
1531161124349,1531161124345,1444194,0.00006900,555.12000000,1
1531161147457,1531161147452,1444195,0.00006900,72.40000000,1
1531161160687,1531161160683,1444196,0.00006900,25.00000000,1
1531161205412,1531161205407,1444197,0.00006910,473.32000000,1
1531161205428,1531161205424,1444198,0.00006910,1294.77000000,1
1531161212421,1531161212416,1444199,0.00006920,144.50000000,0
1531161224632,1531161224628,1444200,0.00006910,1153.77000000,1
1531161224656,1531161224651,1444201,0.00006910,1411.69000000,1
1531161234390,1531161234386,1444202,0.00006900,95.34000000,1
1531161234390,1531161234386,1444203,0.00006880,1500.20000000,1
1531161234390,1531161234386,1444204,0.00006870,4192.88000000,1
1531161270879,1531161270876,1444205,0.00006910,17.51000000,0
1531161285372,1531161285368,1444206,0.00006890,1394.35000000,1
1531161285390,1531161285385,1444207,0.00006890,838.16000000,1
1531161293811,1531161293806,1444208,0.00006900,92.87000000,1
1531161296339,1531161296334,1444209,0.00006900,1119.49000000,1
1531161296355,1531161296352,1444210,0.00006900,1887.18000000,0
1531161296367,1531161296363,1444211,0.00006900,1119.49000000,1
1531161307825,1531161307822,1444212,0.00006880,22.10000000,0
1531161325428,1531161325425,1444213,0.00006880,210.84000000,1
1531161325456,1531161325451,1444214,0.00006900,213.20000000,0
1531161344171,1531161344167,1444215,0.00006900,999.14000000,1
1531161347292,1531161347290,1444216,0.00006900,280.30000000,0
1531161386747,1531161386742,1444217,0.00006890,882.11000000,1
1531161430857,1531161430854,1444218,0.00006900,176.12000000,1
1531161430874,1531161430871,1444219,0.00006900,52.82000000,0
1531161430881,1531161430878,1444220,0.00006900,176.12000000,1
1531161467402,1531161467398,1444221,0.00006900,309.56000000,1
1531161467435,1531161467430,1444222,0.00006900,85.48000000,1
1531161467450,1531161467446,1444223,0.00006900,262.32000000,1
1531161496619,1531161496614,1444224,0.00006900,532.34000000,1
1531161496627,1531161496623,1444225,0.00006900,479.08000000,0
1531161496636,1531161496633,1444226,0.00006900,532.34000000,1
1531161500959,1531161500954,1444227,0.00006890,211.26000000,1
1531161525671,1531161525667,1444228,0.00006900,2014.55000000,1
1531161525701,1531161525697,1444229,0.00006900,22.10000000,1
1531161525702,1531161525698,1444230,0.00006900,1096.20000000,1
1531161525718,1531161525714,1444231,0.00006900,995.36000000,1
1531161526467,1531161526464,1444232,0.00006900,22.10000000,0
1531161546635,1531161546631,1444233,0.00006900,1017.64000000,1
1531161546659,1531161546653,1444234,0.00006900,1273.27000000,1
1531161546681,1531161546678,1444235,0.00006900,366.06000000,1
1531161585413,1531161585409,1444236,0.00006900,32.25000000,1
1531161585434,1531161585430,1444237,0.00006900,1166.41000000,1
1531161590917,1531161590914,1444238,0.00006890,15.00000000,1
1531161617350,1531161617347,1444239,0.00006900,603.72000000,1
1531161647540,1531161647536,1444240,0.00006900,76.49000000,1
1531161647573,1531161647568,1444241,0.00006900,188.25000000,1
1531161647597,1531161647591,1444242,0.00006900,32.96000000,1
1531161681029,1531161681023,1444243,0.00006900,284.43000000,1
1531161681041,1531161681036,1444244,0.00006900,398.20000000,0
1531161681054,1531161681050,1444245,0.00006900,284.43000000,1
1531161724605,1531161724600,1444246,0.00006900,38.28000000,1
1531161724627,1531161724624,1444247,0.00006900,125.25000000,1
1531161746378,1531161746373,1444248,0.00006910,309.53000000,0
1531161757613,1531161757608,1444249,0.00006910,32.11000000,1
1531161766582,1531161766578,1444250,0.00006910,18.14000000,1
1531161772416,1531161772409,1444251,0.00006920,1014.21000000,0
1531161773334,1531161773329,1444252,0.00006930,575.16000000,0
1531161775489,1531161775485,1444253,0.00006920,95.74000000,0
1531161799488,1531161799486,1444254,0.00006930,21.44000000,0
1531161825565,1531161825561,1444255,0.00006930,1103.01000000,0
1531161825579,1531161825575,1444256,0.00006920,385.68000000,1
1531161837197,1531161837193,1444257,0.00006930,901.99000000,1
1531161837227,1531161837223,1444258,0.00006930,726.51000000,1
1531161837256,1531161837250,1444259,0.00006930,902.00000000,1
1531161848563,1531161848559,1444260,0.00006920,22.56000000,1
1531161866604,1531161866599,1444261,0.00006930,638.31000000,1
1531161866625,1531161866624,1444262,0.00006930,735.48000000,1
1531161866647,1531161866642,1444263,0.00006930,312.88000000,1
1531161866694,1531161866692,1444264,0.00006940,309.51000000,0
1531161872360,1531161872355,1444265,0.00006940,108.89000000,0
1531161877693,1531161877690,1444266,0.00006940,1224.70000000,0
1531161877706,1531161877700,1444267,0.00006930,714.25000000,1
1531161877721,1531161877717,1444268,0.00006930,795.25000000,1
1531161913176,1531161913170,1444269,0.00006950,110.86000000,0
1531161922319,1531161922315,1444270,0.00006940,38.40000000,1
1531161926660,1531161926657,1444271,0.00006940,1326.08000000,1
1531161975503,1531161975497,1444272,0.00006940,1297.86000000,0
1531161975519,1531161975514,1444273,0.00006930,735.25000000,1
1531161975537,1531161975534,1444274,0.00006930,503.06000000,1
1531162024814,1531162024809,1444275,0.00006940,209.56000000,1
1531162024830,1531162024827,1444276,0.00006940,12.57000000,0
1531162024849,1531162024843,1444277,0.00006940,209.56000000,1
1531162050275,1531162050270,1444278,0.00006940,1409.96000000,1
1531162050301,1531162050296,1444279,0.00006940,860.99000000,1
1531162050313,1531162050308,1444280,0.00006940,965.74000000,1
1531162146520,1531162146515,1444281,0.00006930,21.86000000,1
1531162199805,1531162199800,1444282,0.00006930,21.00000000,1
1531162231824,1531162231821,1444283,0.00006930,39.96000000,1
1531162249081,1531162249078,1444284,0.00006940,14.54000000,0
1531162376507,1531162376502,1444285,0.00006940,53.92000000,0
1531162383750,1531162383744,1444286,0.00006940,1441.51000000,1
1531162383761,1531162383756,1444287,0.00006940,422.87000000,1
1531162421949,1531162421945,1444288,0.00006940,99.89000000,1
1531162425333,1531162425328,1444289,0.00006940,814.55000000,1
1531162425347,1531162425343,1444290,0.00006940,246.47000000,0
1531162425364,1531162425359,1444291,0.00006940,399.38000000,1
1531162425377,1531162425373,1444292,0.00006940,415.17000000,1
1531162445566,1531162445562,1444293,0.00006940,99.87000000,0
1531162453256,1531162453252,1444294,0.00006940,415.16000000,1
1531162466394,1531162466388,1444295,0.00006930,36.87000000,1
1531162466416,1531162466411,1444296,0.00006940,99.86000000,0
1531162466458,1531162466456,1444297,0.00006940,109.32000000,1
1531162486721,1531162486714,1444298,0.00006940,305.83000000,1
1531162486737,1531162486733,1444299,0.00006940,100.35000000,0
1531162486747,1531162486741,1444300,0.00006940,305.83000000,1
1531162500437,1531162500431,1444301,0.00006940,209.17000000,0
1531162673225,1531162673219,1444302,0.00006950,14.52000000,0
1531162713838,1531162713833,1444303,0.00006950,14.52000000,0
1531162765460,1531162765454,1444304,0.00006940,1681.34000000,1
1531162765473,1531162765470,1444305,0.00006940,1778.85000000,0
1531162765485,1531162765480,1444306,0.00006940,239.59000000,1
1531162765507,1531162765503,1444307,0.00006940,1441.75000000,1
1531162784940,1531162784936,1444308,0.00006940,934.12000000,1
1531162869360,1531162869332,1444309,0.00006950,106.47000000,0
1531162925458,1531162925452,1444310,0.00006950,310.26000000,0
1531162945595,1531162945589,1444311,0.00006950,93.53000000,1
1531162946088,1531162946085,1444312,0.00006950,93.53000000,1
1531162949068,1531162949063,1444313,0.00006950,1518.05000000,1
1531162949103,1531162949098,1444314,0.00006950,1383.21000000,1
1531162949121,1531162949116,1444315,0.00006950,587.45000000,1
1531162962519,1531162962517,1444316,0.00006950,93.63000000,0
1531162979398,1531162979393,1444317,0.00006950,93.42000000,0
1531163023384,1531163023379,1444318,0.00006950,114.92000000,1
1531163045395,1531163045391,1444319,0.00006950,86.10000000,1
1531163058286,1531163058284,1444320,0.00006950,86.55000000,1
1531163097996,1531163097987,1444321,0.00006960,1086.94000000,0
1531163097996,1531163097987,1444322,0.00006970,1743.12000000,0
1531163098025,1531163098021,1444323,0.00006970,70.99000000,1
1531163098982,1531163098978,1444324,0.00006980,172.52000000,0
1531163099463,1531163099457,1444325,0.00006990,15.90000000,0
1531163101980,1531163101975,1444326,0.00006990,17.00000000,0
1531163107472,1531163107467,1444327,0.00007000,1230.20000000,0
1531163107670,1531163107664,1444328,0.00007000,242.86000000,1
1531163107706,1531163107701,1444329,0.00007000,35.69000000,1
1531163108461,1531163108456,1444330,0.00007010,14.52000000,0
1531163108915,1531163108909,1444331,0.00007000,0.29000000,1
1531163108915,1531163108909,1444332,0.00006990,15.10000000,1
1531163108919,1531163108915,1444333,0.00006990,78.54000000,1
1531163110026,1531163110022,1444334,0.00007000,46.23000000,1
1531163110934,1531163110929,1444335,0.00007000,15.39000000,1
1531163113421,1531163113418,1444336,0.00007000,57.01000000,1
1531163115478,1531163115475,1444337,0.00007000,118.68000000,0
1531163117930,1531163117926,1444338,0.00007000,118.63000000,1
1531163146328,1531163146323,1444339,0.00006990,967.72000000,1
1531163154143,1531163154140,1444340,0.00006990,27.69000000,1
1531163158539,1531163158534,1444341,0.00007000,503.98000000,1
1531163161933,1531163161929,1444342,0.00007010,1600.47000000,0
1531163161947,1531163161943,1444343,0.00007000,696.06000000,1
1531163167369,1531163167364,1444344,0.00007000,354.00000000,0
1531163173910,1531163173906,1444345,0.00007000,109.52000000,0
1531163186584,1531163186578,1444346,0.00006990,603.93000000,0
1531163186595,1531163186591,1444347,0.00006980,251.62000000,1
1531163188845,1531163188838,1444348,0.00007000,40.46000000,0
1531163188845,1531163188838,1444349,0.00007010,85.54000000,0
1531163219714,1531163219708,1444350,0.00007010,63.68000000,1
1531163220469,1531163220463,1444351,0.00007010,560.95000000,0
1531163220570,1531163220564,1444352,0.00007000,677.16000000,1
1531163220583,1531163220579,1444353,0.00007000,231.81000000,1
1531163221957,1531163221952,1444354,0.00007010,38.89000000,1
1531163221989,1531163221985,1444355,0.00007010,24.79000000,1
1531163245747,1531163245742,1444356,0.00007010,1644.78000000,1
1531163245755,1531163245750,1444357,0.00007010,235.08000000,0
1531163245762,1531163245756,1444358,0.00007010,841.40000000,1
1531163245784,1531163245780,1444359,0.00007010,803.37000000,1
1531163247997,1531163247992,1444360,0.00007000,118.63000000,1
1531163268635,1531163268630,1444361,0.00007000,890.89000000,0
1531163268642,1531163268636,1444362,0.00006990,972.20000000,1
1531163268656,1531163268651,1444363,0.00006990,742.39000000,1
1531163305354,1531163305348,1444364,0.00007000,1150.76000000,0
1531163305368,1531163305362,1444365,0.00006990,858.76000000,1
1531163308987,1531163308980,1444366,0.00007020,67.83000000,0
1531163309397,1531163309393,1444367,0.00007020,10.91000000,0
1531163313851,1531163313845,1444368,0.00006990,781.13000000,1
1531163323502,1531163323499,1444369,0.00006970,19.68000000,1
1531163344738,1531163344732,1444370,0.00006980,656.25000000,1
1531163344849,1531163344844,1444371,0.00006980,1300.54000000,1
1531163344875,1531163344870,1444372,0.00006980,248.59000000,1
1531163380739,1531163380733,1444373,0.00006980,1385.50000000,1
1531163380765,1531163380758,1444374,0.00006980,1470.47000000,1
1531163396656,1531163396650,1444375,0.00006980,123.81000000,1
1531163414520,1531163414514,1444376,0.00006990,563.89000000,0
1531163420821,1531163420816,1444377,0.00007000,3099.64000000,0
1531163420830,1531163420825,1444378,0.00006990,1054.28000000,1
1531163421758,1531163421753,1444379,0.00007020,100.00000000,0
1531163425691,1531163425686,1444380,0.00006980,626.92000000,1
1531163425691,1531163425686,1444381,0.00006970,1579.70000000,1
1531163436025,1531163436020,1444382,0.00006980,380.99000000,0
1531163460420,1531163460414,1444383,0.00007010,109.30000000,0
1531163465530,1531163465524,1444384,0.00007000,45.55000000,1
1531163478942,1531163478938,1444385,0.00006990,952.26000000,1
1531163499918,1531163499912,1444386,0.00007010,29.50000000,0
1531163525006,1531163525001,1444387,0.00006980,188.46000000,1
1531163563314,1531163563310,1444388,0.00006990,1493.45000000,1
1531163563336,1531163563331,1444389,0.00006990,14.31000000,1
1531163576059,1531163576053,1444390,0.00007010,19.97000000,0
1531163583515,1531163583509,1444391,0.00006990,667.70000000,1
1531163597274,1531163597271,1444392,0.00006990,574.14000000,1
1531163644820,1531163644814,1444393,0.00007000,849.00000000,1
1531163660554,1531163660548,1444394,0.00006990,182.94000000,0
1531163666481,1531163666478,1444395,0.00006980,5.00000000,1
1531163683721,1531163683714,1444396,0.00007000,118.63000000,0
1531163687916,1531163687912,1444397,0.00007010,2.96000000,0
1531163687941,1531163687935,1444398,0.00007020,32.52000000,0
1531163688553,1531163688547,1444399,0.00007010,94.14000000,1
1531163707012,1531163707006,1444400,0.00007000,118.63000000,1
1531163707012,1531163707006,1444401,0.00006990,235.01000000,1
1531163726073,1531163726068,1444402,0.00007000,505.25000000,1
1531163755842,1531163755835,1444403,0.00007000,27.71000000,1
1531163761740,1531163761735,1444404,0.00007010,1465.54000000,1
1531163761758,1531163761751,1444405,0.00007010,405.56000000,1
1531163803092,1531163803086,1444406,0.00007020,427.09000000,1
1531163806455,1531163806449,1444407,0.00007020,886.77000000,1
1531163819207,1531163819202,1444408,0.00007000,1143.65000000,1
1531163819221,1531163819216,1444409,0.00007020,545.37000000,0
1531163819735,1531163819729,1444410,0.00007020,768.47000000,1
1531163845468,1531163845462,1444411,0.00007000,888.02000000,0
1531163845488,1531163845482,1444412,0.00007000,408.25000000,0
1531163868885,1531163868879,1444413,0.00007010,315.37000000,0
1531163869740,1531163869734,1444414,0.00007010,158.53000000,1
1531163879349,1531163879343,1444415,0.00007010,99.70000000,0
1531163879360,1531163879353,1444416,0.00007020,900.03000000,0
1531163879374,1531163879370,1444417,0.00007020,71.20000000,0
1531163900734,1531163900727,1444418,0.00007010,20.00000000,1
1531163906079,1531163906073,1444419,0.00007010,47.78000000,1
1531163906102,1531163906096,1444420,0.00007010,1491.72000000,1
1531163906726,1531163906725,1444421,0.00007010,118.46000000,1
1531163934584,1531163934579,1444422,0.00007010,668.85000000,1
1531163943738,1531163943732,1444423,0.00007020,142.45000000,1
1531163964752,1531163964749,1444424,0.00007010,387.67000000,1
1531163985928,1531163985923,1444425,0.00007010,1051.60000000,0
1531163985937,1531163985932,1444426,0.00007020,1273.89000000,0
1531163985959,1531163985954,1444427,0.00007020,740.58000000,0
1531164020616,1531164020611,1444428,0.00007010,396.40000000,1
1531164042487,1531164042483,1444429,0.00007000,15.62000000,1
1531164042613,1531164042606,1444430,0.00007000,135.15000000,1
1531164047002,1531164046995,1444431,0.00007000,1822.84000000,0
1531164047012,1531164047006,1444432,0.00007010,285.63000000,0
1531164047036,1531164047030,1444433,0.00007010,902.38000000,0
1531164091035,1531164091029,1444434,0.00007000,240.75000000,0
1531164142697,1531164142692,1444435,0.00007000,253.94000000,0
1531164145603,1531164145597,1444436,0.00007000,820.67000000,0
1531164184040,1531164184036,1444437,0.00007000,1381.16000000,1
1531164193815,1531164193811,1444438,0.00007020,118.29000000,0
1531164193815,1531164193811,1444439,0.00007030,1277.95000000,0
1531164193815,1531164193811,1444440,0.00007040,1103.76000000,0
1531164204988,1531164204982,1444441,0.00007010,400.39000000,0
1531164204998,1531164204993,1444442,0.00007020,294.42000000,0
1531164240494,1531164240488,1444443,0.00007010,1338.07000000,0
1531164240543,1531164240507,1444444,0.00007010,561.00000000,0
1531164241146,1531164241138,1444445,0.00007010,28.56000000,0
1531164265275,1531164265268,1444446,0.00007010,181.93000000,0
1531164309227,1531164309226,1444447,0.00007000,147.09000000,0
1531164337226,1531164337220,1444448,0.00007000,394.87000000,0
1531164337975,1531164337973,1444449,0.00007000,66.28000000,0
1531164337992,1531164337987,1444450,0.00007000,38.85000000,0
1531164365852,1531164365847,1444451,0.00007000,555.24000000,0
1531164377844,1531164377837,1444452,0.00006990,394.87000000,1
1531164380559,1531164380555,1444453,0.00006990,101.00000000,1
1531164380566,1531164380561,1444454,0.00006990,3116.09000000,0
1531164380578,1531164380572,1444455,0.00007000,1449.15000000,0
1531164402173,1531164402166,1444456,0.00007000,785.50000000,0
1531164407556,1531164407549,1444457,0.00007000,1144.58000000,0
1531164467352,1531164467345,1444458,0.00007010,562.58000000,1
1531164467375,1531164467369,1444459,0.00007010,1443.93000000,1
1531164467669,1531164467664,1444460,0.00007010,118.46000000,1
1531164476116,1531164476112,1444461,0.00007020,630.03000000,0
1531164476135,1531164476129,1444462,0.00007010,572.75000000,1
1531164476682,1531164476679,1444463,0.00007010,118.46000000,1
1531164501678,1531164501674,1444464,0.00007010,279.10000000,1
1531164504667,1531164504661,1444465,0.00007000,118.63000000,1
1531164504667,1531164504661,1444466,0.00006980,479.94000000,1
1531164504667,1531164504661,1444467,0.00006970,860.09000000,1
1531164504667,1531164504661,1444468,0.00006960,1248.42000000,1
1531164504667,1531164504661,1444469,0.00006950,4725.95000000,1
1531164520439,1531164520436,1444470,0.00006980,225.43000000,1
1531164520463,1531164520459,1444471,0.00006980,1265.24000000,1
1531164544838,1531164544833,1444472,0.00006990,1170.77000000,1
1531164544849,1531164544846,1444473,0.00006990,1685.93000000,0
1531164544857,1531164544857,1444474,0.00006990,1170.76000000,1
1531164585955,1531164585949,1444475,0.00006990,1011.52000000,1
1531164585969,1531164585965,1444476,0.00006990,768.77000000,0
1531164586063,1531164586056,1444477,0.00006990,1011.51000000,1
1531164624568,1531164624563,1444478,0.00006990,524.51000000,1
1531164635390,1531164635385,1444479,0.00006990,66.81000000,0
1531164657165,1531164657160,1444480,0.00006970,2985.11000000,0
1531164657175,1531164657169,1444481,0.00006980,730.39000000,0
1531164657197,1531164657191,1444482,0.00006980,1477.76000000,0
1531164664490,1531164664486,1444483,0.00006970,1245.25000000,1
1531164664506,1531164664502,1444484,0.00006970,46.89000000,1
1531164670080,1531164670074,1444485,0.00006970,119.14000000,1
1531164672173,1531164672170,1444486,0.00006970,29.07000000,0
1531164702634,1531164702628,1444487,0.00006960,749.33000000,1
1531164727469,1531164727464,1444488,0.00006950,1231.96000000,1
1531164746894,1531164746888,1444489,0.00006970,827.52000000,0
1531164746916,1531164746911,1444490,0.00006960,435.55000000,1
1531164787221,1531164787216,1444491,0.00006970,218.31000000,0
1531164805076,1531164805073,1444492,0.00006970,1303.00000000,1
1531164805097,1531164805091,1444493,0.00006970,922.85000000,1
1531164854346,1531164854340,1444494,0.00006980,665.84000000,0
1531164854361,1531164854356,1444495,0.00006980,910.73000000,0
1531164865362,1531164865357,1444496,0.00006970,851.34000000,1
1531164865381,1531164865376,1444497,0.00006970,1127.98000000,1
1531164882792,1531164882788,1444498,0.00006980,1841.28000000,0
1531164882808,1531164882805,1444499,0.00006970,902.60000000,1
1531164903805,1531164903800,1444500,0.00006980,2154.26000000,0
1531164903817,1531164903811,1444501,0.00006970,1297.75000000,1
1531164951951,1531164951945,1444502,0.00006970,1201.09000000,1
1531164985958,1531164985953,1444503,0.00006980,507.41000000,0
1531164985973,1531164985968,1444504,0.00006970,25.10000000,1
1531164985990,1531164985986,1444505,0.00006970,291.62000000,1
1531165001092,1531165001087,1444506,0.00006980,801.89000000,0
1531165001106,1531165001101,1444507,0.00006970,673.85000000,1
1531165001116,1531165001113,1444508,0.00006970,274.62000000,1
1531165038092,1531165038087,1444509,0.00006990,133.76000000,0
1531165038715,1531165038712,1444510,0.00006990,66.23000000,1
1531165128348,1531165128342,1444511,0.00006990,20.89000000,1
1531165207754,1531165207750,1444512,0.00006990,293.27000000,1
1531165208258,1531165208253,1444513,0.00006990,1000.00000000,1
1531165211728,1531165211723,1444514,0.00006990,972.27000000,1
1531165211743,1531165211738,1444515,0.00006990,2426.55000000,0
1531165211755,1531165211748,1444516,0.00006990,972.27000000,1
1531165246632,1531165246627,1444517,0.00006970,2284.19000000,0
1531165246644,1531165246638,1444518,0.00006980,766.50000000,0
1531165259571,1531165259565,1444519,0.00006960,1.31000000,1
1531165285203,1531165285198,1444520,0.00006970,1477.28000000,0
1531165285223,1531165285218,1444521,0.00006970,211.43000000,0
1531165285228,1531165285221,1444522,0.00006970,0.02000000,0
1531165305871,1531165305865,1444523,0.00006960,578.69000000,1
1531165305885,1531165305880,1444524,0.00006960,3649.87000000,0
1531165305902,1531165305897,1444525,0.00006970,1469.25000000,0
1531165305913,1531165305908,1444526,0.00006970,1488.94000000,0
1531165318563,1531165318557,1444527,0.00006960,782.16000000,1
1531165345508,1531165345504,1444528,0.00006970,1470.00000000,0
1531165345523,1531165345517,1444529,0.00006970,1145.08000000,0
1531165346266,1531165346261,1444530,0.00006970,119.14000000,0
1531165369518,1531165369512,1444531,0.00006980,1229.52000000,1
1531165404543,1531165404538,1444532,0.00006990,404.32000000,0
1531165404563,1531165404558,1444533,0.00006990,1477.25000000,0
1531165439919,1531165439916,1444534,0.00006990,534.96000000,1
1531165466722,1531165466716,1444535,0.00006990,66.34000000,0
1531165484137,1531165484131,1444536,0.00006980,899.40000000,0
1531165484159,1531165484153,1444537,0.00006980,885.62000000,0
1531165525149,1531165525142,1444538,0.00006970,1303.33000000,0
1531165525166,1531165525160,1444539,0.00006970,1486.51000000,0
1531165525195,1531165525190,1444540,0.00006970,119.16000000,0
1531165535959,1531165535952,1444541,0.00006980,86.59000000,0
1531165535977,1531165535972,1444542,0.00006980,1160.81000000,0
1531165561298,1531165561291,1444543,0.00006970,761.68000000,0
1531165564660,1531165564655,1444544,0.00006970,425.61000000,0
1531165579330,1531165579323,1444545,0.00006990,557.07000000,0
1531165579344,1531165579337,1444546,0.00006980,605.53000000,1
1531165579364,1531165579359,1444547,0.00006980,422.01000000,1
1531165606390,1531165606385,1444548,0.00006990,579.00000000,0
1531165606410,1531165606404,1444549,0.00006990,635.10000000,0
1531165633988,1531165633981,1444550,0.00006990,939.48000000,0
1531165634004,1531165633998,1444551,0.00006980,533.78000000,1
1531165665880,1531165665875,1444552,0.00006980,917.12000000,0
1531165709870,1531165709865,1444553,0.00006970,211.37000000,0
1531165709880,1531165709875,1444554,0.00006960,72.40000000,1
1531165726604,1531165726601,1444555,0.00006960,2859.94000000,0
1531165726621,1531165726616,1444556,0.00006970,572.75000000,0
1531165726640,1531165726635,1444557,0.00006970,1099.99000000,0
1531165743615,1531165743608,1444558,0.00006960,69.67000000,0
1531165748841,1531165748836,1444559,0.00006950,1067.27000000,1
1531165748870,1531165748863,1444560,0.00006960,1244.95000000,0
1531165748891,1531165748885,1444561,0.00006960,976.67000000,0
1531165804548,1531165804543,1444562,0.00006980,17.95000000,0
1531165805174,1531165805169,1444563,0.00006970,946.87000000,1
1531165805190,1531165805184,1444564,0.00006970,1499.23000000,1
1531165805811,1531165805805,1444565,0.00006980,115.08000000,1
1531165825646,1531165825639,1444566,0.00006980,658.00000000,1
1531165864547,1531165864544,1444567,0.00006990,2405.31000000,1
1531165864563,1531165864557,1444568,0.00006990,572.05000000,0
1531165864571,1531165864566,1444569,0.00006990,1204.76000000,1
1531165864586,1531165864581,1444570,0.00006990,1200.53000000,1
1531165869844,1531165869804,1444571,0.00007000,46.32000000,0
1531165908046,1531165908041,1444572,0.00006990,0.02000000,1
1531165908057,1531165908050,1444573,0.00006990,1751.78000000,0
1531165908075,1531165908070,1444574,0.00006990,0.02000000,1
1531165963753,1531165963748,1444575,0.00006990,143.06000000,0
1531165963755,1531165963751,1444576,0.00006990,3461.20000000,0
1531165963755,1531165963751,1444577,0.00007000,257.72000000,0
1531165966546,1531165966540,1444578,0.00006980,1318.07000000,1
1531165966575,1531165966570,1444579,0.00006980,1124.00000000,1
1531165966586,1531165966585,1444580,0.00006980,1220.45000000,1
1531165979815,1531165979810,1444581,0.00006990,2362.16000000,1
1531165980315,1531165980311,1444582,0.00006980,118.97000000,1
1531166001310,1531166001304,1444583,0.00006980,881.03000000,1
1531166003979,1531166003974,1444584,0.00006980,125.60000000,1
1531166012832,1531166012826,1444585,0.00006980,1987.41000000,1
1531166044037,1531166044031,1444586,0.00006980,1009.96000000,0
1531166044056,1531166044050,1444587,0.00006980,1438.68000000,0
1531166047991,1531166047987,1444588,0.00006970,1071.24000000,1
1531166048008,1531166048005,1444589,0.00006970,1086.45000000,0
1531166048017,1531166048011,1444590,0.00006980,344.81000000,0
1531166048039,1531166048034,1444591,0.00006980,1123.78000000,0
1531166065352,1531166065345,1444592,0.00006980,792.26000000,0
1531166065378,1531166065373,1444593,0.00006980,1115.73000000,0
1531166104116,1531166104113,1444594,0.00006960,2857.03000000,0
1531166104123,1531166104118,1444595,0.00006970,1347.67000000,0
1531166144322,1531166144316,1444596,0.00006970,260.87000000,1
1531166184559,1531166184554,1444597,0.00006970,426.84000000,0
1531166184566,1531166184559,1444598,0.00006980,156.93000000,0
1531166225218,1531166225201,1444599,0.00006980,1632.22000000,0
1531166225220,1531166225213,1444600,0.00006970,1451.70000000,1
1531166225238,1531166225234,1444601,0.00006970,832.75000000,1
1531166283897,1531166283892,1444602,0.00006980,746.28000000,0
1531166283906,1531166283900,1444603,0.00006990,300.93000000,0
1531166316073,1531166316066,1444604,0.00006980,402.81000000,1
1531166316090,1531166316084,1444605,0.00006980,254.78000000,1
1531166316861,1531166316855,1444606,0.00006980,118.97000000,1
1531166345910,1531166345903,1444607,0.00006970,1529.22000000,0
1531166345924,1531166345918,1444608,0.00006980,993.00000000,0
1531166368337,1531166368332,1444609,0.00006980,3350.63000000,0
1531166368344,1531166368338,1444610,0.00006970,314.49000000,1
1531166368359,1531166368354,1444611,0.00006970,1308.82000000,1
1531166387428,1531166387423,1444612,0.00006980,1369.07000000,0
1531166387442,1531166387436,1444613,0.00006990,570.46000000,0
1531166417692,1531166417685,1444614,0.00006980,36.39000000,0
1531166417692,1531166417685,1444615,0.00006990,118.80000000,0
1531166417694,1531166417689,1444616,0.00006990,376.18000000,1
1531166422548,1531166422541,1444617,0.00006980,1183.03000000,0
1531166460885,1531166460883,1444618,0.00006990,1560.51000000,1
1531166464831,1531166464826,1444619,0.00006990,2680.29000000,0
1531166464841,1531166464836,1444620,0.00006980,376.18000000,1
1531166472688,1531166472687,1444621,0.00006960,1163.54000000,0
1531166472702,1531166472695,1444622,0.00006970,1077.34000000,0
1531166473402,1531166473401,1444623,0.00006970,119.14000000,0
1531166526116,1531166526110,1444624,0.00006970,1865.26000000,0
1531166526137,1531166526133,1444625,0.00006980,717.39000000,0
1531166556423,1531166556416,1444626,0.00006970,519.80000000,0
1531166605391,1531166605388,1444627,0.00006970,1273.75000000,0
1531166613224,1531166613218,1444628,0.00006980,527.25000000,0
1531166613243,1531166613237,1444629,0.00006980,183.06000000,0
1531166640447,1531166640444,1444630,0.00006970,361.06000000,0
1531166643864,1531166643857,1444631,0.00006970,744.46000000,0
1531166659866,1531166659861,1444632,0.00006970,60.84000000,1
1531166659889,1531166659883,1444633,0.00006980,31.69000000,0
1531166659907,1531166659902,1444634,0.00006970,124.88000000,1
1531166669814,1531166669809,1444635,0.00006970,143.47000000,0
1531166705806,1531166705800,1444636,0.00006960,402.55000000,1
1531166705828,1531166705823,1444637,0.00006970,600.99000000,0
1531166753298,1531166753293,1444638,0.00006980,2043.49000000,0
1531166753309,1531166753304,1444639,0.00006990,904.21000000,0
1531166753338,1531166753332,1444640,0.00006970,387.49000000,1
1531166805754,1531166805748,1444641,0.00006960,161.18000000,0
1531166805777,1531166805771,1444642,0.00006970,600.99000000,0
1531166825126,1531166825123,1444643,0.00006990,1966.79000000,0
1531166825143,1531166825137,1444644,0.00006980,589.10000000,1
1531166825167,1531166825161,1444645,0.00006980,1229.25000000,1
1531166863061,1531166863060,1444646,0.00006980,118.97000000,1
1531166902838,1531166902832,1444647,0.00006960,865.30000000,0
1531166902850,1531166902844,1444648,0.00006970,504.18000000,0
1531166902872,1531166902867,1444649,0.00006970,420.06000000,0
1531166941162,1531166941159,1444650,0.00006960,17.25000000,0
1531166943970,1531166943965,1444651,0.00006950,3548.57000000,1
1531166943994,1531166943987,1444652,0.00006960,769.72000000,0
1531166944007,1531166944002,1444653,0.00006960,1316.79000000,0
1531166978928,1531166978923,1444654,0.00006970,162.39000000,1
1531166981558,1531166981553,1444655,0.00006970,1052.20000000,1
1531166981568,1531166981566,1444656,0.00006970,2348.68000000,0
1531166981584,1531166981578,1444657,0.00006970,1052.20000000,1
1531166981615,1531166981609,1444658,0.00006960,136.55000000,1
1531167000940,1531167000934,1444659,0.00006950,100.00000000,1
1531167004639,1531167004633,1444660,0.00006960,1197.47000000,0
1531167049900,1531167049896,1444661,0.00006970,837.25000000,1
1531167049924,1531167049919,1444662,0.00006970,914.37000000,1
1531167049947,1531167049944,1444663,0.00006960,255.85000000,1
1531167085612,1531167085607,1444664,0.00006960,1078.15000000,0
1531167098448,1531167098443,1444665,0.00006970,709.75000000,1
1531167098473,1531167098466,1444666,0.00006970,1424.07000000,1
1531167126008,1531167126004,1444667,0.00006960,609.66000000,1
1531167132482,1531167132476,1444668,0.00006970,1102.19000000,0
1531167132492,1531167132487,1444669,0.00006960,291.56000000,1
1531167132519,1531167132515,1444670,0.00006960,574.04000000,1
1531167170518,1531167170512,1444671,0.00006950,29.50000000,1
1531167185327,1531167185321,1444672,0.00006970,2828.33000000,0
1531167185336,1531167185330,1444673,0.00006960,1372.99000000,1
1531167190280,1531167190275,1444674,0.00006960,1089.60000000,1
1531167206912,1531167206905,1444675,0.00006970,2599.89000000,0
1531167206922,1531167206917,1444676,0.00006960,1023.59000000,1
1531167211097,1531167211096,1444677,0.00006950,491.10000000,1
1531167211099,1531167211096,1444678,0.00006950,491.13000000,1
1531167211129,1531167211126,1444679,0.00006950,109.32000000,1
1531167245452,1531167245447,1444680,0.00006970,3026.78000000,0
1531167245464,1531167245458,1444681,0.00006960,1112.77000000,1
1531167254141,1531167254136,1444682,0.00006960,1355.65000000,1
1531167287708,1531167287702,1444683,0.00006970,605.55000000,0
1531167287716,1531167287711,1444684,0.00006960,309.55000000,1
1531167287730,1531167287723,1444685,0.00006960,246.15000000,1
1531167314520,1531167314513,1444686,0.00006970,326.20000000,0
1531167314534,1531167314528,1444687,0.00006960,656.74000000,1
1531167314559,1531167314554,1444688,0.00006960,206.46000000,1
1531167347972,1531167347967,1444689,0.00006970,1502.21000000,0
1531167347985,1531167347979,1444690,0.00006960,316.94000000,1
1531167348007,1531167348002,1444691,0.00006960,532.71000000,1
1531167389062,1531167389055,1444692,0.00006960,179.84000000,1
1531167389080,1531167389074,1444693,0.00006960,557.08000000,1
1531167433649,1531167433643,1444694,0.00006950,230.31000000,1
1531167461520,1531167461513,1444695,0.00006940,64.83000000,1
1531167461520,1531167461513,1444696,0.00006930,1431.45000000,1
1531167461808,1531167461801,1444697,0.00006930,10.89000000,1
1531167465161,1531167465156,1444698,0.00006930,20.22000000,1
1531167465161,1531167465156,1444699,0.00006920,165.33000000,1
1531167465161,1531167465156,1444700,0.00006910,139.27000000,1
1531167485255,1531167485250,1444701,0.00006920,463.30000000,1
1531167485761,1531167485754,1444702,0.00006910,515.91000000,1
1531167533626,1531167533619,1444703,0.00006900,135.45000000,1
1531167533626,1531167533619,1444704,0.00006890,14.52000000,1
1531167533626,1531167533619,1444705,0.00006880,70.10000000,1
1531167547926,1531167547920,1444706,0.00006880,28.86000000,1
1531167549194,1531167549188,1444707,0.00006880,80.64000000,1
1531167551913,1531167551907,1444708,0.00006880,1364.95000000,1
1531167551927,1531167551922,1444709,0.00006880,483.50000000,1
1531167552613,1531167552570,1444710,0.00006880,261.58000000,1
1531167566642,1531167566637,1444711,0.00006880,120.48000000,0
1531167566642,1531167566637,1444712,0.00006890,19.52000000,0
1531167569815,1531167569815,1444713,0.00006890,59.95000000,0
1531167595002,1531167595001,1444714,0.00006890,41.05000000,0
1531167605724,1531167605718,1444715,0.00006890,1538.06000000,1
1531167605743,1531167605742,1444716,0.00006890,438.50000000,1
1531167605760,1531167605754,1444717,0.00006890,1201.59000000,1
1531167617813,1531167617807,1444718,0.00006900,15.95000000,0
1531167617813,1531167617807,1444719,0.00006920,30.55000000,0
1531167621222,1531167621218,1444720,0.00006900,2133.34000000,0
1531167621231,1531167621225,1444721,0.00006890,1294.19000000,1
1531167621252,1531167621246,1444722,0.00006890,761.89000000,1
1531167626042,1531167626035,1444723,0.00006920,18.43000000,0
1531167707758,1531167707752,1444724,0.00006910,1992.25000000,1
1531167707779,1531167707779,1444725,0.00006910,219.09000000,0
1531167707799,1531167707792,1444726,0.00006910,840.50000000,1
1531167707817,1531167707812,1444727,0.00006910,1151.75000000,1
1531167782778,1531167782777,1444728,0.00006910,15.94000000,1
1531167784665,1531167784664,1444729,0.00006900,198.53000000,0
1531167790104,1531167790100,1444730,0.00006900,196.90000000,0
1531167810589,1531167810586,1444731,0.00006910,109.32000000,0
1531167813139,1531167813133,1444732,0.00006900,43.74000000,1
1531167824901,1531167824898,1444733,0.00006910,3593.66000000,0
1531167824901,1531167824898,1444734,0.00006920,18.01000000,0
1531167824918,1531167824912,1444735,0.00006920,3.10000000,0
1531167839557,1531167839553,1444736,0.00006920,1365.69000000,1
1531167839586,1531167839580,1444737,0.00006920,923.28000000,1
1531167839598,1531167839593,1444738,0.00006920,1219.35000000,1
1531167866717,1531167866711,1444739,0.00006930,433.00000000,0
1531167885759,1531167885753,1444740,0.00006920,699.01000000,1
1531167885770,1531167885765,1444741,0.00006920,1048.53000000,0
1531167885784,1531167885779,1444742,0.00006920,699.00000000,1
1531167934218,1531167934213,1444743,0.00006920,0.01000000,1
1531167947661,1531167947656,1444744,0.00006910,1803.43000000,1
1531167947671,1531167947665,1444745,0.00006910,316.25000000,0
1531167947678,1531167947673,1444746,0.00006910,526.50000000,1
1531167947703,1531167947698,1444747,0.00006910,1276.93000000,1
1531167947722,1531167947718,1444748,0.00006920,1747.52000000,0
1531167962860,1531167962855,1444749,0.00006920,3953.59000000,0
1531167962871,1531167962866,1444750,0.00006910,1412.00000000,1
1531168025488,1531168025483,1444751,0.00006920,689.85000000,0
1531168025500,1531168025498,1444752,0.00006910,237.87000000,1
1531168044575,1531168044570,1444753,0.00006920,1025.81000000,0
1531168044584,1531168044579,1444754,0.00006910,925.95000000,1
1531168044603,1531168044598,1444755,0.00006910,557.50000000,1
1531168085738,1531168085733,1444756,0.00006910,884.37000000,1
1531168091621,1531168091615,1444757,0.00006910,941.70000000,1
1531168127165,1531168127158,1444758,0.00006910,605.50000000,1
1531168127185,1531168127180,1444759,0.00006910,621.59000000,1
1531168140672,1531168140671,1444760,0.00006920,2643.90000000,0
1531168140683,1531168140679,1444761,0.00006910,1412.66000000,1
1531168140708,1531168140702,1444762,0.00006910,1190.96000000,1
1531168186101,1531168186095,1444763,0.00006900,434.15000000,1
1531168203455,1531168203450,1444764,0.00006930,25.54000000,0
1531168205081,1531168205075,1444765,0.00006910,18.19000000,1
1531168205108,1531168205103,1444766,0.00006910,633.21000000,1
1531168228270,1531168228267,1444767,0.00006920,233.46000000,0
1531168228284,1531168228281,1444768,0.00006910,201.25000000,1
1531168265801,1531168265796,1444769,0.00006920,154.01000000,0
1531168265809,1531168265802,1444770,0.00006910,179.78000000,1
1531168265827,1531168265821,1444771,0.00006910,92.79000000,1
1531168274233,1531168274227,1444772,0.00006900,1319.37000000,1
1531168278391,1531168278387,1444773,0.00006920,1666.06000000,0
1531168278399,1531168278394,1444774,0.00006910,354.05000000,1
1531168278419,1531168278414,1444775,0.00006910,925.60000000,1
1531168323666,1531168323660,1444776,0.00006910,160.53000000,1
1531168323681,1531168323680,1444777,0.00006910,290.56000000,1
1531168329595,1531168329592,1444778,0.00006930,77.11000000,0
1531168334125,1531168334120,1444779,0.00006900,1380.00000000,1
1531168361728,1531168361726,1444780,0.00006910,1000.00000000,1
1531168366682,1531168366676,1444781,0.00006910,553.24000000,1
1531168405905,1531168405899,1444782,0.00006910,642.17000000,0
1531168445661,1531168445656,1444783,0.00006910,553.24000000,1
1531168445676,1531168445671,1444784,0.00006910,2516.17000000,0
1531168445697,1531168445691,1444785,0.00006910,553.24000000,1
1531168487401,1531168487395,1444786,0.00006900,817.10000000,1
1531168487418,1531168487412,1444787,0.00006900,76.16000000,0
1531168487432,1531168487427,1444788,0.00006910,642.17000000,0
1531168488109,1531168488104,1444789,0.00006910,41.05000000,1
1531168520385,1531168520380,1444790,0.00006910,416.18000000,1
1531168532671,1531168532665,1444791,0.00006910,96.01000000,1
1531168532678,1531168532675,1444792,0.00006910,731.25000000,0
1531168532695,1531168532690,1444793,0.00006910,96.01000000,1
1531168538777,1531168538773,1444794,0.00006870,731.51000000,1
1531168538777,1531168538773,1444795,0.00006860,164.49000000,1
1531168538777,1531168538773,1444796,0.00006850,2539.33000000,1
1531168540290,1531168540287,1444797,0.00006870,58.17000000,0
1531168540309,1531168540304,1444798,0.00006870,338.49000000,0
1531168540804,1531168540801,1444799,0.00006870,0.50000000,0
1531168543426,1531168543422,1444800,0.00006870,16.50000000,1
1531168543426,1531168543422,1444801,0.00006840,321.99000000,1
1531168551737,1531168551732,1444802,0.00006840,176.09000000,0
1531168559813,1531168559806,1444803,0.00006830,52.64000000,1
1531168559813,1531168559806,1444804,0.00006820,58.22000000,1
1531168560037,1531168560031,1444805,0.00006820,86.40000000,1
1531168560349,1531168560343,1444806,0.00006840,116.58000000,0
1531168564582,1531168564577,1444807,0.00006830,854.22000000,1
1531168564596,1531168564591,1444808,0.00006830,133.06000000,0
1531168564608,1531168564603,1444809,0.00006830,836.66000000,1
1531168568412,1531168568409,1444810,0.00006830,29.12000000,0
1531168569519,1531168569511,1444811,0.00006820,86.39000000,1
1531168576961,1531168576955,1444812,0.00006820,59.24000000,1
1531168601206,1531168601201,1444813,0.00006820,2.00000000,1
1531168605901,1531168605897,1444814,0.00006830,1.00000000,1
1531168607264,1531168607258,1444815,0.00006840,4401.34000000,0
1531168607274,1531168607269,1444816,0.00006830,1274.24000000,1
1531168607289,1531168607286,1444817,0.00006840,576.16000000,1
1531168607289,1531168607286,1444818,0.00006830,919.15000000,1
1531168644528,1531168644522,1444819,0.00006840,1364.36000000,1
1531168644557,1531168644551,1444820,0.00006840,1197.06000000,1
1531168644567,1531168644562,1444821,0.00006840,643.58000000,1
1531168644623,1531168644615,1444822,0.00006850,46.78000000,0
1531168651040,1531168651035,1444823,0.00006860,61.22000000,0
1531168664510,1531168664505,1444824,0.00006840,1051.33000000,1
1531168664535,1531168664529,1444825,0.00006840,688.84000000,1
1531168705755,1531168705749,1444826,0.00006840,256.36000000,1
1531168705784,1531168705780,1444827,0.00006840,406.37000000,1
1531168720871,1531168720867,1444828,0.00006850,164.04000000,0
1531168720881,1531168720876,1444829,0.00006840,124.29000000,1
1531168765594,1531168765588,1444830,0.00006850,2.00000000,1
1531168780943,1531168780937,1444831,0.00006840,44.14000000,1
1531168816116,1531168816110,1444832,0.00006860,145.77000000,0
1531168825824,1531168825818,1444833,0.00006850,194.15000000,1
1531168825840,1531168825835,1444834,0.00006850,755.98000000,1
1531168871239,1531168871235,1444835,0.00006850,284.12000000,1
1531168871255,1531168871250,1444836,0.00006850,27.60000000,1
1531168884472,1531168884467,1444837,0.00006850,22.35000000,1
1531168884481,1531168884476,1444838,0.00006850,21.92000000,0
1531168884501,1531168884496,1444839,0.00006850,22.35000000,1
1531168902212,1531168902207,1444840,0.00006850,540.28000000,1
1531168902223,1531168902218,1444841,0.00006850,259.34000000,0
1531168902240,1531168902234,1444842,0.00006850,540.27000000,1
1531168905877,1531168905870,1444843,0.00006840,52.12000000,1
1531168905950,1531168905946,1444844,0.00006840,1.28000000,1
1531168905950,1531168905946,1444845,0.00006830,29.28000000,1
1531168905950,1531168905946,1444846,0.00006810,253.24000000,1
1531168912134,1531168912124,1444847,0.00006820,62.89000000,1
1531168912134,1531168912124,1444848,0.00006810,822.17000000,1
1531168912134,1531168912124,1444849,0.00006800,436.66000000,1
1531168912134,1531168912124,1444850,0.00006790,1590.40000000,1
1531168912134,1531168912124,1444851,0.00006780,591.47000000,1
1531168913190,1531168913184,1444852,0.00006810,29.39000000,0
1531168913292,1531168913286,1444853,0.00006820,22.02000000,0
1531168913292,1531168913286,1444854,0.00006830,55.39000000,0
1531168913688,1531168913682,1444855,0.00006830,3.70000000,0
1531168917180,1531168917173,1444856,0.00006820,87.48000000,0
1531168920274,1531168920268,1444857,0.00006820,108.72000000,0
1531168922316,1531168922309,1444858,0.00006830,205.08000000,0
1531168924879,1531168924873,1444859,0.00006820,1578.78000000,0
1531168924889,1531168924883,1444860,0.00006810,1116.08000000,1
1531168924910,1531168924907,1444861,0.00006810,717.62000000,1
1531168926611,1531168926606,1444862,0.00006830,180.30000000,0
1531168926611,1531168926606,1444863,0.00006840,185.20000000,0
1531168930375,1531168930368,1444864,0.00006800,72.25000000,1
1531168932507,1531168932505,1444865,0.00006830,180.68000000,0
1531168939384,1531168939379,1444866,0.00006830,180.46000000,1
1531168940755,1531168940753,1444867,0.00006840,14.58000000,0
1531168943201,1531168943195,1444868,0.00006840,21.01000000,0
1531168943533,1531168943528,1444869,0.00006840,112.46000000,0
1531168943597,1531168943592,1444870,0.00006830,0.54000000,1
1531168944183,1531168944182,1444871,0.00006820,111.92000000,0
1531168951072,1531168951067,1444872,0.00006830,55.05000000,0
1531168951186,1531168951181,1444873,0.00006830,126.19000000,0
1531168951486,1531168951480,1444874,0.00006840,0.09000000,0
1531168955498,1531168955492,1444875,0.00006840,151.50000000,1
1531168982238,1531168982233,1444876,0.00006810,56.45000000,1
1531168984989,1531168984984,1444877,0.00006810,798.34000000,1
1531168985011,1531168985006,1444878,0.00006810,11.55000000,1
1531168985331,1531168985327,1444879,0.00006810,56.45000000,0
1531168996320,1531168996318,1444880,0.00006820,73.52000000,0
1531168998188,1531168998182,1444881,0.00006830,79.34000000,0
1531169002638,1531169002632,1444882,0.00006810,865.28000000,1
1531169029185,1531169029180,1444883,0.00006820,51.49000000,0
1531169031324,1531169031317,1444884,0.00006820,579.43000000,0
1531169033330,1531169033324,1444885,0.00006820,225.56000000,0
1531169041360,1531169041354,1444886,0.00006830,179.88000000,0
1531169044155,1531169044151,1444887,0.00006810,1121.97000000,1
1531169061193,1531169061188,1444888,0.00006830,34.94000000,0
1531169061508,1531169061505,1444889,0.00006830,161.66000000,0
1531169067327,1531169067320,1444890,0.00006830,180.65000000,0
1531169075318,1531169075316,1444891,0.00006830,180.08000000,0
1531169082343,1531169082341,1444892,0.00006840,72.25000000,0
1531169084191,1531169084185,1444893,0.00006830,179.92000000,0
1531169086195,1531169086192,1444894,0.00006840,371.08000000,0
1531169086694,1531169086689,1444895,0.00006840,700.90000000,0
1531169086704,1531169086699,1444896,0.00006820,1319.30000000,1
1531169086721,1531169086716,1444897,0.00006820,269.56000000,1
1531169088503,1531169088497,1444898,0.00006850,18.31000000,1
1531169106549,1531169106543,1444899,0.00006810,80.00000000,1
1531169114331,1531169114324,1444900,0.00006810,53.40000000,1
1531169147500,1531169147494,1444901,0.00006830,1287.60000000,0
1531169147513,1531169147509,1444902,0.00006820,960.88000000,1
1531169156674,1531169156668,1444903,0.00006820,116.97000000,1
1531169157220,1531169157214,1444904,0.00006820,482.43000000,0
1531169159359,1531169159353,1444905,0.00006830,116.80000000,0
1531169161223,1531169161217,1444906,0.00006830,181.50000000,0
1531169164755,1531169164751,1444907,0.00006820,814.47000000,1
1531169167544,1531169167537,1444908,0.00006820,17.55000000,1
1531169169207,1531169169201,1444909,0.00006830,180.12000000,0
1531169176362,1531169176357,1444910,0.00006830,181.52000000,0
1531169184362,1531169184359,1444911,0.00006830,180.28000000,0
1531169191221,1531169191215,1444912,0.00006830,180.50000000,0
1531169199216,1531169199212,1444913,0.00006830,30.74000000,0
1531169200228,1531169200221,1444914,0.00006830,116.80000000,0
1531169223368,1531169223363,1444915,0.00006850,116.46000000,0
1531169223717,1531169223712,1444916,0.00006850,2802.79000000,0
1531169223729,1531169223724,1444917,0.00006840,491.31000000,1
1531169223742,1531169223736,1444918,0.00006840,1167.81000000,1
1531169236127,1531169236121,1444919,0.00006850,1124.09000000,0
1531169238202,1531169238197,1444920,0.00006850,24.86000000,0
1531169239222,1531169239216,1444921,0.00006850,70.65000000,0
1531169247350,1531169247342,1444922,0.00006860,464.17000000,0
1531169248175,1531169248169,1444923,0.00006850,180.68000000,1
1531169259893,1531169259887,1444924,0.00006850,55.66000000,1
1531169280697,1531169280690,1444925,0.00006870,62.78000000,0
1531169281228,1531169281226,1444926,0.00006870,168.68000000,0
1531169285685,1531169285680,1444927,0.00006860,1100.50000000,1
1531169317984,1531169317978,1444928,0.00006870,427.30000000,1
1531169317998,1531169317992,1444929,0.00006870,777.65000000,0
1531169318013,1531169318008,1444930,0.00006870,427.30000000,1
1531169364854,1531169364849,1444931,0.00006870,203.15000000,1
1531169364868,1531169364863,1444932,0.00006870,353.50000000,0
1531169364883,1531169364878,1444933,0.00006870,203.15000000,1
1531169390286,1531169390281,1444934,0.00006870,575.74000000,1
1531169390299,1531169390294,1444935,0.00006870,909.64000000,0
1531169390313,1531169390307,1444936,0.00006870,575.74000000,1
1531169404977,1531169404972,1444937,0.00006870,1091.07000000,1
1531169405001,1531169404997,1444938,0.00006870,1398.25000000,1
1531169411437,1531169411432,1444939,0.00006870,77.45000000,1
1531169445616,1531169445611,1444940,0.00006870,1174.96000000,1
1531169445630,1531169445626,1444941,0.00006870,200.08000000,0
1531169445641,1531169445637,1444942,0.00006870,606.75000000,1
1531169445652,1531169445647,1444943,0.00006870,568.21000000,1
1531169492585,1531169492580,1444944,0.00006870,1226.29000000,1
1531169492614,1531169492609,1444945,0.00006870,1289.21000000,1
1531169492638,1531169492632,1444946,0.00006870,475.31000000,1
1531169544599,1531169544593,1444947,0.00006870,368.13000000,1
1531169544615,1531169544611,1444948,0.00006870,493.31000000,0
1531169544627,1531169544622,1444949,0.00006870,368.12000000,1
1531169579418,1531169579413,1444950,0.00006870,316.19000000,1
1531169579431,1531169579427,1444951,0.00006870,335.18000000,0
1531169579446,1531169579441,1444952,0.00006870,316.18000000,1
1531169603581,1531169603574,1444953,0.00006880,145.34000000,0
1531169627782,1531169627778,1444954,0.00006870,0.01000000,1
1531169627792,1531169627787,1444955,0.00006870,2792.28000000,0
1531169627811,1531169627805,1444956,0.00006870,0.01000000,1
1531169642372,1531169642366,1444957,0.00006860,612.55000000,1
1531169644146,1531169644139,1444958,0.00006870,651.37000000,0
1531169653948,1531169653942,1444959,0.00006870,152.44000000,0
1531169657353,1531169657348,1444960,0.00006870,200.49000000,0
1531169765576,1531169765572,1444961,0.00006870,46.52000000,0
1531169767580,1531169767575,1444962,0.00006870,30.00000000,0
1531169767810,1531169767803,1444963,0.00006870,215.94000000,0
1531169769218,1531169769212,1444964,0.00006870,53.98000000,0
1531169773558,1531169773551,1444965,0.00006870,30.00000000,0
1531169816903,1531169816898,1444966,0.00006870,41.00000000,0
1531169818308,1531169818302,1444967,0.00006870,0.04000000,0
1531169831543,1531169831538,1444968,0.00006870,32.75000000,0
1531169835715,1531169835709,1444969,0.00006870,68.80000000,0
1531169848356,1531169848351,1444970,0.00006870,463.34000000,0
1531169900392,1531169900387,1444971,0.00006860,50.00000000,1
1531169917371,1531169917367,1444972,0.00006870,988.41000000,0
1531169939135,1531169939131,1444973,0.00006860,66.31000000,1
1531169939181,1531169939176,1444974,0.00006860,305.00000000,0
1531169940532,1531169940526,1444975,0.00006860,145.20000000,0
1531169941291,1531169941285,1444976,0.00006860,25.00000000,0
1531169951678,1531169951673,1444977,0.00006860,1216.61000000,1
1531169951678,1531169951673,1444978,0.00006850,2351.81000000,1
1531169969099,1531169969094,1444979,0.00006870,755.40000000,0
1531169969284,1531169969278,1444980,0.00006880,237.74000000,0
1531170000729,1531170000723,1444981,0.00006880,31.35000000,1
1531170001333,1531170001326,1444982,0.00006890,177.48000000,0
1531170005765,1531170005760,1444983,0.00006880,52.08000000,1
1531170005868,1531170005863,1444984,0.00006880,31.35000000,0
1531170012341,1531170012334,1444985,0.00006890,248.63000000,1
1531170016043,1531170016037,1444986,0.00006890,306.59000000,1
1531170016060,1531170016055,1444987,0.00006890,878.08000000,0
1531170016074,1531170016070,1444988,0.00006890,306.59000000,1
1531170016304,1531170016299,1444989,0.00006890,199.66000000,0
1531170038473,1531170038468,1444990,0.00006880,6.70000000,1
1531170045990,1531170045984,1444991,0.00006890,1191.66000000,1
1531170046003,1531170045999,1444992,0.00006890,1122.71000000,1
1531170071304,1531170071300,1444993,0.00006890,455.18000000,1
1531170078897,1531170078891,1444994,0.00006900,1181.60000000,0
1531170079307,1531170079303,1444995,0.00006910,379.80000000,0
1531170082304,1531170082300,1444996,0.00006920,35.90000000,0
1531170084161,1531170084156,1444997,0.00006910,145.19000000,1
1531170093344,1531170093337,1444998,0.00006910,144.39000000,1
1531170093344,1531170093337,1444999,0.00006880,29.06000000,1
1531170093344,1531170093337,1445000,0.00006870,358.78000000,1
1531170093344,1531170093337,1445001,0.00006860,167.07000000,1
1531170096530,1531170096524,1445002,0.00006890,167.07000000,1
1531170107455,1531170107449,1445003,0.00006890,55.14000000,1
1531170118086,1531170118080,1445004,0.00006890,1318.47000000,1
1531170118101,1531170118096,1445005,0.00006890,626.37000000,1
1531170119480,1531170119474,1445006,0.00006900,136.59000000,0
1531170141305,1531170141299,1445007,0.00006920,678.67000000,0
1531170142303,1531170142298,1445008,0.00006930,48.34000000,0
1531170152964,1531170152958,1445009,0.00006940,39.28000000,0
1531170152964,1531170152958,1445010,0.00006960,0.90000000,0
1531170159747,1531170159738,1445011,0.00006960,360.58000000,0
1531170159747,1531170159738,1445012,0.00006970,736.63000000,0
1531170159747,1531170159738,1445013,0.00006980,102.26000000,0
1531170159747,1531170159738,1445014,0.00006990,981.91000000,0
1531170159769,1531170159763,1445015,0.00006990,1284.34000000,1
1531170159781,1531170159776,1445016,0.00006990,204.73000000,1
1531170159796,1531170159791,1445017,0.00006990,87.03000000,1
1531170159872,1531170159867,1445018,0.00006990,39.40000000,1
1531170160160,1531170160154,1445019,0.00006990,32.83000000,1
1531170160184,1531170160180,1445020,0.00007000,10.56000000,0
1531170160362,1531170160357,1445021,0.00006990,89.59000000,1
1531170160405,1531170160400,1445022,0.00006990,41.40000000,1
1531170160411,1531170160406,1445023,0.00006990,17.23000000,1
1531170160450,1531170160445,1445024,0.00006990,17.23000000,1
1531170162564,1531170162560,1445025,0.00006990,14.04000000,1
1531170164785,1531170164781,1445026,0.00006990,133.67000000,1
1531170175715,1531170175710,1445027,0.00006990,14.21000000,1
1531170176114,1531170176109,1445028,0.00007000,28.82000000,0
1531170190986,1531170190981,1445029,0.00006990,15.22000000,1
1531170190996,1531170190991,1445030,0.00006990,42.00000000,1
1531170190996,1531170190991,1445031,0.00006980,66.27000000,1
1531170224084,1531170224078,1445032,0.00006990,73.09000000,1
1531170226955,1531170226949,1445033,0.00006990,1364.82000000,1
1531170238393,1531170238378,1445034,0.00006960,327.15000000,1
1531170238393,1531170238378,1445035,0.00006940,186.03000000,1
1531170238393,1531170238378,1445036,0.00006930,720.85000000,1
1531170238393,1531170238378,1445037,0.00006920,1207.64000000,1
1531170238393,1531170238378,1445038,0.00006910,1279.22000000,1
1531170238701,1531170238694,1445039,0.00006910,10.54000000,1
1531170239466,1531170239461,1445040,0.00006940,17.23000000,0
1531170252304,1531170252298,1445041,0.00006920,17.24000000,0
1531170253503,1531170253498,1445042,0.00006910,17.21000000,1
1531170254254,1531170254249,1445043,0.00006890,14.58000000,1
1531170270567,1531170270561,1445044,0.00006910,876.90000000,0
1531170270577,1531170270572,1445045,0.00006900,302.37000000,1
1531170287517,1531170287512,1445046,0.00006900,610.10000000,1
1531170292562,1531170292557,1445047,0.00006920,144.30000000,0
1531170303494,1531170303489,1445048,0.00006910,971.91000000,1
1531170303508,1531170303502,1445049,0.00006910,991.36000000,0
1531170303523,1531170303518,1445050,0.00006910,971.90000000,1
1531170325328,1531170325323,1445051,0.00006900,67.23000000,0
1531170345480,1531170345473,1445052,0.00006900,765.47000000,1
1531170345493,1531170345488,1445053,0.00006900,336.79000000,0
1531170345510,1531170345504,1445054,0.00006900,765.47000000,1
1531170390234,1531170390207,1445055,0.00006900,1395.68000000,0
1531170390234,1531170390223,1445056,0.00006890,516.90000000,1
1531170423708,1531170423703,1445057,0.00006900,1172.61000000,1
1531170423739,1531170423733,1445058,0.00006900,1034.90000000,1
1531170423762,1531170423756,1445059,0.00006900,623.74000000,1
1531170480761,1531170480757,1445060,0.00006910,57.22000000,0
1531170484138,1531170484133,1445061,0.00006900,37.39000000,0
1531170484143,1531170484138,1445062,0.00006890,27.10000000,1
1531170586268,1531170586262,1445063,0.00006920,63.34000000,0
1531170586300,1531170586295,1445064,0.00006920,41.21000000,0
1531170586302,1531170586298,1445065,0.00006920,36.12000000,0
1531170598682,1531170598676,1445066,0.00006920,173.64000000,0
1531170599308,1531170599303,1445067,0.00006920,134.82000000,1
1531170626398,1531170626394,1445068,0.00006910,718.39000000,1
1531170664988,1531170664984,1445069,0.00006890,477.74000000,1
1531170706054,1531170706050,1445070,0.00006900,49.96000000,1
1531170727634,1531170727630,1445071,0.00006880,34.91000000,1
1531170814502,1531170814496,1445072,0.00006900,85.29000000,1
1531170814519,1531170814515,1445073,0.00006900,1323.50000000,1
1531170820411,1531170820406,1445074,0.00006930,14.51000000,0
1531170865502,1531170865495,1445075,0.00006910,389.25000000,1
1531170884249,1531170884242,1445076,0.00006910,809.23000000,1
1531170884267,1531170884261,1445077,0.00006910,1396.65000000,1
1531170926520,1531170926515,1445078,0.00006910,713.62000000,1
1531170926951,1531170926945,1445079,0.00006910,31.35000000,1
1531170962475,1531170962470,1445080,0.00006920,1283.89000000,1
1531170962484,1531170962479,1445081,0.00006920,757.50000000,1
1531170985043,1531170985038,1445082,0.00006920,165.40000000,1
1531170985058,1531170985052,1445083,0.00006920,708.88000000,1
1531170999859,1531170999853,1445084,0.00006920,750.19000000,1
1531170999874,1531170999869,1445085,0.00006920,191.58000000,0
1531170999971,1531170999966,1445086,0.00006920,105.15000000,1
1531170999990,1531170999985,1445087,0.00006920,645.03000000,1
1531171045410,1531171045405,1445088,0.00006920,371.25000000,1
1531171045434,1531171045428,1445089,0.00006920,230.31000000,1
1531171087346,1531171087340,1445090,0.00006920,294.18000000,1
1531171087358,1531171087353,1445091,0.00006920,229.44000000,0
1531171087371,1531171087366,1445092,0.00006920,294.18000000,1
1531171105178,1531171105174,1445093,0.00006920,1267.18000000,1
1531171140354,1531171140350,1445094,0.00006910,83.09000000,1
1531171147616,1531171147611,1445095,0.00006920,1467.25000000,1
1531171182420,1531171182415,1445096,0.00006920,60.60000000,1
1531171218764,1531171218760,1445097,0.00006920,1089.89000000,1
1531171218782,1531171218777,1445098,0.00006920,523.39000000,1
1531171265086,1531171265082,1445099,0.00006920,781.01000000,1
1531171302217,1531171302213,1445100,0.00006920,1033.75000000,1
1531171325746,1531171325741,1445101,0.00006920,1442.61000000,1
1531171325770,1531171325765,1445102,0.00006920,744.75000000,1
1531171325811,1531171325786,1445103,0.00006920,848.61000000,1
1531171367286,1531171367281,1445104,0.00006920,193.81000000,1
1531171367299,1531171367296,1445105,0.00006920,702.36000000,1
1531171385991,1531171385986,1445106,0.00006920,1428.00000000,1
1531171386001,1531171385996,1445107,0.00006920,1942.10000000,0
1531171386020,1531171386014,1445108,0.00006920,1428.00000000,1
1531171422866,1531171422860,1445109,0.00006920,329.75000000,1
1531171422889,1531171422885,1445110,0.00006920,900.87000000,1
1531171444828,1531171444824,1445111,0.00006920,706.37000000,1
1531171444845,1531171444841,1445112,0.00006920,1227.96000000,1
1531171468579,1531171468574,1445113,0.00006920,18.46000000,1
1531171480514,1531171480509,1445114,0.00006920,2239.85000000,1
1531171480524,1531171480519,1445115,0.00006920,661.26000000,0
1531171480544,1531171480539,1445116,0.00006920,1188.71000000,1
1531171480571,1531171480566,1445117,0.00006920,1051.14000000,1
1531171504065,1531171504061,1445118,0.00006920,176.25000000,1
1531171504082,1531171504077,1445119,0.00006920,313.75000000,0
1531171504094,1531171504090,1445120,0.00006920,176.25000000,1
1531171515147,1531171515143,1445121,0.00006920,425.93000000,1
1531171515156,1531171515151,1445122,0.00006920,349.24000000,0
1531171515173,1531171515169,1445123,0.00006920,425.93000000,1
1531171564340,1531171564337,1445124,0.00006910,845.20000000,1
1531171564361,1531171564357,1445125,0.00006910,1061.32000000,1
1531171600851,1531171600846,1445126,0.00006910,1162.48000000,1
1531171600861,1531171600857,1445127,0.00006910,95.57000000,0
1531171600882,1531171600877,1445128,0.00006910,615.49000000,1
1531171600907,1531171600903,1445129,0.00006910,546.99000000,1
1531171605997,1531171605992,1445130,0.00006900,115.62000000,1
1531171644580,1531171644575,1445131,0.00006890,167.51000000,1
1531171644606,1531171644602,1445132,0.00006890,1474.01000000,1
1531171644620,1531171644615,1445133,0.00006890,158.03000000,1
1531171650698,1531171650694,1445134,0.00006890,73.65000000,1
1531171650712,1531171650707,1445135,0.00006890,69.23000000,0
1531171650729,1531171650723,1445136,0.00006890,73.65000000,1
1531171683990,1531171683985,1445137,0.00006890,481.93000000,1
1531171684005,1531171684001,1445138,0.00006890,161.21000000,0
1531171684015,1531171684011,1445139,0.00006890,22.55000000,1
1531171684065,1531171684032,1445140,0.00006890,459.37000000,1
1531171730530,1531171730526,1445141,0.00006890,1424.64000000,1
1531171730541,1531171730537,1445142,0.00006890,754.27000000,0
1531171730556,1531171730551,1445143,0.00006890,312.93000000,1
1531171730572,1531171730568,1445144,0.00006890,1111.70000000,1
1531171766710,1531171766704,1445145,0.00006890,502.05000000,1
1531171766724,1531171766720,1445146,0.00006890,130.52000000,0
1531171766739,1531171766735,1445147,0.00006890,502.05000000,1
1531171776283,1531171776278,1445148,0.00006890,1629.68000000,1
1531171776297,1531171776293,1445149,0.00006890,1989.95000000,0
1531171776313,1531171776308,1445150,0.00006890,398.50000000,1
1531171776331,1531171776325,1445151,0.00006890,1231.18000000,1
1531171805463,1531171805460,1445152,0.00006890,588.11000000,1
1531171805492,1531171805488,1445153,0.00006890,1194.98000000,1
1531171805517,1531171805512,1445154,0.00006890,217.81000000,1
1531171833003,1531171832999,1445155,0.00006890,611.50000000,1
1531171833020,1531171833017,1445156,0.00006890,146.74000000,0
1531171833039,1531171833035,1445157,0.00006890,611.50000000,1
1531171846151,1531171846148,1445158,0.00006890,728.12000000,1
1531171851465,1531171851461,1445159,0.00006900,138.06000000,0
1531171854686,1531171854682,1445160,0.00006890,689.02000000,1
1531171854709,1531171854705,1445161,0.00006890,1264.05000000,1
1531171882467,1531171882464,1445162,0.00006910,115.45000000,0
1531171884637,1531171884634,1445163,0.00006910,1431.61000000,0
1531171884647,1531171884643,1445164,0.00006900,958.04000000,1
1531171884662,1531171884657,1445165,0.00006900,1376.53000000,1
1531171897165,1531171897161,1445166,0.00006920,788.00000000,0
1531171897178,1531171897174,1445167,0.00006910,397.99000000,1
1531171946393,1531171946388,1445168,0.00006910,998.11000000,1
1531171946416,1531171946412,1445169,0.00006910,1046.66000000,1
1531171963398,1531171963394,1445170,0.00006920,102.29000000,1
1531171963414,1531171963410,1445171,0.00006920,1417.75000000,1
1531172006716,1531172006712,1445172,0.00006920,249.37000000,1
1531172006733,1531172006728,1445173,0.00006920,389.01000000,0
1531172006747,1531172006743,1445174,0.00006920,249.37000000,1
1531172011990,1531172011985,1445175,0.00006920,1182.18000000,1
1531172012002,1531172011998,1445176,0.00006920,969.36000000,0
1531172012014,1531172012010,1445177,0.00006920,1182.18000000,1
1531172044755,1531172044750,1445178,0.00006920,1246.66000000,1
1531172069144,1531172069140,1445179,0.00006920,447.87000000,1
1531172126118,1531172126114,1445180,0.00006920,1163.28000000,1
1531172149818,1531172149814,1445181,0.00006920,1949.15000000,1
1531172149847,1531172149842,1445182,0.00006920,974.71000000,1
1531172149866,1531172149862,1445183,0.00006920,1160.22000000,1
1531172206706,1531172206702,1445184,0.00006920,1207.24000000,1
1531172206735,1531172206731,1445185,0.00006920,1306.00000000,1
1531172206760,1531172206756,1445186,0.00006920,609.73000000,1
1531172240705,1531172240701,1445187,0.00006920,1138.10000000,1
1531172240726,1531172240723,1445188,0.00006920,1547.83000000,0
1531172240739,1531172240734,1445189,0.00006920,1138.09000000,1
1531172266794,1531172266791,1445190,0.00006920,1387.46000000,1
1531172313880,1531172313876,1445191,0.00006920,1921.59000000,1
1531172313902,1531172313897,1445192,0.00006920,1436.20000000,1
1531172313922,1531172313917,1445193,0.00006920,1055.80000000,1
1531172366477,1531172366473,1445194,0.00006920,150.10000000,1
1531172366507,1531172366504,1445195,0.00006920,1414.84000000,1
1531172366532,1531172366528,1445196,0.00006920,101.43000000,1
1531172405317,1531172405312,1445197,0.00006920,1171.48000000,1
1531172405332,1531172405327,1445198,0.00006920,727.20000000,1
1531172530765,1531172530760,1445199,0.00006910,18.23000000,1
1531172530765,1531172530760,1445200,0.00006900,115.62000000,1
1531172530765,1531172530760,1445201,0.00006880,1336.00000000,1
1531172545118,1531172545114,1445202,0.00006900,529.50000000,1
1531172564759,1531172564755,1445203,0.00006910,1360.95000000,1
1531172564773,1531172564770,1445204,0.00006910,969.34000000,1
1531172584120,1531172584116,1445205,0.00006900,1121.28000000,0
1531172584135,1531172584131,1445206,0.00006890,170.68000000,1
1531172584161,1531172584157,1445207,0.00006890,950.25000000,1
1531172599196,1531172599193,1445208,0.00006900,1276.33000000,1
1531172599213,1531172599210,1445209,0.00006900,1072.13000000,0
1531172599224,1531172599220,1445210,0.00006900,1276.32000000,1
1531172627426,1531172627421,1445211,0.00006900,0.01000000,1
1531172640616,1531172640612,1445212,0.00006900,435.00000000,0
1531172647221,1531172647218,1445213,0.00006900,435.00000000,0
1531172665440,1531172665437,1445214,0.00006890,1379.44000000,1
1531172665454,1531172665451,1445215,0.00006900,1478.45000000,0
1531172724675,1531172724670,1445216,0.00006900,870.01000000,1
1531172724685,1531172724681,1445217,0.00006900,126.75000000,0
1531172724697,1531172724694,1445218,0.00006900,870.01000000,1
1531172731068,1531172731065,1445219,0.00006900,50.00000000,0
1531172743253,1531172743250,1445220,0.00006890,1117.76000000,1
1531172743279,1531172743278,1445221,0.00006890,170.78000000,1
1531172743303,1531172743300,1445222,0.00006890,1016.13000000,1
1531172743326,1531172743323,1445223,0.00006900,1428.45000000,0
1531172763930,1531172763927,1445224,0.00006900,920.01000000,1
1531172763943,1531172763939,1445225,0.00006900,1113.98000000,0
1531172763957,1531172763953,1445226,0.00006900,920.01000000,1
1531172776755,1531172776750,1445227,0.00006890,270.06000000,1
1531172776775,1531172776774,1445228,0.00006890,1128.28000000,1
1531172776791,1531172776787,1445229,0.00006900,1428.45000000,0
1531172823945,1531172823940,1445230,0.00006900,1030.01000000,1
1531172823961,1531172823958,1445231,0.00006900,1813.98000000,0
1531172823968,1531172823965,1445232,0.00006900,1030.01000000,1
1531172848605,1531172848601,1445233,0.00006890,905.64000000,1
1531172848625,1531172848621,1445234,0.00006890,220.06000000,1
1531172848643,1531172848640,1445235,0.00006900,1318.45000000,0
1531172866599,1531172866596,1445236,0.00006900,1030.01000000,1
1531172907545,1531172907540,1445237,0.00006890,398.55000000,1
1531172907573,1531172907569,1445238,0.00006890,1285.55000000,1
1531172907589,1531172907586,1445239,0.00006890,337.75000000,1
1531172907600,1531172907597,1445240,0.00006900,1318.45000000,0
1531172919822,1531172919819,1445241,0.00006910,144.87000000,0
1531172927623,1531172927620,1445242,0.00006900,1030.01000000,1
1531172927640,1531172927636,1445243,0.00006900,1860.42000000,0
1531172927654,1531172927652,1445244,0.00006900,1030.01000000,1
1531172962768,1531172962766,1445245,0.00006890,1141.45000000,1
1531172962793,1531172962790,1445246,0.00006900,1318.45000000,0
1531172986510,1531172986506,1445247,0.00006900,1030.01000000,1
1531173025449,1531173025446,1445248,0.00006890,1486.28000000,1
1531173025461,1531173025456,1445249,0.00006900,1318.45000000,0
1531173046441,1531173046438,1445250,0.00006900,1030.01000000,1
1531173090382,1531173090378,1445251,0.00006890,384.27000000,1
1531173090393,1531173090390,1445252,0.00006890,330.49000000,0
1531173090398,1531173090395,1445253,0.00006890,384.26000000,1
1531173090408,1531173090404,1445254,0.00006900,1318.45000000,0
1531173125441,1531173125439,1445255,0.00006900,1030.01000000,1
1531173125462,1531173125457,1445256,0.00006890,115.80000000,1
1531173149835,1531173149830,1445257,0.00006880,73.15000000,1
1531173149861,1531173149859,1445258,0.00006890,598.95000000,0
1531173205129,1531173205125,1445259,0.00006900,800.98000000,1
1531173205144,1531173205140,1445260,0.00006900,32.02000000,0
1531173205151,1531173205149,1445261,0.00006900,800.98000000,1
1531173205170,1531173205166,1445262,0.00006890,231.59000000,1
1531173205186,1531173205183,1445263,0.00006880,73.15000000,1
1531173222633,1531173222630,1445264,0.00006900,610.53000000,0
1531173222645,1531173222642,1445265,0.00006890,610.52000000,1
1531173245724,1531173245720,1445266,0.00006900,959.54000000,0
1531173245743,1531173245739,1445267,0.00006890,685.37000000,1
1531173256299,1531173256297,1445268,0.00006900,821.25000000,0
1531173256316,1531173256314,1445269,0.00006890,461.37000000,1
1531173287832,1531173287828,1445270,0.00006890,1422.68000000,1
1531173287863,1531173287858,1445271,0.00006890,434.12000000,1
1531173295445,1531173295442,1445272,0.00006890,1466.60000000,1
1531173301343,1531173301341,1445273,0.00006880,999.01000000,1
1531173325671,1531173325668,1445274,0.00006900,889.14000000,0
1531173325681,1531173325678,1445275,0.00006890,467.98000000,1
1531173350094,1531173350091,1445276,0.00006900,943.57000000,0
1531173350109,1531173350106,1445277,0.00006890,518.46000000,1
1531173365274,1531173365270,1445278,0.00006890,570.37000000,1
1531173397382,1531173397379,1445279,0.00006890,1353.00000000,1
1531173397398,1531173397395,1445280,0.00006890,767.00000000,1
1531173444928,1531173444925,1445281,0.00006900,634.76000000,0
1531173444948,1531173444944,1445282,0.00006890,382.37000000,1
1531173452075,1531173452072,1445283,0.00006900,221.71000000,0
1531173452085,1531173452082,1445284,0.00006890,170.56000000,1
1531173485201,1531173485198,1445285,0.00006890,1260.44000000,1
1531173489050,1531173489047,1445286,0.00006880,61.00000000,1
1531173500168,1531173500164,1445287,0.00006890,418.11000000,1
1531173544660,1531173544657,1445288,0.00006890,393.87000000,1
1531173544678,1531173544674,1445289,0.00006890,1201.92000000,1
1531173586990,1531173586987,1445290,0.00006900,821.78000000,0
1531173586997,1531173586994,1445291,0.00006890,1141.50000000,1
1531173587020,1531173587017,1445292,0.00006890,373.55000000,1
1531173625639,1531173625637,1445293,0.00006890,949.36000000,1
1531173625652,1531173625650,1445294,0.00006890,273.87000000,1
1531173632345,1531173632342,1445295,0.00006880,100.00000000,1
1531173672332,1531173672328,1445296,0.00006900,1078.66000000,0
1531173672345,1531173672342,1445297,0.00006890,691.46000000,1
1531173695939,1531173695934,1445298,0.00006880,856.64000000,1
1531173695939,1531173695934,1445299,0.00006860,68.92000000,1
1531173695939,1531173695934,1445300,0.00006850,253.68000000,1
1531173695939,1531173695934,1445301,0.00006840,367.35000000,1
1531173696618,1531173696615,1445302,0.00006890,82.15000000,1
1531173702914,1531173702911,1445303,0.00006880,136.97000000,0
1531173703185,1531173703183,1445304,0.00006880,98.25000000,0
1531173708042,1531173708039,1445305,0.00006860,97.94000000,1
1531173708168,1531173708166,1445306,0.00006860,0.01000000,1
1531173725078,1531173725076,1445307,0.00006870,649.27000000,1
1531173725106,1531173725103,1445308,0.00006870,737.58000000,1
1531173725126,1531173725124,1445309,0.00006870,463.75000000,1
1531173725318,1531173725317,1445310,0.00006880,17.52000000,0
1531173745268,1531173745264,1445311,0.00006880,1489.84000000,0
1531173745281,1531173745278,1445312,0.00006870,1074.21000000,1
1531173745299,1531173745295,1445313,0.00006870,539.78000000,1
1531173767638,1531173767634,1445314,0.00006860,579.96000000,1
1531173767659,1531173767655,1445315,0.00006860,781.52000000,1
1531173805530,1531173805528,1445316,0.00006870,1409.28000000,1
1531173805546,1531173805544,1445317,0.00006870,497.62000000,1
1531173836781,1531173836777,1445318,0.00006870,148.87000000,0
1531173840975,1531173840971,1445319,0.00006860,16.06000000,1
1531173840975,1531173840971,1445320,0.00006850,60.15000000,1
1531173840975,1531173840971,1445321,0.00006830,250.94000000,1
1531173843574,1531173843571,1445322,0.00006840,172.92000000,1
1531173847631,1531173847628,1445323,0.00006850,59.11000000,0
1531173850782,1531173850779,1445324,0.00006850,62.94000000,0
1531173854729,1531173854727,1445325,0.00006830,59.16000000,1
1531173859242,1531173859239,1445326,0.00006860,87.46000000,0
1531173859338,1531173859336,1445327,0.00006860,28.83000000,0
1531173886010,1531173886007,1445328,0.00006860,2319.07000000,0
1531173886023,1531173886020,1445329,0.00006850,146.37000000,1
1531173886047,1531173886043,1445330,0.00006850,1207.83000000,1
1531173891719,1531173891717,1445331,0.00006860,804.53000000,1
1531173891731,1531173891729,1445332,0.00006860,852.82000000,0
1531173891741,1531173891738,1445333,0.00006860,804.52000000,1
1531173905727,1531173905723,1445334,0.00006860,0.01000000,1
1531173905740,1531173905737,1445335,0.00006860,470.79000000,0
1531173905750,1531173905746,1445336,0.00006860,0.01000000,1
1531173965169,1531173965167,1445337,0.00006860,54.74000000,1
1531173965639,1531173965636,1445338,0.00006860,32.20000000,0
1531173985148,1531173985144,1445339,0.00006860,610.71000000,1
1531174029675,1531174029672,1445340,0.00006870,305.07000000,0
1531174033773,1531174033771,1445341,0.00006860,302.06000000,1
1531174033800,1531174033796,1445342,0.00006860,1471.44000000,1
1531174084782,1531174084778,1445343,0.00006870,535.59000000,1
1531174098294,1531174098291,1445344,0.00006890,18.87000000,0
1531174110949,1531174110913,1445345,0.00006880,976.29000000,1
1531174165038,1531174165035,1445346,0.00006880,1036.32000000,1
1531174165056,1531174165054,1445347,0.00006880,97.21000000,0
1531174165068,1531174165065,1445348,0.00006880,506.62000000,1
1531174165088,1531174165084,1445349,0.00006880,529.70000000,1
1531174207682,1531174207679,1445350,0.00006890,250.62000000,0
1531174210776,1531174210772,1445351,0.00006880,1186.34000000,1
1531174210790,1531174210788,1445352,0.00006880,1331.46000000,1
1531174242768,1531174242766,1445353,0.00006890,170.53000000,0
1531174246842,1531174246840,1445354,0.00006890,1262.30000000,0
1531174246859,1531174246857,1445355,0.00006880,1069.75000000,1
1531174246940,1531174246937,1445356,0.00006900,322.20000000,0
1531174285686,1531174285684,1445357,0.00006910,1264.95000000,0
1531174286893,1531174286891,1445358,0.00006920,427.00000000,0
1531174288753,1531174288752,1445359,0.00006910,346.90000000,0
1531174288762,1531174288760,1445360,0.00006910,1764.85000000,0
1531174288776,1531174288774,1445361,0.00006910,346.90000000,1
1531174288776,1531174288774,1445362,0.00006890,991.32000000,1
1531174288786,1531174288783,1445363,0.00006890,1199.84000000,1
1531174296820,1531174296818,1445364,0.00006900,87.45000000,1
1531174321078,1531174321075,1445365,0.00006930,434.35000000,0
1531174322713,1531174322711,1445366,0.00006940,145.01000000,0
1531174325705,1531174325703,1445367,0.00006940,86.29000000,0
1531174331135,1531174331133,1445368,0.00006950,143.88000000,0
1531174352147,1531174352144,1445369,0.00006930,61.16000000,1
1531174353100,1531174353098,1445370,0.00006940,227.01000000,0
1531174353117,1531174353115,1445371,0.00006930,135.12000000,1
1531174400546,1531174400543,1445372,0.00006930,1.24000000,1
1531174403693,1531174403691,1445373,0.00006950,370.97000000,0
1531174404797,1531174404794,1445374,0.00006940,1394.00000000,1
1531174404812,1531174404810,1445375,0.00006940,204.18000000,1
1531174424236,1531174424234,1445376,0.00006940,35.81000000,0
1531174424252,1531174424250,1445377,0.00006930,966.88000000,1
1531174424270,1531174424267,1445378,0.00006930,28.87000000,1
1531174424363,1531174424361,1445379,0.00006960,143.67000000,0
1531174487499,1531174487496,1445380,0.00006940,1851.58000000,0
1531174487521,1531174487518,1445381,0.00006930,1215.95000000,1
1531174487532,1531174487530,1445382,0.00006930,1381.76000000,1
1531174510579,1531174510577,1445383,0.00006930,566.39000000,1
1531174514398,1531174514395,1445384,0.00006960,110.86000000,0
1531174547707,1531174547705,1445385,0.00006940,1894.13000000,0
1531174547724,1531174547722,1445386,0.00006930,1496.66000000,1
1531174547752,1531174547751,1445387,0.00006930,1315.35000000,1
1531174590556,1531174590554,1445388,0.00006930,1196.25000000,1
1531174606928,1531174606926,1445389,0.00006930,1297.97000000,1
1531174623625,1531174623623,1445390,0.00006930,112.43000000,1
1531174666222,1531174666220,1445391,0.00006940,370.13000000,0
1531174666229,1531174666227,1445392,0.00006930,362.87000000,1
1531174709169,1531174709167,1445393,0.00006940,940.55000000,0
1531174709176,1531174709174,1445394,0.00006930,932.66000000,1
1531174709193,1531174709190,1445395,0.00006930,470.26000000,1
1531174745052,1531174745048,1445396,0.00006930,147.71000000,1
1531174745063,1531174745060,1445397,0.00006930,226.84000000,1
1531174772149,1531174772147,1445398,0.00006930,1489.75000000,1
1531174772167,1531174772165,1445399,0.00006930,832.77000000,1
1531174804130,1531174804129,1445400,0.00006930,1254.06000000,1
1531174852776,1531174852774,1445401,0.00006940,79.56000000,1
1531174864164,1531174864163,1445402,0.00006950,848.62000000,1
1531174895720,1531174895716,1445403,0.00006950,893.33000000,1
1531174930362,1531174930360,1445404,0.00006930,115.12000000,1
1531174944056,1531174944054,1445405,0.00006930,30.65000000,1
1531174945387,1531174945385,1445406,0.00006930,733.40000000,1
1531174945411,1531174945408,1445407,0.00006930,1348.43000000,1
1531174952518,1531174952516,1445408,0.00006930,84.48000000,1
1531174952754,1531174952747,1445409,0.00006930,126.63000000,0
1531174964226,1531174964223,1445410,0.00006940,35.93000000,0
1531174964236,1531174964233,1445411,0.00006930,23.96000000,1
1531174985829,1531174985827,1445412,0.00006940,14.41000000,1
1531174985846,1531174985844,1445413,0.00006940,547.00000000,1
1531174990243,1531174990239,1445414,0.00006920,115.28000000,1
1531174990243,1531174990239,1445415,0.00006900,978.23000000,1
1531175022565,1531175022563,1445416,0.00006910,2798.10000000,0
1531175022585,1531175022581,1445417,0.00006900,1034.75000000,1
1531175022602,1531175022601,1445418,0.00006900,1093.00000000,1
1531175027207,1531175027205,1445419,0.00006900,0.01000000,1
1531175049769,1531175049767,1445420,0.00006920,200.94000000,0
1531175065740,1531175065737,1445421,0.00006910,272.62000000,1
1531175080895,1531175080892,1445422,0.00006930,173.03000000,0
1531175085548,1531175085545,1445423,0.00006930,1958.38000000,0
1531175085558,1531175085556,1445424,0.00006920,672.47000000,1
1531175085580,1531175085578,1445425,0.00006920,866.52000000,1
1531175106197,1531175106194,1445426,0.00006930,208.22000000,1
1531175106211,1531175106209,1445427,0.00006930,83.30000000,0
1531175106221,1531175106217,1445428,0.00006930,208.21000000,1
1531175114430,1531175114428,1445429,0.00006930,0.01000000,1
1531175114759,1531175114756,1445430,0.00006930,291.50000000,0
1531175144868,1531175144866,1445431,0.00006930,819.00000000,1
1531175144868,1531175144866,1445432,0.00006920,115.28000000,1
1531175145680,1531175145676,1445433,0.00006900,1000.00000000,0
1531175145752,1531175145750,1445434,0.00006900,483.30000000,0
1531175149008,1531175149007,1445435,0.00006910,115.45000000,0
1531175186501,1531175186500,1445436,0.00006920,1401.19000000,0
1531175186508,1531175186507,1445437,0.00006910,973.03000000,1
1531175186864,1531175186863,1445438,0.00006910,115.45000000,1
1531175197029,1531175197028,1445439,0.00006900,115.62000000,1
1531175203871,1531175203869,1445440,0.00006910,115.45000000,1
1531175206702,1531175206701,1445441,0.00006900,176.46000000,1
1531175206717,1531175206715,1445442,0.00006900,127.62000000,1
1531175224872,1531175224870,1445443,0.00006890,1267.28000000,1
1531175224896,1531175224893,1445444,0.00006890,1070.76000000,1
1531175284431,1531175284430,1445445,0.00006900,183.00000000,0
1531175284442,1531175284441,1445446,0.00006890,231.18000000,1
1531175284459,1531175284458,1445447,0.00006890,101.68000000,1
1531175296574,1531175296571,1445448,0.00006880,581.39000000,1
1531175296574,1531175296571,1445449,0.00006870,5643.04000000,1
1531175302757,1531175302754,1445450,0.00006870,988.00000000,1
1531175302781,1531175302779,1445451,0.00006870,818.11000000,1
1531175379275,1531175379271,1445452,0.00006870,270.76000000,1
1531175379288,1531175379286,1445453,0.00006870,113.23000000,1
1531175405498,1531175405497,1445454,0.00006870,1234.30000000,1
1531175416539,1531175416538,1445455,0.00006880,282.81000000,0
1531175416549,1531175416547,1445456,0.00006870,282.81000000,1
1531175458028,1531175458026,1445457,0.00006870,417.13000000,1
1531175481615,1531175481613,1445458,0.00006910,3.00000000,0
1531175506719,1531175506718,1445459,0.00006890,104.90000000,0
1531175506729,1531175506727,1445460,0.00006870,92.01000000,1
1531175532757,1531175532756,1445461,0.00006870,1196.23000000,1
1531175584848,1531175584847,1445462,0.00006890,4036.37000000,0
1531175584856,1531175584854,1445463,0.00006870,1035.00000000,1
1531175584878,1531175584877,1445464,0.00006870,1363.65000000,1
1531175607516,1531175607515,1445465,0.00006890,923.01000000,0
1531175607523,1531175607522,1445466,0.00006880,1003.66000000,1
1531175607541,1531175607539,1445467,0.00006880,650.00000000,1
1531175643823,1531175643821,1445468,0.00006870,646.00000000,1
1531175643844,1531175643843,1445469,0.00006870,421.31000000,1
1531175663871,1531175663869,1445470,0.00006880,164.96000000,0
1531175664807,1531175664805,1445471,0.00006870,589.45000000,1
1531175683811,1531175683810,1445472,0.00006890,115.79000000,0
1531175686787,1531175686786,1445473,0.00006890,2126.61000000,0
1531175686799,1531175686798,1445474,0.00006880,713.62000000,1
1531175726151,1531175726150,1445475,0.00006900,1575.82000000,0
1531175726163,1531175726162,1445476,0.00006890,673.41000000,1
1531175745367,1531175745366,1445477,0.00006900,2309.60000000,1
1531175745383,1531175745381,1445478,0.00006900,196.53000000,0
1531175745393,1531175745390,1445479,0.00006900,1381.39000000,1
1531175745415,1531175745414,1445480,0.00006900,928.21000000,1
1531175751751,1531175751750,1445481,0.00006900,646.55000000,1
1531175785998,1531175785997,1445482,0.00006900,825.70000000,1
1531175786020,1531175786019,1445483,0.00006900,1416.75000000,1
1531175786038,1531175786037,1445484,0.00006900,425.62000000,1
1531175818754,1531175818752,1445485,0.00006900,353.45000000,1
1531175823973,1531175823970,1445486,0.00006900,3.28000000,1
1531175830149,1531175830146,1445487,0.00006890,28.39000000,0
1531175861846,1531175861837,1445488,0.00006870,116.12000000,1
1531175867244,1531175867243,1445489,0.00006890,1910.76000000,0
1531175867257,1531175867255,1445490,0.00006900,356.73000000,0
1531175890592,1531175890590,1445491,0.00006900,637.29000000,0
1531175890604,1531175890603,1445492,0.00006890,374.87000000,1
1531175905820,1531175905819,1445493,0.00006900,1209.69000000,0
1531175905827,1531175905825,1445494,0.00006890,693.97000000,1
1531175905849,1531175905848,1445495,0.00006890,756.04000000,1
1531175929878,1531175929877,1445496,0.00006900,541.38000000,1
1531175940852,1531175940851,1445497,0.00006900,42.57000000,1
1531175973868,1531175973863,1445498,0.00006900,109.40000000,1
1531175996123,1531175996121,1445499,0.00006890,11.07000000,1
1531176026711,1531176026710,1445500,0.00006900,132.84000000,1
1531176026734,1531176026731,1445501,0.00006900,1275.66000000,1
1531176068070,1531176068069,1445502,0.00006900,1373.91000000,1
1531176068101,1531176068100,1445503,0.00006900,438.87000000,1
1531176068116,1531176068114,1445504,0.00006900,1073.35000000,1
1531176068537,1531176068534,1445505,0.00006890,104.72000000,1
1531176068537,1531176068534,1445506,0.00006870,457.34000000,1
1531176068537,1531176068534,1445507,0.00006860,2287.00000000,1
1531176068537,1531176068534,1445508,0.00006850,3138.58000000,1
1531176068557,1531176068556,1445509,0.00006850,103.65000000,0
1531176068566,1531176068564,1445510,0.00006850,103.65000000,0
1531176068578,1531176068577,1445511,0.00006850,41.21000000,0
1531176068596,1531176068594,1445512,0.00006850,103.65000000,0
1531176068601,1531176068599,1445513,0.00006850,103.65000000,0
1531176069070,1531176069068,1445514,0.00006850,630.62000000,0
1531176071409,1531176071407,1445515,0.00006840,58.39000000,0
1531176071751,1531176071750,1445516,0.00006840,46.00000000,0
1531176082055,1531176082053,1445517,0.00006830,110.86000000,1
1531176083786,1531176083784,1445518,0.00006830,224.92000000,0
1531176085022,1531176085020,1445519,0.00006830,174.28000000,0
1531176101750,1531176101748,1445520,0.00006830,23.43000000,0
1531176119603,1531176119601,1445521,0.00006820,1628.57000000,1
1531176119630,1531176119628,1445522,0.00006820,849.26000000,0
1531176119890,1531176119888,1445523,0.00006820,627.16000000,0
1531176121263,1531176121261,1445524,0.00006810,117.14000000,1
1531176122034,1531176122033,1445525,0.00006810,2835.33000000,0
1531176122147,1531176122146,1445526,0.00006800,180.28000000,1
1531176122805,1531176122803,1445527,0.00006810,45.78000000,0
1531176123124,1531176123122,1445528,0.00006800,23.84000000,1
1531176123124,1531176123122,1445529,0.00006790,395.62000000,1
1531176123813,1531176123812,1445530,0.00006800,58.10000000,0
1531176124797,1531176124795,1445531,0.00006810,16.16000000,0
1531176126361,1531176126359,1445532,0.00006820,0.01000000,0
1531176126792,1531176126789,1445533,0.00006840,87.38000000,0
1531176127790,1531176127788,1445534,0.00006840,116.63000000,0
1531176130909,1531176130907,1445535,0.00006850,29.37000000,0
1531176131340,1531176131338,1445536,0.00006850,87.37000000,1
1531176166302,1531176166301,1445537,0.00006850,1995.00000000,0
1531176166316,1531176166315,1445538,0.00006840,995.58000000,1
1531176166338,1531176166335,1445539,0.00006840,1187.50000000,1
1531176168387,1531176168386,1445540,0.00006870,43.00000000,0
1531176175618,1531176175615,1445541,0.00006830,59.24000000,1
1531176187684,1531176187683,1445542,0.00006840,1117.04000000,0
1531176187694,1531176187693,1445543,0.00006820,870.00000000,1
1531176187712,1531176187711,1445544,0.00006820,734.88000000,1
1531176196912,1531176196910,1445545,0.00006810,56.36000000,1
1531176196954,1531176196953,1445546,0.00006810,60.65000000,1
1531176198798,1531176198796,1445547,0.00006820,59.24000000,0
1531176200867,1531176200865,1445548,0.00006810,58.29000000,1
1531176300394,1531176300391,1445549,0.00006850,76.21000000,1
1531176300394,1531176300391,1445550,0.00006840,16.11000000,1
1531176322735,1531176322732,1445551,0.00006850,17.01000000,1
1531176323209,1531176323194,1445552,0.00006860,1.24000000,0
1531176350686,1531176350684,1445553,0.00006850,1414.14000000,1
1531176350708,1531176350706,1445554,0.00006850,20.76000000,1
1531176386996,1531176386995,1445555,0.00006840,59.93000000,1
1531176402198,1531176402196,1445556,0.00006850,103.65000000,1
1531176407342,1531176407340,1445557,0.00006850,1103.39000000,1
1531176407371,1531176407369,1445558,0.00006850,1414.23000000,1
1531176407394,1531176407391,1445559,0.00006850,553.12000000,1
1531176433392,1531176433391,1445560,0.00006840,0.25000000,1
1531176433407,1531176433406,1445561,0.00006840,164.59000000,0
1531176433424,1531176433423,1445562,0.00006850,250.43000000,0
1531176447788,1531176447787,1445563,0.00006860,17.49000000,0
1531176448025,1531176448023,1445564,0.00006860,84.75000000,0
1531176467397,1531176467396,1445565,0.00006860,866.10000000,1
1531176467415,1531176467413,1445566,0.00006860,1361.71000000,1
1531176467436,1531176467435,1445567,0.00006850,406.32000000,1
1531176467461,1531176467459,1445568,0.00006840,0.25000000,1
1531176468044,1531176468043,1445569,0.00006840,164.59000000,0
1531176504276,1531176504274,1445570,0.00006850,635.12000000,1
1531176504291,1531176504288,1445571,0.00006850,259.37000000,1
1531176544962,1531176544961,1445572,0.00006830,1162.39000000,1
1531176569252,1531176569251,1445573,0.00006860,2985.92000000,0
1531176569262,1531176569261,1445574,0.00006840,382.43000000,1
1531176569285,1531176569282,1445575,0.00006840,1223.75000000,1
1531176572414,1531176572412,1445576,0.00006880,20.81000000,0
1531176652751,1531176652750,1445577,0.00006850,1132.39000000,1
1531176652762,1531176652761,1445578,0.00006850,1189.32000000,1
1531176655912,1531176655909,1445579,0.00006850,116.46000000,1
1531176685522,1531176685521,1445580,0.00006850,573.63000000,0
1531176685537,1531176685536,1445581,0.00006840,377.37000000,1
1531176698919,1531176698915,1445582,0.00006870,62.50000000,0
1531176700094,1531176700093,1445583,0.00006840,835.24000000,1
1531176746695,1531176746694,1445584,0.00006860,1298.16000000,0
1531176746705,1531176746704,1445585,0.00006850,711.71000000,1
1531176746722,1531176746719,1445586,0.00006850,1030.27000000,1
1531176777919,1531176777918,1445587,0.00006870,53.62000000,0
1531176782650,1531176782647,1445588,0.00006860,514.87000000,1
1531176782669,1531176782668,1445589,0.00006860,1383.42000000,1
1531176805377,1531176805376,1445590,0.00006860,2516.01000000,0
1531176805391,1531176805390,1445591,0.00006850,288.87000000,1
1531176805410,1531176805409,1445592,0.00006850,1480.00000000,1
1531176817224,1531176817223,1445593,0.00006850,3.08000000,1
1531176844611,1531176844610,1445594,0.00006870,909.97000000,0
1531176844622,1531176844621,1445595,0.00006860,331.87000000,1
1531176844630,1531176844629,1445596,0.00006860,347.31000000,1
1531176886771,1531176886770,1445597,0.00006870,2600.49000000,0
1531176886783,1531176886781,1445598,0.00006860,1360.76000000,1
1531176886797,1531176886795,1445599,0.00006860,1226.66000000,1
1531176890246,1531176890243,1445600,0.00006860,17.49000000,1
1531176898984,1531176898981,1445601,0.00006870,707.29000000,1
1531176899000,1531176898998,1445602,0.00006870,432.94000000,0
1531176899010,1531176899008,1445603,0.00006870,148.34000000,1
1531176899032,1531176899030,1445604,0.00006870,558.95000000,1
1531176908843,1531176908842,1445605,0.00006870,325.19000000,1
1531176908920,1531176908919,1445606,0.00006870,126.87000000,1
1531176920111,1531176920109,1445607,0.00006850,3.18000000,1
1531176923930,1531176923927,1445608,0.00006860,726.76000000,1
1531176930604,1531176930603,1445609,0.00006860,1106.33000000,1
1531176930627,1531176930625,1445610,0.00006860,1449.01000000,1
1531176930644,1531176930643,1445611,0.00006860,851.01000000,1
1531176943226,1531176943224,1445612,0.00006870,1.29000000,0
1531176946800,1531176946799,1445613,0.00006860,284.77000000,1
1531176946810,1531176946808,1445614,0.00006860,370.22000000,0
1531176946829,1531176946827,1445615,0.00006860,284.76000000,1
1531177006839,1531177006838,1445616,0.00006860,163.55000000,1
1531177006866,1531177006865,1445617,0.00006860,1094.25000000,1
1531177006877,1531177006875,1445618,0.00006860,77.15000000,1
1531177034884,1531177034881,1445619,0.00006860,311.81000000,1
1531177045481,1531177045480,1445620,0.00006860,1492.06000000,1
1531177045495,1531177045493,1445621,0.00006860,2758.29000000,0
1531177045508,1531177045505,1445622,0.00006860,46.35000000,1
1531177045528,1531177045525,1445623,0.00006860,1445.71000000,1
1531177062351,1531177062349,1445624,0.00006860,1263.11000000,1
1531177062365,1531177062363,1445625,0.00006860,884.28000000,0
1531177062382,1531177062380,1445626,0.00006860,240.53000000,1
1531177062406,1531177062405,1445627,0.00006860,1022.58000000,1
1531177102075,1531177102074,1445628,0.00006860,285.87000000,1
1531177151922,1531177151922,1445629,0.00006860,14.58000000,1
1531177204189,1531177204187,1445630,0.00006860,1454.26000000,1
1531177219957,1531177219956,1445631,0.00006850,922.87000000,1
1531177219976,1531177219974,1445632,0.00006850,585.59000000,1
1531177247126,1531177247125,1445633,0.00006850,888.46000000,1
1531177253663,1531177253662,1445634,0.00006850,451.92000000,1
1531177253688,1531177253686,1445635,0.00006850,597.00000000,1
1531177306445,1531177306442,1445636,0.00006850,613.75000000,1
1531177306457,1531177306457,1445637,0.00006850,1080.22000000,0
1531177306469,1531177306470,1445638,0.00006850,613.75000000,1
1531177320279,1531177320278,1445639,0.00006850,296.51000000,1
1531177320295,1531177320294,1445640,0.00006850,343.97000000,0
1531177320308,1531177320307,1445641,0.00006850,296.50000000,1
1531177365735,1531177365735,1445642,0.00006850,1389.84000000,1
1531177387642,1531177387642,1445643,0.00006840,3.37000000,1
1531177406944,1531177406943,1445644,0.00006860,58.89000000,0
1531177408907,1531177408906,1445645,0.00006860,2585.83000000,0
1531177408927,1531177408928,1445646,0.00006850,1175.39000000,1
1531177445640,1531177445640,1445647,0.00006860,1359.84000000,1
1531177458391,1531177458392,1445648,0.00006870,748.87000000,1
1531177501013,1531177501013,1445649,0.00006870,155.29000000,1
1531177522097,1531177522098,1445650,0.00006870,151.93000000,1
1531177522118,1531177522117,1445651,0.00006870,1491.75000000,1
1531177565594,1531177565594,1445652,0.00006870,1876.44000000,1
1531177565620,1531177565621,1445653,0.00006870,1258.22000000,1
1531177565642,1531177565643,1445654,0.00006870,1379.75000000,1
1531177572121,1531177572119,1445655,0.00006860,116.29000000,1
1531177586196,1531177586196,1445656,0.00006840,2028.30000000,0
1531177586210,1531177586211,1445657,0.00006830,965.87000000,1
1531177605464,1531177605464,1445658,0.00006850,116.46000000,0
1531177605464,1531177605464,1445659,0.00006870,259.85000000,0
1531177625597,1531177625597,1445660,0.00006840,583.25000000,1
1531177625614,1531177625614,1445661,0.00006840,639.33000000,1
1531177634875,1531177634875,1445662,0.00006840,116.63000000,1
1531177634892,1531177634892,1445663,0.00006840,679.84000000,0
1531177634906,1531177634907,1445664,0.00006840,1309.80000000,0
1531177636125,1531177636127,1445665,0.00006840,97.60000000,0
1531177704579,1531177704580,1445666,0.00006840,1369.29000000,0
1531177704601,1531177704603,1445667,0.00006840,56.07000000,0
1531177716553,1531177716554,1445668,0.00006870,1324.57000000,0
1531177745813,1531177745814,1445669,0.00006860,14.58000000,0
1531177745827,1531177745827,1445670,0.00006860,409.69000000,0
1531177761158,1531177761161,1445671,0.00006850,145.97000000,1
1531177817784,1531177817786,1445672,0.00006850,0.01000000,1
1531177817842,1531177817844,1445673,0.00006850,60.73000000,0
1531177833899,1531177833900,1445674,0.00006830,907.47000000,0
1531177833917,1531177833918,1445675,0.00006840,335.68000000,0
1531177833941,1531177833943,1445676,0.00006840,343.75000000,0
1531177838615,1531177838617,1445677,0.00006820,2.86000000,1
1531177860822,1531177860825,1445678,0.00006830,50.00000000,0
1531177862287,1531177862289,1445679,0.00006830,25.00000000,0
1531177864767,1531177864766,1445680,0.00006830,25.00000000,0
1531177866006,1531177866008,1445681,0.00006820,85.10000000,1
1531177866021,1531177866023,1445682,0.00006820,622.72000000,0
1531177866036,1531177866037,1445683,0.00006830,1168.09000000,0
1531177866055,1531177866057,1445684,0.00006830,428.25000000,0
1531177885409,1531177885410,1445685,0.00006830,99.99000000,1
1531177885420,1531177885422,1445686,0.00006830,2792.53000000,0
1531177885431,1531177885434,1445687,0.00006840,43.17000000,0
1531177885451,1531177885452,1445688,0.00006840,1268.66000000,0
1531177885474,1531177885476,1445689,0.00006830,99.99000000,1
1531177909022,1531177909023,1445690,0.00006820,340.98000000,0
1531177925724,1531177925725,1445691,0.00006810,455.68000000,1
1531177925764,1531177925764,1445692,0.00006820,342.68000000,0
1531177925788,1531177925791,1445693,0.00006820,399.73000000,0
1531177925806,1531177925806,1445694,0.00006830,528.24000000,0
1531177937269,1531177937270,1445695,0.00006810,433.79000000,1
1531177937279,1531177937281,1445696,0.00006810,2250.72000000,0
1531177937293,1531177937294,1445697,0.00006820,1231.44000000,0
1531177981024,1531177981026,1445698,0.00006810,996.52000000,0
1531178010939,1531178010941,1445699,0.00006800,300.35000000,1
1531178010939,1531178010941,1445700,0.00006790,2602.61000000,1
1531178016691,1531178016691,1445701,0.00006810,58.14000000,0
1531178023247,1531178023250,1445702,0.00006810,84.86000000,1
1531178027030,1531178027033,1445703,0.00006810,2067.31000000,0
1531178085993,1531178085997,1445704,0.00006810,133.96000000,1
1531178109108,1531178109111,1445705,0.00006810,886.27000000,1
1531178109124,1531178109127,1445706,0.00006810,573.85000000,1
1531178164631,1531178164634,1445707,0.00006820,1150.48000000,1
1531178164653,1531178164657,1445708,0.00006820,1027.72000000,1
1531178184903,1531178184906,1445709,0.00006830,2300.87000000,0
1531178184912,1531178184914,1445710,0.00006820,1000.37000000,1
1531178223756,1531178223758,1445711,0.00006830,1794.80000000,0
1531178223763,1531178223767,1445712,0.00006820,975.45000000,1
1531178266744,1531178266747,1445713,0.00006820,486.81000000,1
1531178266758,1531178266762,1445714,0.00006820,335.19000000,1
1531178283968,1531178283971,1445715,0.00006830,1323.20000000,0
1531178283980,1531178283984,1445716,0.00006820,918.87000000,1
1531178330354,1531178330357,1445717,0.00006820,956.48000000,1
1531178343825,1531178343830,1445718,0.00006820,374.92000000,1
1531178343840,1531178343844,1445719,0.00006820,513.00000000,1
1531178350972,1531178350976,1445720,0.00006830,1018.47000000,0
1531178350984,1531178350987,1445721,0.00006820,536.02000000,1
1531178385941,1531178385946,1445722,0.00006820,486.76000000,1
1531178385959,1531178385961,1445723,0.00006820,1077.00000000,1
1531178402035,1531178402039,1445724,0.00006830,2635.73000000,0
1531178402047,1531178402051,1445725,0.00006820,1318.60000000,1
1531178402062,1531178402065,1445726,0.00006820,1037.70000000,1
1531178446920,1531178446924,1445727,0.00006800,1302.09000000,1
1531178492778,1531178492782,1445728,0.00006810,2365.29000000,0
1531178492791,1531178492794,1445729,0.00006800,857.00000000,1
1531178498997,1531178499001,1445730,0.00006800,31.74000000,0
1531178506755,1531178506759,1445731,0.00006820,15.00000000,0
1531178507610,1531178507614,1445732,0.00006810,634.22000000,0
1531178507624,1531178507629,1445733,0.00006800,548.08000000,1
1531178507657,1531178507659,1445734,0.00006800,275.75000000,1
1531178517887,1531178517890,1445735,0.00006820,58.65000000,0
1531178517963,1531178517967,1445736,0.00006810,668.34000000,0
1531178517980,1531178517984,1445737,0.00006800,514.12000000,1
