event_time,trade_time,trade_id,price,quantity,maker
1531160278552,1531160278551,3036936,0.00238400,0.42400000,0
1531160289980,1531160289978,3036937,0.00238000,2.51200000,1
1531160289980,1531160289978,3036938,0.00237900,1.48800000,1
1531160293709,1531160293708,3036939,0.00237900,2.11000000,1
1531160299579,1531160299574,3036940,0.00238400,2.51200000,0
1531160299579,1531160299574,3036941,0.00238600,3.37500000,0
1531160299579,1531160299574,3036942,0.00238700,27.67000000,0
1531160299579,1531160299574,3036943,0.00239000,24.49700000,0
1531160318172,1531160318169,3036944,0.00239000,6.35700000,0
1531160320074,1531160320071,3036945,0.00239000,23.35300000,0
1531160328177,1531160328175,3036946,0.00239000,8.83700000,0
1531160336724,1531160336721,3036947,0.00238900,2.19200000,0
1531160339410,1531160339406,3036948,0.00238900,11.61000000,0
1531160339410,1531160339406,3036949,0.00239000,8.39000000,0
1531160357240,1531160357236,3036950,0.00238300,11.33800000,1
1531160357268,1531160357266,3036951,0.00238400,2.91900000,1
1531160358759,1531160358756,3036952,0.00238400,10.08100000,1
1531160358759,1531160358756,3036953,0.00238300,12.90000000,1
1531160362587,1531160362583,3036954,0.00238300,13.42700000,1
1531160372004,1531160372000,3036955,0.00238800,6.67500000,0
1531160372004,1531160372000,3036956,0.00239000,59.78600000,0
1531160381218,1531160381215,3036957,0.00238500,5.98500000,1
1531160396064,1531160396059,3036958,0.00238400,6.81000000,1
1531160396064,1531160396059,3036959,0.00238300,9.97500000,1
1531160400274,1531160400270,3036960,0.00238300,5.56800000,1
1531160402094,1531160402093,3036961,0.00238300,6.71300000,0
1531160404953,1531160404949,3036962,0.00238300,13.00000000,1
1531160404953,1531160404949,3036963,0.00238200,2.82200000,1
1531160420189,1531160420183,3036964,0.00238200,1.72900000,1
1531160420189,1531160420183,3036965,0.00238100,20.51500000,1
1531160420189,1531160420183,3036966,0.00238000,6.57900000,1
1531160420189,1531160420183,3036967,0.00237900,24.02900000,1
1531160431435,1531160431432,3036968,0.00237900,3.12500000,1
1531160433282,1531160433279,3036969,0.00238600,0.44500000,0
1531160433407,1531160433404,3036970,0.00238600,0.44500000,0
1531160433534,1531160433531,3036971,0.00238600,0.44500000,0
1531160433658,1531160433655,3036972,0.00238600,0.44500000,0
1531160433795,1531160433792,3036973,0.00238600,0.44500000,0
1531160436286,1531160436265,3036974,0.00238200,4.36900000,1
1531160436972,1531160436967,3036975,0.00237900,6.96700000,1
1531160437102,1531160437098,3036976,0.00238000,20.89100000,0
1531160458918,1531160458915,3036977,0.00237600,1.23900000,1
1531160466832,1531160466829,3036978,0.00238000,14.46200000,1
1531160510831,1531160510827,3036979,0.00237600,3.44100000,1
1531160517792,1531160517788,3036980,0.00236600,6.80300000,1
1531160531021,1531160531017,3036981,0.00236800,2.19000000,1
1531160533593,1531160533588,3036982,0.00237500,0.44200000,0
1531160533717,1531160533714,3036983,0.00237500,0.44200000,0
1531160533852,1531160533850,3036984,0.00237500,0.44200000,0
1531160533985,1531160533981,3036985,0.00237500,0.44200000,0
1531160534119,1531160534116,3036986,0.00237500,0.44200000,0
1531160535113,1531160535109,3036987,0.00237500,10.79000000,0
1531160535113,1531160535109,3036988,0.00237600,54.37200000,0
1531160539949,1531160539945,3036989,0.00237800,9.15800000,1
1531160542134,1531160542131,3036990,0.00237900,13.00000000,1
1531160542134,1531160542131,3036991,0.00237800,6.77000000,1
1531160542158,1531160542154,3036992,0.00237600,78.76900000,1
1531160581976,1531160581973,3036993,0.00237900,0.42500000,0
1531160585295,1531160585292,3036994,0.00237900,5.93900000,0
1531160602466,1531160602463,3036995,0.00237300,3.35600000,1
1531160606870,1531160606866,3036996,0.00237300,8.30700000,1
1531160606870,1531160606866,3036997,0.00237200,1.56100000,1
1531160606870,1531160606866,3036998,0.00237100,10.68600000,1
1531160606870,1531160606866,3036999,0.00237000,17.83600000,1
1531160606870,1531160606866,3037000,0.00236900,36.35800000,1
1531160617842,1531160617839,3037001,0.00237100,16.12600000,1
1531160618005,1531160618003,3037002,0.00237100,0.20900000,1
1531160637446,1531160637443,3037003,0.00237500,0.00400000,0
1531160659036,1531160659036,3037004,0.00237000,6.76300000,1
1531160666975,1531160666971,3037005,0.00237500,0.83900000,0
1531160671980,1531160671977,3037006,0.00237500,9.86300000,1
1531160681061,1531160681057,3037007,0.00237300,17.27900000,0
1531160681061,1531160681057,3037008,0.00237400,9.99900000,0
1531160690571,1531160690567,3037009,0.00237000,0.44200000,1
1531160690708,1531160690705,3037010,0.00237000,0.44200000,1
1531160690834,1531160690831,3037011,0.00237000,0.44200000,1
1531160691082,1531160691077,3037012,0.00237000,0.44100000,1
1531160691206,1531160691206,3037013,0.00237000,0.44200000,1
1531160691340,1531160691336,3037014,0.00237400,0.44200000,0
1531160691468,1531160691463,3037015,0.00237400,0.44200000,0
1531160691604,1531160691600,3037016,0.00237400,0.44200000,0
1531160691728,1531160691726,3037017,0.00237400,0.44200000,0
1531160691867,1531160691865,3037018,0.00237400,0.44200000,0
1531160693100,1531160693096,3037019,0.00237400,4.81400000,0
1531160698780,1531160698776,3037020,0.00237400,4.15400000,0
1531160713924,1531160713921,3037021,0.00237400,25.70100000,0
1531160727635,1531160727632,3037022,0.00237300,6.74100000,0
1531160777422,1531160777419,3037023,0.00237200,2.49200000,0
1531160784535,1531160784533,3037024,0.00237200,0.44200000,0
1531160784679,1531160784676,3037025,0.00237200,0.44200000,0
1531160784812,1531160784807,3037026,0.00237200,0.44200000,0
1531160784940,1531160784937,3037027,0.00237200,0.44200000,0
1531160785065,1531160785062,3037028,0.00237200,0.44200000,0
1531160785156,1531160785153,3037029,0.00237100,27.49100000,1
1531160799557,1531160799553,3037030,0.00237000,16.03800000,1
1531160799606,1531160799603,3037031,0.00237000,2.23700000,0
1531160805737,1531160805734,3037032,0.00236900,57.77900000,1
1531160807670,1531160807667,3037033,0.00236900,6.74100000,1
1531160807751,1531160807745,3037034,0.00236900,43.48400000,1
1531160807751,1531160807745,3037035,0.00236700,38.87500000,1
1531160807751,1531160807745,3037036,0.00236100,4.95600000,1
1531160807751,1531160807745,3037037,0.00236000,28.37900000,1
1531160807751,1531160807745,3037038,0.00235700,0.92700000,1
1531160807751,1531160807745,3037039,0.00235000,63.37600000,1
1531160808023,1531160808022,3037040,0.00236900,0.68200000,0
1531160808052,1531160808048,3037041,0.00236900,4.56700000,0
1531160808055,1531160808052,3037042,0.00236900,11.50000000,0
1531160808059,1531160808056,3037043,0.00236900,11.54400000,0
1531160808247,1531160808243,3037044,0.00236600,0.92700000,0
1531160820164,1531160820160,3037045,0.00235700,14.43600000,0
1531160827570,1531160827566,3037046,0.00235600,3.53200000,1
1531160828165,1531160828161,3037047,0.00235600,8.90100000,0
1531160847831,1531160847827,3037048,0.00235300,14.00800000,1
1531160847875,1531160847870,3037049,0.00235000,6.74300000,1
1531160848163,1531160848161,3037050,0.00235300,9.32200000,0
1531160850277,1531160850273,3037051,0.00235100,2.88600000,1
1531160850277,1531160850273,3037052,0.00235000,113.45100000,1
1531160857181,1531160857178,3037053,0.00235000,18.46900000,1
1531160871173,1531160871169,3037054,0.00235100,13.41900000,1
1531160905892,1531160905890,3037055,0.00235200,0.99900000,1
1531160914386,1531160914381,3037056,0.00235200,2.93600000,1
1531160932167,1531160932163,3037057,0.00235200,2.62400000,1
1531160932644,1531160932641,3037058,0.00235800,2.88600000,0
1531160933170,1531160933164,3037059,0.00235800,13.67600000,1
1531160944169,1531160944165,3037060,0.00235800,0.67100000,1
1531160946461,1531160946457,3037061,0.00235200,30.99700000,1
1531160946461,1531160946457,3037062,0.00235100,10.87300000,1
1531160947176,1531160947175,3037063,0.00235200,31.06000000,0
1531160948174,1531160948171,3037064,0.00235200,10.43300000,0
1531160949224,1531160949219,3037065,0.00235200,4.00000000,1
1531160950100,1531160950096,3037066,0.00235200,1.21800000,0
1531160971878,1531160971876,3037067,0.00235200,0.71200000,0
1531160994172,1531160994169,3037068,0.00235100,217.66200000,1
1531160994172,1531160994169,3037069,0.00235000,126.67200000,1
1531160994588,1531160994584,3037070,0.00234300,8.82800000,1
1531160995182,1531160995178,3037071,0.00235200,2.77300000,1
1531161017168,1531161017162,3037072,0.00234300,2.77300000,0
1531161017168,1531161017162,3037073,0.00234500,41.13600000,0
1531161017168,1531161017162,3037074,0.00234600,6.96300000,0
1531161024378,1531161024374,3037075,0.00234900,5.97100000,1
1531161036176,1531161036174,3037076,0.00234800,13.42000000,0
1531161041327,1531161041324,3037077,0.00235800,5.97100000,0
1531161042186,1531161042183,3037078,0.00235800,0.02900000,1
1531161050275,1531161050270,3037079,0.00235200,2.76200000,1
1531161050275,1531161050270,3037080,0.00235100,1.33900000,1
1531161050275,1531161050270,3037081,0.00234800,8.51800000,1
1531161050275,1531161050270,3037082,0.00233700,8.46100000,1
1531161050275,1531161050270,3037083,0.00233500,2.55100000,1
1531161050275,1531161050270,3037084,0.00233300,20.92700000,1
1531161050275,1531161050270,3037085,0.00233200,5.47100000,1
1531161051031,1531161051027,3037086,0.00235700,1.10500000,0
1531161052184,1531161052179,3037087,0.00234300,0.92700000,0
1531161052184,1531161052179,3037088,0.00234700,2.55100000,0
1531161072921,1531161072916,3037089,0.00234000,11.08800000,1
1531161073634,1531161073629,3037090,0.00234900,0.44700000,0
1531161073767,1531161073763,3037091,0.00234900,0.44700000,0
1531161073897,1531161073893,3037092,0.00234900,0.44700000,0
1531161074022,1531161074019,3037093,0.00234900,0.44700000,0
1531161074149,1531161074146,3037094,0.00234900,0.44700000,0
1531161081475,1531161081470,3037095,0.00234500,3.46600000,0
1531161081475,1531161081470,3037096,0.00234600,2.35100000,0
1531161091177,1531161091174,3037097,0.00235000,12.65400000,0
1531161102622,1531161102618,3037098,0.00234400,2.52100000,0
1531161108335,1531161108331,3037099,0.00234100,2.52400000,0
1531161109020,1531161109017,3037100,0.00234100,2.50600000,0
1531161110176,1531161110172,3037101,0.00234200,1.30200000,0
1531161144188,1531161144183,3037102,0.00235000,2.76200000,0
1531161145619,1531161145614,3037103,0.00235200,0.44700000,0
1531161145758,1531161145756,3037104,0.00235400,0.44700000,0
1531161145890,1531161145886,3037105,0.00235400,0.44700000,0
1531161146019,1531161146014,3037106,0.00235400,0.44700000,0
1531161146147,1531161146142,3037107,0.00235400,0.44700000,0
1531161150775,1531161150771,3037108,0.00235200,4.39400000,0
1531161156029,1531161156027,3037109,0.00235200,3.67700000,0
1531161174886,1531161174884,3037110,0.00235400,3.67700000,0
1531161179848,1531161179843,3037111,0.00235500,24.11100000,0
1531161179848,1531161179843,3037112,0.00235700,4.87100000,0
1531161179848,1531161179843,3037113,0.00235800,42.44000000,0
1531161184688,1531161184683,3037114,0.00235700,1.66900000,0
1531161187886,1531161187884,3037115,0.00235700,23.27800000,0
1531161189966,1531161189964,3037116,0.00235700,1.74400000,0
1531161193111,1531161193109,3037117,0.00235800,15.47000000,0
1531161194884,1531161194880,3037118,0.00236000,2.52100000,0
1531161198195,1531161198191,3037119,0.00236300,8.46400000,1
1531161198226,1531161198222,3037120,0.00236100,2.83600000,1
1531161207040,1531161207037,3037121,0.00235700,24.59200000,0
1531161209188,1531161209184,3037122,0.00235900,2.50600000,1
1531161211227,1531161211222,3037123,0.00236600,2.50600000,0
1531161212193,1531161212190,3037124,0.00236600,1.49400000,1
1531161216033,1531161216029,3037125,0.00236600,8.46400000,0
1531161218919,1531161218915,3037126,0.00236700,2.49800000,1
1531161221854,1531161221834,3037127,0.00236700,11.19800000,1
1531161221941,1531161221937,3037128,0.00236700,8.42800000,1
1531161222155,1531161222151,3037129,0.00237200,2.83600000,0
1531161222155,1531161222151,3037130,0.00237300,2.49800000,0
1531161222155,1531161222151,3037131,0.00237500,3.26600000,0
1531161225484,1531161225480,3037132,0.00237500,0.44700000,0
1531161225611,1531161225608,3037133,0.00237500,0.44700000,0
1531161225745,1531161225741,3037134,0.00237500,0.44700000,0
1531161225873,1531161225869,3037135,0.00237500,0.41000000,0
1531161225873,1531161225869,3037136,0.00237900,0.03700000,0
1531161226000,1531161225996,3037137,0.00237900,0.44700000,0
1531161227640,1531161227636,3037138,0.00237000,0.44700000,1
1531161227774,1531161227770,3037139,0.00237000,0.44700000,1
1531161227904,1531161227899,3037140,0.00237000,0.44700000,1
1531161228031,1531161228027,3037141,0.00237000,0.44700000,1
1531161228155,1531161228151,3037142,0.00237100,0.44700000,1
1531161228281,1531161228277,3037143,0.00237800,0.44700000,0
1531161228418,1531161228413,3037144,0.00237800,0.44700000,0
1531161228543,1531161228539,3037145,0.00237800,0.44700000,0
1531161228670,1531161228666,3037146,0.00237800,0.44700000,0
1531161228810,1531161228806,3037147,0.00237800,0.44700000,0
1531161232710,1531161232705,3037148,0.00237700,0.35200000,0
1531161236200,1531161236196,3037149,0.00237700,0.09500000,0
1531161238958,1531161238953,3037150,0.00237800,0.42500000,1
1531161239103,1531161239099,3037151,0.00237800,1.81000000,0
1531161239103,1531161239099,3037152,0.00237900,21.96600000,0
1531161240104,1531161240100,3037153,0.00237900,1.11900000,1
1531161241643,1531161241639,3037154,0.00238000,3.19400000,1
1531161244653,1531161244649,3037155,0.00238000,4.00000000,1
1531161250185,1531161250182,3037156,0.00238200,4.74200000,0
1531161261639,1531161261634,3037157,0.00237900,2.77100000,1
1531161263346,1531161263341,3037158,0.00238400,3.53900000,0
1531161263860,1531161263859,3037159,0.00238400,0.44100000,0
1531161263984,1531161263979,3037160,0.00238400,0.44100000,0
1531161264107,1531161264102,3037161,0.00238400,0.44100000,0
1531161264241,1531161264237,3037162,0.00238400,0.44100000,0
1531161264373,1531161264369,3037163,0.00238400,0.44100000,0
1531161265947,1531161265942,3037164,0.00238400,1.45000000,0
1531161266904,1531161266900,3037165,0.00238400,6.00000000,1
1531161269643,1531161269638,3037166,0.00238400,4.00000000,1
1531161272191,1531161272190,3037167,0.00238400,0.77600000,1
1531161283932,1531161283927,3037168,0.00238300,0.44100000,0
1531161285065,1531161285060,3037169,0.00238300,0.44100000,0
1531161285190,1531161285187,3037170,0.00238300,0.44100000,0
1531161285324,1531161285320,3037171,0.00238300,0.44100000,0
1531161285449,1531161285446,3037172,0.00238300,0.44100000,0
1531161286315,1531161286310,3037173,0.00237900,0.00100000,1
1531161292098,1531161292094,3037174,0.00237900,11.61700000,1
1531161297192,1531161297188,3037175,0.00237800,4.41000000,0
1531161298199,1531161298197,3037176,0.00237900,64.02900000,0
1531161302065,1531161302060,3037177,0.00237700,0.17000000,1
1531161321883,1531161321878,3037178,0.00237700,4.56200000,1
1531161321883,1531161321878,3037179,0.00237000,4.03000000,1
1531161329577,1531161329574,3037180,0.00238200,0.44100000,0
1531161329713,1531161329709,3037181,0.00238200,0.44100000,0
1531161329856,1531161329852,3037182,0.00238200,0.44100000,0
1531161329980,1531161329975,3037183,0.00238200,0.44100000,0
1531161330104,1531161330100,3037184,0.00238300,0.44100000,0
1531161333820,1531161333816,3037185,0.00237300,2.75300000,1
1531161334201,1531161334197,3037186,0.00237300,18.36700000,0
1531161341068,1531161341066,3037187,0.00238200,1.30100000,0
1531161345995,1531161345990,3037188,0.00237700,0.78500000,0
1531161357646,1531161357641,3037189,0.00237200,16.54500000,1
1531161393215,1531161393211,3037190,0.00237700,2.93900000,0
1531161394090,1531161394085,3037191,0.00238200,0.44100000,0
1531161394208,1531161394205,3037192,0.00237700,12.74900000,1
1531161394428,1531161394425,3037193,0.00238200,0.44100000,0
1531161394568,1531161394563,3037194,0.00238200,0.44100000,0
1531161394705,1531161394700,3037195,0.00238200,0.12900000,0
1531161394705,1531161394700,3037196,0.00238300,0.31200000,0
1531161394840,1531161394836,3037197,0.00238300,0.44100000,0
1531161434793,1531161434791,3037198,0.00236700,1.32500000,1
1531161438138,1531161438133,3037199,0.00238100,0.44100000,0
1531161438280,1531161438277,3037200,0.00238100,0.44100000,0
1531161438420,1531161438417,3037201,0.00238100,0.44100000,0
1531161438557,1531161438554,3037202,0.00238100,0.44100000,0
1531161438676,1531161438673,3037203,0.00238100,0.44100000,0
1531161440203,1531161440202,3037204,0.00237800,0.42500000,1
1531161485533,1531161485528,3037205,0.00238400,6.43000000,0
1531161485533,1531161485528,3037206,0.00238500,2.07000000,0
1531161492693,1531161492687,3037207,0.00238500,0.30100000,0
1531161492693,1531161492687,3037208,0.00238800,0.14000000,0
1531161492831,1531161492828,3037209,0.00238800,0.44100000,0
1531161492953,1531161492951,3037210,0.00238800,0.44100000,0
1531161493088,1531161493085,3037211,0.00238700,0.44100000,0
1531161493228,1531161493224,3037212,0.00238700,0.44100000,0
1531161494845,1531161494840,3037213,0.00237700,0.44100000,1
1531161494967,1531161494962,3037214,0.00237700,0.44100000,1
1531161495100,1531161495096,3037215,0.00237700,0.44100000,1
1531161495272,1531161495267,3037216,0.00237700,0.44100000,1
1531161495405,1531161495399,3037217,0.00237700,0.44100000,1
1531161495538,1531161495532,3037218,0.00238700,0.30300000,0
1531161495538,1531161495532,3037219,0.00238800,0.13800000,0
1531161495660,1531161495655,3037220,0.00238800,0.44100000,0
1531161495784,1531161495780,3037221,0.00238800,0.44100000,0
1531161495911,1531161495907,3037222,0.00238800,0.44100000,0
1531161496036,1531161496030,3037223,0.00238800,0.44100000,0
1531161503603,1531161503599,3037224,0.00238800,2.01000000,0
1531161521190,1531161521187,3037225,0.00238800,0.19000000,0
1531161528539,1531161528536,3037226,0.00238400,0.44100000,0
1531161528667,1531161528662,3037227,0.00238400,0.44100000,0
1531161528804,1531161528800,3037228,0.00238400,0.44100000,0
1531161528937,1531161528932,3037229,0.00238400,0.44100000,0
1531161529060,1531161529056,3037230,0.00238400,0.44100000,0
1531161553213,1531161553210,3037231,0.00238500,0.50300000,1
1531161557905,1531161557900,3037232,0.00238500,2.53100000,0
1531161562970,1531161562966,3037233,0.00238500,0.03000000,0
1531161575689,1531161575685,3037234,0.00238500,4.39100000,0
1531161584264,1531161584261,3037235,0.00238500,6.27700000,0
1531161585333,1531161585329,3037236,0.00238500,2.82800000,0
1531161585816,1531161585812,3037237,0.00237700,2.70100000,1
1531161585816,1531161585812,3037238,0.00237500,33.91200000,1
1531161586216,1531161586212,3037239,0.00237500,175.25800000,0
1531161606314,1531161606309,3037240,0.00237600,4.66500000,1
1531161606314,1531161606309,3037241,0.00237500,10.98500000,1
1531161606314,1531161606309,3037242,0.00237000,6.24500000,1
1531161607240,1531161607235,3037243,0.00237000,7.89500000,0
1531161607276,1531161607266,3037244,0.00236400,1.30000000,1
1531161607276,1531161607266,3037245,0.00236100,5.67500000,1
1531161607276,1531161607266,3037246,0.00236000,1.51600000,1
1531161609230,1531161609227,3037247,0.00237200,1.51600000,0
1531161612244,1531161612240,3037248,0.00237300,1.90200000,0
1531161614730,1531161614726,3037249,0.00237000,4.38700000,1
1531161659215,1531161659210,3037250,0.00237500,3.00000000,0
1531161673441,1531161673438,3037251,0.00236600,1.38700000,1
1531161686226,1531161686222,3037252,0.00236600,2.20500000,1
1531161694247,1531161694239,3037253,0.00237000,19.81100000,1
1531161734793,1531161734789,3037254,0.00237700,2.00300000,0
1531161773631,1531161773627,3037255,0.00237100,25.67500000,1
1531161781199,1531161781193,3037256,0.00237100,33.87800000,1
1531161786306,1531161786301,3037257,0.00237100,13.88000000,1
1531161791081,1531161791076,3037258,0.00237700,0.42100000,0
1531161795171,1531161795167,3037259,0.00237000,8.66100000,1
1531161801958,1531161801955,3037260,0.00237100,13.00000000,1
1531161844317,1531161844313,3037261,0.00237100,3.33000000,1
1531161865390,1531161865385,3037262,0.00237600,2.70100000,0
1531161865390,1531161865385,3037263,0.00237700,1.79900000,0
1531161865390,1531161865385,3037264,0.00237900,3.49800000,0
1531161865390,1531161865385,3037265,0.00238000,3.77300000,0
1531161865390,1531161865385,3037266,0.00238900,31.35500000,0
1531161865916,1531161865910,3037267,0.00238900,37.37400000,1
1531161866271,1531161866266,3037268,0.00238500,3.48900000,1
1531161896663,1531161896657,3037269,0.00238700,3.48700000,0
1531161896663,1531161896657,3037270,0.00239000,7.24700000,0
1531161896663,1531161896657,3037271,0.00239200,28.26400000,0
1531161904537,1531161904533,3037272,0.00239100,0.42300000,0
1531161906788,1531161906785,3037273,0.00239000,0.44400000,0
1531161906922,1531161906918,3037274,0.00239000,0.44400000,0
1531161907059,1531161907055,3037275,0.00239000,0.44400000,0
1531161907196,1531161907191,3037276,0.00239000,0.44400000,0
1531161907323,1531161907322,3037277,0.00239000,0.44400000,0
1531161907676,1531161907671,3037278,0.00239000,87.54300000,0
1531161907676,1531161907671,3037279,0.00239100,3.05800000,0
1531161907676,1531161907671,3037280,0.00239200,22.35900000,0
1531161907676,1531161907671,3037281,0.00239500,2.00000000,0
1531161907676,1531161907671,3037282,0.00239800,24.98500000,0
1531161907676,1531161907671,3037283,0.00240000,6.43200000,0
1531161907676,1531161907671,3037284,0.00240400,71.35100000,0
1531161907676,1531161907671,3037285,0.00240600,2.07900000,0
1531161907676,1531161907671,3037286,0.00240800,7.24200000,0
1531161907676,1531161907671,3037287,0.00240900,83.21300000,0
1531161909280,1531161909275,3037288,0.00240600,3.45900000,0
1531161911408,1531161911404,3037289,0.00239800,0.05100000,1
1531161913208,1531161913204,3037290,0.00239800,0.05100000,1
1531161913216,1531161913212,3037291,0.00240900,7.04000000,0
1531161913216,1531161913212,3037292,0.00241400,13.65500000,0
1531161916248,1531161916243,3037293,0.00240900,1.17400000,1
1531161916477,1531161916470,3037294,0.00241200,3.45000000,0
1531161916477,1531161916470,3037295,0.00241400,0.35300000,0
1531161916477,1531161916470,3037296,0.00241800,8.60600000,0
1531161916477,1531161916470,3037297,0.00242000,50.36100000,0
1531161916477,1531161916470,3037298,0.00242300,0.42300000,0
1531161916477,1531161916470,3037299,0.00242400,2.47300000,0
1531161916477,1531161916470,3037300,0.00242500,17.90900000,0
1531161916477,1531161916470,3037301,0.00242600,1.00000000,0
1531161916477,1531161916470,3037302,0.00242700,6.67300000,0
1531161916477,1531161916470,3037303,0.00242800,0.45400000,0
1531161916477,1531161916470,3037304,0.00243000,82.29700000,0
1531161916616,1531161916611,3037305,0.00240200,3.46500000,1
1531161917005,1531161917001,3037306,0.00240500,29.31700000,1
1531161917005,1531161917001,3037307,0.00240400,8.31900000,1
1531161917394,1531161917389,3037308,0.00239900,0.97600000,1
1531161917770,1531161917765,3037309,0.00238900,24.58000000,1
1531161918169,1531161918164,3037310,0.00240700,2.45400000,1
1531161918169,1531161918164,3037311,0.00239500,6.52800000,1
1531161918169,1531161918164,3037312,0.00239400,0.86800000,1
1531161918589,1531161918569,3037313,0.00240900,17.07600000,1
1531161918755,1531161918752,3037314,0.00240800,14.58000000,1
1531161919029,1531161919027,3037315,0.00240800,9.05500000,1
1531161919665,1531161919662,3037316,0.00240300,1.52300000,1
1531161920281,1531161920279,3037317,0.00241200,8.31900000,0
1531161921273,1531161921270,3037318,0.00241200,3.45000000,0
1531161921289,1531161921288,3037319,0.00241300,10.00000000,0
1531161921327,1531161921323,3037320,0.00241500,7.44700000,0
1531161921327,1531161921323,3037321,0.00241600,0.55300000,0
1531161922297,1531161922293,3037322,0.00240300,1.94000000,1
1531161922760,1531161922754,3037323,0.00240400,2.66200000,1
1531161922760,1531161922754,3037324,0.00240300,24.85600000,1
1531161923230,1531161923226,3037325,0.00240400,6.62900000,1
1531161923230,1531161923226,3037326,0.00239900,16.76700000,1
1531161923230,1531161923226,3037327,0.00239800,3.36300000,1
1531161927270,1531161927268,3037328,0.00240700,3.45800000,0
1531161927333,1531161927329,3037329,0.00239700,3.47200000,1
1531161927333,1531161927329,3037330,0.00239400,1.21400000,1
1531161930282,1531161930280,3037331,0.00240500,5.13000000,0
1531161932270,1531161932266,3037332,0.00239800,8.38300000,0
1531161932270,1531161932266,3037333,0.00239900,0.84400000,0
1531161933279,1531161933275,3037334,0.00240000,8.38400000,0
1531161933279,1531161933275,3037335,0.00240100,3.46600000,0
1531161936292,1531161936287,3037336,0.00240200,1.05800000,1
1531161943916,1531161943912,3037337,0.00240200,0.53300000,1
1531161944874,1531161944869,3037338,0.00241000,4.19000000,0
1531161945024,1531161945021,3037339,0.00241000,0.41900000,0
1531161945041,1531161945037,3037340,0.00241000,2.16200000,0
1531161945521,1531161945517,3037341,0.00241000,0.41900000,0
1531161947271,1531161947267,3037342,0.00240800,17.07600000,0
1531161947310,1531161947309,3037343,0.00240900,23.63500000,0
1531161947310,1531161947309,3037344,0.00241000,2.66200000,0
1531161948271,1531161948267,3037345,0.00241300,1.36600000,0
1531161949236,1531161949231,3037346,0.00241000,1.05700000,1
1531161949236,1531161949231,3037347,0.00240500,1.47400000,1
1531161950390,1531161950385,3037348,0.00241600,0.42300000,0
1531161950390,1531161950385,3037349,0.00242300,0.02100000,0
1531161950533,1531161950513,3037350,0.00242300,0.44400000,0
1531161950569,1531161950565,3037351,0.00240600,24.39600000,1
1531161950644,1531161950643,3037352,0.00242300,0.44400000,0
1531161950770,1531161950766,3037353,0.00241100,0.44400000,0
1531161950907,1531161950903,3037354,0.00241100,0.44400000,0
1531161950918,1531161950914,3037355,0.00240600,8.31300000,1
1531161950918,1531161950914,3037356,0.00240400,2.08000000,1
1531161955973,1531161955969,3037357,0.00240900,1.07200000,0
1531161956170,1531161956165,3037358,0.00240300,5.28600000,1
1531161956170,1531161956165,3037359,0.00240200,1.95500000,1
1531161967433,1531161967429,3037360,0.00240300,4.44200000,1
1531161970645,1531161970640,3037361,0.00240900,0.54000000,0
1531161973282,1531161973280,3037362,0.00240800,1.47400000,0
1531161977608,1531161977607,3037363,0.00240400,0.52800000,1
1531161978274,1531161978270,3037364,0.00240400,5.41100000,0
1531161978974,1531161978969,3037365,0.00241000,0.03600000,0
1531161982990,1531161982987,3037366,0.00241000,0.26800000,0
1531161983219,1531161983214,3037367,0.00241000,18.86800000,0
1531161983219,1531161983214,3037368,0.00241100,0.32600000,0
1531161983219,1531161983214,3037369,0.00241600,23.85600000,0
1531161983219,1531161983214,3037370,0.00241700,2.49600000,0
1531161983219,1531161983214,3037371,0.00242100,1.54500000,0
1531161983219,1531161983214,3037372,0.00242400,21.66700000,0
1531161983219,1531161983214,3037373,0.00242500,18.51600000,0
1531161984118,1531161984112,3037374,0.00240600,8.31300000,1
1531161984118,1531161984112,3037375,0.00240500,154.06400000,1
1531161985517,1531161985514,3037376,0.00241900,0.79000000,0
1531161986000,1531161985996,3037377,0.00242300,2.00000000,0
1531161990206,1531161990201,3037378,0.00242300,5.52300000,0
1531161990206,1531161990201,3037379,0.00242400,19.02700000,0
1531161994049,1531161994044,3037380,0.00242400,6.90000000,0
1531161996283,1531161996278,3037381,0.00241400,2.56800000,1
1531161996905,1531161996899,3037382,0.00242100,0.82500000,0
1531162005882,1531162005877,3037383,0.00241700,7.08400000,0
1531162006284,1531162006282,3037384,0.00241400,0.41600000,1
1531162007955,1531162007950,3037385,0.00241700,12.62100000,1
1531162010417,1531162010412,3037386,0.00241000,1.48000000,1
1531162010670,1531162010666,3037387,0.00241800,9.99200000,0
1531162010670,1531162010666,3037388,0.00242000,3.09400000,0
1531162010670,1531162010666,3037389,0.00242100,8.76900000,0
1531162013589,1531162013584,3037390,0.00242000,1.48000000,0
1531162013612,1531162013608,3037391,0.00242200,47.76900000,1
1531162013631,1531162013627,3037392,0.00242200,0.72400000,1
1531162013958,1531162013954,3037393,0.00242200,24.25600000,1
1531162015287,1531162015281,3037394,0.00241300,0.50300000,1
1531162016932,1531162016928,3037395,0.00242300,5.45600000,0
1531162019238,1531162019234,3037396,0.00242200,0.50300000,0
1531162019238,1531162019234,3037397,0.00242300,1.28600000,0
1531162019292,1531162019287,3037398,0.00241400,0.41500000,1
1531162019292,1531162019287,3037399,0.00241200,0.88600000,1
1531162022202,1531162022199,3037400,0.00242100,0.49600000,1
1531162022920,1531162022915,3037401,0.00241100,8.29500000,1
1531162022920,1531162022915,3037402,0.00240900,3.46000000,1
1531162022920,1531162022915,3037403,0.00240800,122.51300000,1
1531162022920,1531162022915,3037404,0.00240400,0.41600000,1
1531162022920,1531162022915,3037405,0.00240300,2.32200000,1
1531162022920,1531162022915,3037406,0.00240200,5.41300000,1
1531162022933,1531162022930,3037407,0.00240200,24.10800000,0
1531162024531,1531162024527,3037408,0.00241900,3.28900000,0
1531162025283,1531162025278,3037409,0.00241400,0.41500000,1
1531162025590,1531162025585,3037410,0.00241700,0.41700000,0
1531162032276,1531162032272,3037411,0.00241100,2.07400000,1
1531162033116,1531162033111,3037412,0.00241500,1.41500000,1
1531162044050,1531162044047,3037413,0.00241400,7.55300000,0
1531162047726,1531162047722,3037414,0.00240800,1.80000000,1
1531162047730,1531162047726,3037415,0.00240800,3.19900000,0
1531162047730,1531162047726,3037416,0.00241400,2.46700000,0
1531162048275,1531162048271,3037417,0.00241400,14.06000000,1
1531162050967,1531162050964,3037418,0.00241400,2.34200000,1
1531162055839,1531162055833,3037419,0.00240600,13.24200000,1
1531162058028,1531162058023,3037420,0.00241400,0.43600000,0
1531162058158,1531162058155,3037421,0.00241500,0.43600000,0
1531162058512,1531162058511,3037422,0.00241300,0.43600000,0
1531162058652,1531162058648,3037423,0.00241300,0.43600000,0
1531162058792,1531162058788,3037424,0.00241300,0.43600000,0
1531162059385,1531162059381,3037425,0.00241300,1.36800000,0
1531162059701,1531162059695,3037426,0.00241400,1.75600000,1
1531162060128,1531162060125,3037427,0.00240600,2.92000000,0
1531162060172,1531162060154,3037428,0.00240600,8.36700000,0
1531162060172,1531162060167,3037429,0.00240600,0.79900000,0
1531162060206,1531162060204,3037430,0.00240600,11.90000000,0
1531162060215,1531162060212,3037431,0.00240600,32.00800000,0
1531162060289,1531162060284,3037432,0.00240600,4.94500000,0
1531162061282,1531162061277,3037433,0.00241300,4.99900000,0
1531162063717,1531162063711,3037434,0.00240700,0.43600000,1
1531162063840,1531162063834,3037435,0.00240700,0.43600000,1
1531162063974,1531162063970,3037436,0.00240700,0.43600000,1
1531162064311,1531162064308,3037437,0.00240700,0.43600000,1
1531162064451,1531162064448,3037438,0.00240800,0.43600000,1
1531162064581,1531162064576,3037439,0.00241700,0.43600000,0
1531162064928,1531162064923,3037440,0.00241700,0.43600000,0
1531162065069,1531162065065,3037441,0.00241500,0.43600000,0
1531162065423,1531162065420,3037442,0.00241500,0.43600000,0
1531162065777,1531162065773,3037443,0.00241500,0.43600000,0
1531162067278,1531162067273,3037444,0.00241500,2.84500000,0
1531162087435,1531162087432,3037445,0.00241200,0.43600000,0
1531162087435,1531162087432,3037446,0.00241500,1.65600000,0
1531162095287,1531162095282,3037447,0.00240900,0.41600000,1
1531162107641,1531162107637,3037448,0.00241100,0.41900000,0
1531162116295,1531162116291,3037449,0.00240600,5.40400000,1
1531162116326,1531162116325,3037450,0.00240300,0.73400000,1
1531162122079,1531162122074,3037451,0.00240100,2.70800000,1
1531162122079,1531162122074,3037452,0.00240000,21.51000000,1
1531162122093,1531162122089,3037453,0.00240000,15.50800000,0
1531162125677,1531162125673,3037454,0.00240100,14.62600000,1
1531162128483,1531162128479,3037455,0.00240400,18.34600000,0
1531162131873,1531162131867,3037456,0.00240300,2.78500000,1
1531162131873,1531162131867,3037457,0.00240100,14.62600000,1
1531162131873,1531162131867,3037458,0.00239900,1.85700000,1
1531162131873,1531162131867,3037459,0.00239700,1.40600000,1
1531162138983,1531162138980,3037460,0.00240800,2.78500000,0
1531162139281,1531162139276,3037461,0.00240800,11.71500000,1
1531162150334,1531162150331,3037462,0.00240800,0.43600000,0
1531162150461,1531162150457,3037463,0.00240800,0.43600000,0
1531162150587,1531162150582,3037464,0.00240800,0.43600000,0
1531162150711,1531162150705,3037465,0.00240800,0.43600000,0
1531162150837,1531162150832,3037466,0.00240800,0.34800000,0
1531162150837,1531162150832,3037467,0.00240900,0.08800000,0
1531162151281,1531162151277,3037468,0.00240400,5.86800000,1
1531162152510,1531162152506,3037469,0.00239900,0.43600000,1
1531162152645,1531162152642,3037470,0.00239900,0.43600000,1
1531162152771,1531162152766,3037471,0.00239900,0.43600000,1
1531162152906,1531162152902,3037472,0.00239900,0.43600000,1
1531162153041,1531162153035,3037473,0.00239900,0.43600000,1
1531162153179,1531162153175,3037474,0.00240900,0.43600000,0
1531162153305,1531162153304,3037475,0.00240900,0.43600000,0
1531162153429,1531162153423,3037476,0.00240900,0.43600000,0
1531162153557,1531162153553,3037477,0.00240900,0.43600000,0
1531162153682,1531162153677,3037478,0.00240900,0.43600000,0
1531162156365,1531162156361,3037479,0.00240200,0.43600000,1
1531162156709,1531162156705,3037480,0.00240200,0.43600000,1
1531162157052,1531162157048,3037481,0.00240200,0.43600000,1
1531162157398,1531162157392,3037482,0.00240200,0.43600000,1
1531162157525,1531162157520,3037483,0.00240200,0.43600000,1
1531162157652,1531162157648,3037484,0.00240900,0.43600000,0
1531162157783,1531162157779,3037485,0.00240900,0.43600000,0
1531162157915,1531162157911,3037486,0.00240900,0.43600000,0
1531162158057,1531162158053,3037487,0.00240900,0.43600000,0
1531162158392,1531162158386,3037488,0.00240900,0.43600000,0
1531162166999,1531162166994,3037489,0.00240900,16.43900000,0
1531162171319,1531162171316,3037490,0.00240900,7.99200000,1
1531162174659,1531162174654,3037491,0.00241100,0.13400000,0
1531162179933,1531162179932,3037492,0.00241100,0.13400000,0
1531162182408,1531162182404,3037493,0.00240900,0.73400000,1
1531162182442,1531162182437,3037494,0.00241100,1.58900000,0
1531162182960,1531162182956,3037495,0.00241100,5.05900000,1
1531162183966,1531162183962,3037496,0.00240900,2.07400000,1
1531162187005,1531162187002,3037497,0.00240600,144.32000000,0
1531162187155,1531162187151,3037498,0.00240600,29.94600000,0
1531162187284,1531162187279,3037499,0.00240700,15.40600000,0
1531162188299,1531162188291,3037500,0.00240800,4.36000000,0
1531162188338,1531162188332,3037501,0.00240900,70.00600000,0
1531162195282,1531162195278,3037502,0.00241500,5.19300000,0
1531162210299,1531162210294,3037503,0.00241900,9.40100000,0
1531162210299,1531162210294,3037504,0.00242200,24.83100000,0
1531162210299,1531162210294,3037505,0.00242300,75.80000000,0
1531162210299,1531162210294,3037506,0.00242500,58.82100000,0
1531162211297,1531162211292,3037507,0.00242500,18.81100000,0
1531162211322,1531162211317,3037508,0.00242600,0.41700000,0
1531162211840,1531162211836,3037509,0.00241400,0.19000000,1
1531162219643,1531162219641,3037510,0.00242400,25.48800000,1
1531162219712,1531162219706,3037511,0.00242400,7.21100000,1
1531162222299,1531162222294,3037512,0.00242400,0.00700000,0
1531162227822,1531162227819,3037513,0.00243000,0.41600000,0
1531162228501,1531162228497,3037514,0.00241900,0.83300000,1
1531162228744,1531162228740,3037515,0.00243000,0.41600000,0
1531162228806,1531162228801,3037516,0.00243000,8.00000000,0
1531162230298,1531162230294,3037517,0.00242800,0.82400000,1
1531162239924,1531162239920,3037518,0.00242900,0.83300000,0
1531162239924,1531162239920,3037519,0.00243000,10.29900000,0
1531162240296,1531162240294,3037520,0.00243000,0.12300000,1
1531162243297,1531162243292,3037521,0.00242400,2.06300000,1
1531162244981,1531162244977,3037522,0.00243200,4.31700000,0
1531162247299,1531162247295,3037523,0.00243000,42.11700000,1
1531162247318,1531162247314,3037524,0.00242500,43.12700000,1
1531162247349,1531162247346,3037525,0.00242300,0.82600000,1
1531162248721,1531162248717,3037526,0.00243200,0.43600000,0
1531162248849,1531162248844,3037527,0.00243200,0.06100000,0
1531162248849,1531162248844,3037528,0.00243400,0.37500000,0
1531162248973,1531162248968,3037529,0.00243400,0.43600000,0
1531162249104,1531162249099,3037530,0.00243400,0.43600000,0
1531162250251,1531162250246,3037531,0.00243400,0.43600000,0
1531162252123,1531162252119,3037532,0.00242200,0.43600000,1
1531162252249,1531162252246,3037533,0.00242300,0.43600000,1
1531162252388,1531162252384,3037534,0.00242300,0.43600000,1
1531162252518,1531162252513,3037535,0.00242300,0.43600000,1
1531162252870,1531162252866,3037536,0.00242300,0.43600000,1
1531162252992,1531162252988,3037537,0.00243400,0.43600000,0
1531162253126,1531162253121,3037538,0.00243400,0.43600000,0
1531162253261,1531162253255,3037539,0.00243400,0.43600000,0
1531162253384,1531162253379,3037540,0.00243400,0.43600000,0
1531162253522,1531162253517,3037541,0.00243400,0.43600000,0
1531162254230,1531162254225,3037542,0.00243300,1.74400000,0
1531162254230,1531162254225,3037543,0.00243400,9.68000000,0
1531162256325,1531162256320,3037544,0.00242400,0.43600000,1
1531162256447,1531162256441,3037545,0.00242400,0.43600000,1
1531162256567,1531162256564,3037546,0.00242400,0.43600000,1
1531162256694,1531162256689,3037547,0.00242400,0.43600000,1
1531162256827,1531162256822,3037548,0.00242400,0.43600000,1
1531162256952,1531162256947,3037549,0.00243400,0.43600000,0
1531162257087,1531162257082,3037550,0.00243400,0.43600000,0
1531162257221,1531162257219,3037551,0.00243400,0.43600000,0
1531162257346,1531162257342,3037552,0.00243400,0.43600000,0
1531162257480,1531162257475,3037553,0.00243400,0.43600000,0
1531162259747,1531162259743,3037554,0.00243300,2.18000000,0
1531162259747,1531162259743,3037555,0.00243400,101.43400000,0
1531162259806,1531162259800,3037556,0.00242300,6.26800000,1
1531162259806,1531162259800,3037557,0.00242200,6.34100000,1
1531162261789,1531162261784,3037558,0.00243300,3.35700000,0
1531162261789,1531162261784,3037559,0.00243400,92.76700000,0
1531162263035,1531162263030,3037560,0.00243300,8.95700000,0
1531162263035,1531162263030,3037561,0.00243400,2.28000000,0
1531162263836,1531162263833,3037562,0.00243400,126.20000000,0
1531162265704,1531162265700,3037563,0.00243400,52.62500000,0
1531162266161,1531162266157,3037564,0.00243400,1.38300000,1
1531162269004,1531162269001,3037565,0.00244100,2.06800000,0
1531162269006,1531162269001,3037566,0.00244100,2.95500000,0
1531162269006,1531162269001,3037567,0.00244200,46.95700000,0
1531162269006,1531162269001,3037568,0.00244300,0.46200000,0
1531162269006,1531162269001,3037569,0.00244500,3.92200000,0
1531162269355,1531162269351,3037570,0.00244200,0.43500000,1
1531162270962,1531162270956,3037571,0.00244200,7.08600000,1
1531162271114,1531162271109,3037572,0.00244200,2.47600000,1
1531162271299,1531162271294,3037573,0.00244200,10.37400000,1
1531162276585,1531162276580,3037574,0.00243300,1.38300000,1
1531162277997,1531162277993,3037575,0.00244100,6.64800000,0
1531162278054,1531162278049,3037576,0.00244100,2.92000000,0
1531162284461,1531162284456,3037577,0.00244100,72.36500000,0
1531162289955,1531162289951,3037578,0.00244200,2.73100000,0
1531162292619,1531162292614,3037579,0.00244200,0.90900000,0
1531162294303,1531162294298,3037580,0.00244100,22.96700000,1
1531162297653,1531162297648,3037581,0.00244200,0.42000000,0
1531162298455,1531162298451,3037582,0.00243300,0.90200000,1
1531162309361,1531162309356,3037583,0.00244100,0.41400000,0
1531162317473,1531162317469,3037584,0.00244000,1.20900000,0
1531162322922,1531162322916,3037585,0.00243500,38.73500000,1
1531162326332,1531162326327,3037586,0.00243500,45.10500000,0
1531162328800,1531162328798,3037587,0.00244000,4.17000000,0
1531162329014,1531162329009,3037588,0.00244000,3.79400000,0
1531162329014,1531162329009,3037589,0.00244100,0.34400000,0
1531162339990,1531162339985,3037590,0.00244100,24.09400000,0
1531162342066,1531162342061,3037591,0.00244100,0.32500000,0
1531162356338,1531162356334,3037592,0.00243400,0.41200000,1
1531162356338,1531162356334,3037593,0.00243300,3.05900000,1
1531162361908,1531162361906,3037594,0.00243200,0.82300000,1
1531162365291,1531162365286,3037595,0.00243200,5.82500000,0
1531162365291,1531162365286,3037596,0.00243500,90.91100000,0
1531162365292,1531162365286,3037597,0.00244100,56.75600000,0
1531162365337,1531162365335,3037598,0.00244100,28.34400000,1
1531162366695,1531162366690,3037599,0.00242800,1.33900000,1
1531162381989,1531162381985,3037600,0.00243200,4.73200000,1
1531162393648,1531162393643,3037601,0.00243200,4.19100000,1
1531162393648,1531162393643,3037602,0.00242500,2.68100000,1
1531162393648,1531162393643,3037603,0.00242300,5.56200000,1
1531162397065,1531162397060,3037604,0.00243300,1.33900000,0
1531162398441,1531162398440,3037605,0.00243300,1.99200000,1
1531162400952,1531162400946,3037606,0.00243300,0.12600000,0
1531162401867,1531162401862,3037607,0.00243300,22.94700000,0
1531162402817,1531162402813,3037608,0.00242400,3.04900000,1
1531162413989,1531162413984,3037609,0.00242300,0.32500000,1
1531162422749,1531162422744,3037610,0.00243200,3.04900000,0
1531162422749,1531162422744,3037611,0.00243300,23.58400000,0
1531162422749,1531162422744,3037612,0.00243500,52.60200000,0
1531162423353,1531162423347,3037613,0.00243500,30.38200000,1
1531162452354,1531162452349,3037614,0.00243500,3.44400000,1
1531162466076,1531162466072,3037615,0.00243000,4.22300000,1
1531162477784,1531162477779,3037616,0.00242800,1.20800000,1
1531162485843,1531162485837,3037617,0.00242800,7.03200000,1
1531162485882,1531162485878,3037618,0.00242800,0.43200000,0
1531162486015,1531162486011,3037619,0.00242800,0.43200000,0
1531162486148,1531162486142,3037620,0.00242800,0.43200000,0
1531162486274,1531162486269,3037621,0.00242800,0.43200000,0
1531162486346,1531162486342,3037622,0.00242800,77.89500000,0
1531162486398,1531162486395,3037623,0.00243700,0.43200000,0
1531162488182,1531162488180,3037624,0.00242600,0.43200000,1
1531162488312,1531162488307,3037625,0.00242600,0.43200000,1
1531162488447,1531162488443,3037626,0.00242600,0.43200000,1
1531162488579,1531162488573,3037627,0.00242600,0.43200000,1
1531162488702,1531162488697,3037628,0.00242600,0.43200000,1
1531162488838,1531162488834,3037629,0.00243700,0.43200000,0
1531162488963,1531162488959,3037630,0.00243700,0.43200000,0
1531162489101,1531162489097,3037631,0.00243700,0.43200000,0
1531162489222,1531162489217,3037632,0.00243700,0.43200000,0
1531162489354,1531162489348,3037633,0.00243700,0.43200000,0
1531162492234,1531162492229,3037634,0.00243600,2.16000000,0
1531162492234,1531162492229,3037635,0.00243700,26.36200000,0
1531162529640,1531162529636,3037636,0.00242800,1.01900000,1
1531162529640,1531162529636,3037637,0.00242200,1.07400000,1
1531162529640,1531162529636,3037638,0.00241900,28.55500000,1
1531162530354,1531162530350,3037639,0.00241900,78.86300000,0
1531162532870,1531162532864,3037640,0.00243600,2.07300000,0
1531162548123,1531162548118,3037641,0.00243600,28.64200000,0
1531162548123,1531162548118,3037642,0.00243700,7.31200000,0
1531162548354,1531162548348,3037643,0.00243700,2.04600000,1
1531162549602,1531162549597,3037644,0.00242900,0.00100000,1
1531162551357,1531162551353,3037645,0.00243600,0.54200000,1
1531162551740,1531162551734,3037646,0.00242800,0.00100000,1
1531162565230,1531162565225,3037647,0.00243900,5.00000000,0
1531162565849,1531162565844,3037648,0.00242900,2.72800000,1
1531162565849,1531162565844,3037649,0.00242800,5.35400000,1
1531162565849,1531162565844,3037650,0.00242100,30.71500000,1
1531162565849,1531162565844,3037651,0.00242000,25.79600000,1
1531162566354,1531162566352,3037652,0.00242000,30.73900000,0
1531162585627,1531162585622,3037653,0.00242700,2.85900000,1
1531162585627,1531162585622,3037654,0.00241800,0.42700000,1
1531162596165,1531162596160,3037655,0.00242300,8.25400000,1
1531162596343,1531162596338,3037656,0.00242300,24.41300000,0
1531162600734,1531162600729,3037657,0.00241800,7.39100000,1
1531162600734,1531162600729,3037658,0.00241700,0.43600000,1
1531162600734,1531162600729,3037659,0.00241300,0.42700000,1
1531162605030,1531162605025,3037660,0.00241500,8.28200000,1
1531162605118,1531162605115,3037661,0.00241400,14.96800000,0
1531162605359,1531162605353,3037662,0.00241400,0.00400000,0
1531162617381,1531162617378,3037663,0.00241600,2.85900000,0
1531162617381,1531162617378,3037664,0.00241700,0.57000000,0
1531162617381,1531162617378,3037665,0.00243000,0.70800000,0
1531162618354,1531162618349,3037666,0.00241400,1.78900000,1
1531162622348,1531162622342,3037667,0.00242000,14.80300000,1
1531162628200,1531162628194,3037668,0.00241400,1.37400000,1
1531162629350,1531162629346,3037669,0.00241800,1.97900000,0
1531162634213,1531162634209,3037670,0.00242400,8.28200000,0
1531162634359,1531162634354,3037671,0.00242500,15.27500000,1
1531162652476,1531162652472,3037672,0.00242300,0.41700000,0
1531162667322,1531162667317,3037673,0.00241700,2.06900000,1
1531162668955,1531162668950,3037674,0.00242100,0.95700000,0
1531162668955,1531162668950,3037675,0.00242200,45.86700000,0
1531162668971,1531162668966,3037676,0.00242200,12.10800000,1
1531162668998,1531162668993,3037677,0.00242200,2.92000000,1
1531162669361,1531162669356,3037678,0.00242200,70.79100000,1
1531162673428,1531162673422,3037679,0.00241800,0.70800000,1
1531162673450,1531162673444,3037680,0.00241500,1.86600000,1
1531162673450,1531162673444,3037681,0.00241300,1.86600000,1
1531162673929,1531162673926,3037682,0.00241200,0.83000000,1
1531162674355,1531162674350,3037683,0.00241200,2.90200000,0
1531162674355,1531162674350,3037684,0.00241300,4.54300000,0
1531162705366,1531162705361,3037685,0.00241500,7.73500000,1
1531162709364,1531162709359,3037686,0.00241900,30.71500000,0
1531162709408,1531162709380,3037687,0.00242000,7.73500000,0
1531162714402,1531162714398,3037688,0.00242900,0.41600000,0
1531162714736,1531162714731,3037689,0.00242900,0.41600000,0
1531162732919,1531162732913,3037690,0.00241800,5.80100000,1
1531162772311,1531162772306,3037691,0.00241600,15.36900000,1
1531162773445,1531162773442,3037692,0.00242500,0.43200000,0
1531162773573,1531162773569,3037693,0.00242500,0.43200000,0
1531162773707,1531162773703,3037694,0.00242500,0.43200000,0
1531162774860,1531162774855,3037695,0.00242500,0.43200000,0
1531162774998,1531162774994,3037696,0.00242500,0.16800000,0
1531162774998,1531162774994,3037697,0.00242900,0.26400000,0
1531162777662,1531162777659,3037698,0.00241800,0.43200000,1
1531162777791,1531162777788,3037699,0.00241800,0.43200000,1
1531162777920,1531162777915,3037700,0.00241800,0.43200000,1
1531162778055,1531162778051,3037701,0.00241800,0.43200000,1
1531162778190,1531162778183,3037702,0.00241800,0.43200000,1
1531162778326,1531162778321,3037703,0.00242700,0.43200000,0
1531162779476,1531162779471,3037704,0.00242700,0.43200000,0
1531162779603,1531162779597,3037705,0.00242600,0.43200000,0
1531162779727,1531162779724,3037706,0.00242600,0.43200000,0
1531162779853,1531162779847,3037707,0.00242600,0.43200000,0
1531162805724,1531162805718,3037708,0.00241500,3.44600000,1
1531162805724,1531162805718,3037709,0.00241400,7.64900000,1
1531162806372,1531162806370,3037710,0.00241400,189.98200000,0
1531162806406,1531162806400,3037711,0.00241400,3.18000000,0
1531162834108,1531162834105,3037712,0.00242500,0.53300000,0
1531162834358,1531162834353,3037713,0.00242600,1.54900000,1
1531162850347,1531162850343,3037714,0.00241800,7.99200000,1
1531162854635,1531162854630,3037715,0.00242900,0.41600000,0
1531162855318,1531162855313,3037716,0.00242900,1.66300000,0
1531162855325,1531162855320,3037717,0.00242900,0.41600000,0
1531162870181,1531162870177,3037718,0.00242900,4.11600000,0
1531162873663,1531162873658,3037719,0.00242900,0.17400000,0
1531162873663,1531162873658,3037720,0.00243000,0.65800000,0
1531162905570,1531162905566,3037721,0.00242900,1.38600000,0
1531162935613,1531162935608,3037722,0.00242900,0.41600000,0
1531162937333,1531162937328,3037723,0.00242900,6.65700000,0
1531162951567,1531162951562,3037724,0.00242400,0.78500000,1
1531162990037,1531162990033,3037725,0.00242900,1.20000000,0
1531162990265,1531162990260,3037726,0.00242900,2.34200000,0
1531162993909,1531162993905,3037727,0.00242900,1.00000000,0
1531163012179,1531163012174,3037728,0.00242900,1.00000000,0
1531163014267,1531163014262,3037729,0.00242500,0.41800000,1
1531163028803,1531163028797,3037730,0.00242400,1.27800000,1
1531163028803,1531163028797,3037731,0.00242300,0.10600000,1
1531163042421,1531163042416,3037732,0.00242300,4.10000000,1
1531163046039,1531163046034,3037733,0.00242500,2.39300000,0
1531163064413,1531163064408,3037734,0.00242500,0.98200000,0
1531163073626,1531163073621,3037735,0.00242100,2.06600000,1
1531163083422,1531163083417,3037736,0.00242100,1.05800000,0
1531163084381,1531163084377,3037737,0.00242100,0.32600000,1
1531163094628,1531163094621,3037738,0.00242500,0.41600000,0
1531163130907,1531163130903,3037739,0.00241900,2.06700000,1
1531163130907,1531163130903,3037740,0.00241600,1.56900000,1
1531163160059,1531163160055,3037741,0.00242500,0.43400000,0
1531163160190,1531163160185,3037742,0.00242500,0.43400000,0
1531163160320,1531163160314,3037743,0.00242500,0.43400000,0
1531163160450,1531163160444,3037744,0.00242500,0.43400000,0
1531163160572,1531163160566,3037745,0.00242500,0.43400000,0
1531163161135,1531163161131,3037746,0.00241900,54.29600000,1
1531163162594,1531163162589,3037747,0.00241900,0.43400000,1
1531163162733,1531163162729,3037748,0.00241900,0.43400000,1
1531163162863,1531163162860,3037749,0.00241900,0.43400000,1
1531163162985,1531163162979,3037750,0.00241900,0.43400000,1
1531163163106,1531163163100,3037751,0.00241900,0.43400000,1
1531163163243,1531163163239,3037752,0.00242500,0.43400000,0
1531163163372,1531163163369,3037753,0.00242500,0.43400000,0
1531163163492,1531163163485,3037754,0.00242500,0.43400000,0
1531163163620,1531163163616,3037755,0.00242500,0.43400000,0
1531163163750,1531163163746,3037756,0.00242500,0.43400000,0
1531163198418,1531163198411,3037757,0.00242400,4.12500000,1
1531163203072,1531163203050,3037758,0.00242500,0.43400000,0
1531163203177,1531163203171,3037759,0.00242500,0.43400000,0
1531163203308,1531163203301,3037760,0.00242500,0.43400000,0
1531163204476,1531163204471,3037761,0.00242000,0.43400000,1
1531163204604,1531163204599,3037762,0.00242000,0.43400000,1
1531163204737,1531163204733,3037763,0.00242000,0.43400000,1
1531163205377,1531163205372,3037764,0.00242500,0.43400000,0
1531163205507,1531163205501,3037765,0.00242500,0.15700000,0
1531163205507,1531163205501,3037766,0.00242900,0.27700000,0
1531163205630,1531163205626,3037767,0.00242900,0.43400000,0
1531163260376,1531163260371,3037768,0.00242700,1.32200000,0
1531163260407,1531163260402,3037769,0.00242700,3.15700000,1
1531163263789,1531163263782,3037770,0.00242800,23.69100000,0
1531163263789,1531163263782,3037771,0.00242900,7.96000000,0
1531163263789,1531163263782,3037772,0.00243000,8.11400000,0
1531163263789,1531163263782,3037773,0.00243100,15.63400000,0
1531163263789,1531163263782,3037774,0.00243200,3.72000000,0
1531163263789,1531163263782,3037775,0.00243800,0.47700000,0
1531163278833,1531163278829,3037776,0.00242900,0.57400000,1
1531163279423,1531163279417,3037777,0.00243500,0.55200000,1
1531163285921,1531163285915,3037778,0.00242800,0.00100000,1
1531163289449,1531163289443,3037779,0.00242800,0.00200000,1
1531163304419,1531163304414,3037780,0.00243500,2.44900000,1
1531163315866,1531163315860,3037781,0.00243700,0.57400000,0
1531163315922,1531163315917,3037782,0.00243700,0.96500000,1
1531163315944,1531163315940,3037783,0.00243700,3.45800000,1
1531163319096,1531163319090,3037784,0.00242800,0.96400000,1
1531163319210,1531163319205,3037785,0.00242800,0.00100000,1
1531163367860,1531163367853,3037786,0.00242900,30.75900000,1
1531163373393,1531163373388,3037787,0.00242800,18.89200000,1
1531163390831,1531163390826,3037788,0.00243400,0.96700000,0
1531163391429,1531163391422,3037789,0.00243400,5.65100000,1
1531163411015,1531163411011,3037790,0.00243400,2.03300000,0
1531163437104,1531163437098,3037791,0.00243300,0.46300000,0
1531163438473,1531163438467,3037792,0.00243400,0.41500000,0
1531163446101,1531163446094,3037793,0.00243300,0.41500000,0
1531163447140,1531163447136,3037794,0.00243300,0.02900000,0
1531163447140,1531163447136,3037795,0.00243400,2.04500000,0
1531163455446,1531163455443,3037796,0.00243300,4.11000000,0
1531163456906,1531163456900,3037797,0.00243300,0.03700000,0
1531163456906,1531163456900,3037798,0.00243400,0.37800000,0
1531163471515,1531163471511,3037799,0.00243000,0.50000000,0
1531163489163,1531163489158,3037800,0.00243000,0.41600000,0
1531163490007,1531163490001,3037801,0.00242900,0.44400000,1
1531163490007,1531163490001,3037802,0.00242800,3.42800000,1
1531163490007,1531163490001,3037803,0.00242700,2.06100000,1
1531163490007,1531163490001,3037804,0.00242600,4.06700000,1
1531163492085,1531163492079,3037805,0.00243000,11.80400000,0
1531163510093,1531163510088,3037806,0.00243400,0.41500000,0
1531163565738,1531163565730,3037807,0.00243000,1.89600000,1
1531163565738,1531163565730,3037808,0.00242700,3.42900000,1
1531163565738,1531163565730,3037809,0.00242600,1.29200000,1
1531163565738,1531163565730,3037810,0.00242500,10.41600000,1
1531163565738,1531163565730,3037811,0.00241900,1.24200000,1
1531163565738,1531163565730,3037812,0.00241700,2.69000000,1
1531163565738,1531163565730,3037813,0.00241600,7.93200000,1
1531163565738,1531163565730,3037814,0.00241500,12.38200000,1
1531163565754,1531163565749,3037815,0.00241500,1.90600000,0
1531163565762,1531163565760,3037816,0.00241500,3.07100000,0
1531163565776,1531163565770,3037817,0.00241500,11.48100000,0
1531163565783,1531163565778,3037818,0.00241500,0.25300000,0
1531163565797,1531163565792,3037819,0.00241400,1.13400000,1
1531163565797,1531163565792,3037820,0.00241200,0.76400000,1
1531163566325,1531163566320,3037821,0.00241300,3.43900000,1
1531163566356,1531163566351,3037822,0.00241300,5.10800000,0
1531163566452,1531163566447,3037823,0.00241300,0.00200000,0
1531163571819,1531163571813,3037824,0.00241800,3.44200000,1
1531163571819,1531163571813,3037825,0.00241200,0.86400000,1
1531163574249,1531163574245,3037826,0.00241500,2.61400000,1
1531163574249,1531163574245,3037827,0.00241400,3.44800000,1
1531163574267,1531163574263,3037828,0.00241200,2.16000000,0
1531163574294,1531163574288,3037829,0.00241200,8.40200000,0
1531163574298,1531163574293,3037830,0.00241200,1.57700000,0
1531163574300,1531163574293,3037831,0.00241200,25.05200000,0
1531163574441,1531163574434,3037832,0.00241200,11.66400000,0
1531163577407,1531163577403,3037833,0.00241200,1.68300000,1
1531163577407,1531163577403,3037834,0.00241100,5.10300000,1
1531163577407,1531163577403,3037835,0.00241000,1.40300000,1
1531163583140,1531163583135,3037836,0.00240800,1.21300000,1
1531163599011,1531163599004,3037837,0.00240900,3.15700000,0
1531163601480,1531163601474,3037838,0.00240700,0.41600000,1
1531163601480,1531163601474,3037839,0.00240600,2.14200000,1
1531163601480,1531163601474,3037840,0.00240500,4.03400000,1
1531163601480,1531163601474,3037841,0.00240400,1.81000000,1
1531163620807,1531163620803,3037842,0.00241000,0.43300000,0
1531163620945,1531163620940,3037843,0.00241000,0.43300000,0
1531163621072,1531163621067,3037844,0.00241000,0.43300000,0
1531163621226,1531163621220,3037845,0.00240400,7.81600000,1
1531163621257,1531163621250,3037846,0.00240400,0.88500000,0
1531163621276,1531163621270,3037847,0.00240400,0.88500000,0
1531163621490,1531163621484,3037848,0.00240400,0.88700000,0
1531163622212,1531163622207,3037849,0.00240400,0.43300000,0
1531163622344,1531163622342,3037850,0.00240400,0.43300000,0
1531163624452,1531163624450,3037851,0.00240200,1.29000000,1
1531163625444,1531163625438,3037852,0.00240100,2.63000000,1
1531163632117,1531163632112,3037853,0.00240000,0.43300000,0
1531163632248,1531163632243,3037854,0.00240000,0.43300000,0
1531163632417,1531163632373,3037855,0.00240000,0.27400000,0
1531163632417,1531163632373,3037856,0.00240200,0.15900000,0
1531163632505,1531163632501,3037857,0.00240200,0.43300000,0
1531163632633,1531163632629,3037858,0.00240200,0.43300000,0
1531163640121,1531163640116,3037859,0.00240100,3.43900000,0
1531163640121,1531163640116,3037860,0.00240200,0.72500000,0
1531163641989,1531163641982,3037861,0.00239700,0.42100000,1
1531163651451,1531163651444,3037862,0.00240200,0.61300000,1
1531163669152,1531163669147,3037863,0.00240400,34.10900000,0
1531163693901,1531163693896,3037864,0.00241900,95.41200000,0
1531163696129,1531163696123,3037865,0.00241900,20.00000000,0
1531163709292,1531163709287,3037866,0.00240800,0.25600000,1
1531163712393,1531163712387,3037867,0.00240700,0.25600000,1
1531163729150,1531163729144,3037868,0.00241000,0.45700000,0
1531163739618,1531163739612,3037869,0.00241000,0.51200000,1
1531163770245,1531163770241,3037870,0.00241000,4.33700000,1
1531163776038,1531163776031,3037871,0.00241500,3.17700000,0
1531163790406,1531163790402,3037872,0.00241500,0.10900000,0
1531163790406,1531163790402,3037873,0.00241900,7.02600000,0
1531163796705,1531163796699,3037874,0.00241900,7.22200000,0
1531163802573,1531163802571,3037875,0.00241900,7.49400000,0
1531163835067,1531163835061,3037876,0.00241100,1.91000000,1
1531163853549,1531163853543,3037877,0.00241900,180.61600000,0
1531163871377,1531163871372,3037878,0.00241000,0.52200000,1
1531163872360,1531163872354,3037879,0.00241900,2.15800000,0
1531163881159,1531163881155,3037880,0.00241900,66.12800000,0
1531163887468,1531163887463,3037881,0.00241900,0.52000000,0
1531163906455,1531163906449,3037882,0.00241100,0.44400000,1
1531163906455,1531163906449,3037883,0.00241000,2.99700000,1
1531163926322,1531163926317,3037884,0.00241100,0.44400000,1
1531163926322,1531163926317,3037885,0.00241000,41.54200000,1
1531163959586,1531163959580,3037886,0.00241000,0.61200000,1
1531163993941,1531163993935,3037887,0.00241100,0.32000000,1
1531163993996,1531163993990,3037888,0.00241100,0.01000000,1
1531164065660,1531164065654,3037889,0.00241400,2.34400000,1
1531164065660,1531164065654,3037890,0.00241200,16.32900000,1
1531164072617,1531164072611,3037891,0.00241200,5.96500000,1
1531164081576,1531164081570,3037892,0.00241800,1.91000000,0
1531164081621,1531164081614,3037893,0.00241800,2.64500000,1
1531164097728,1531164097723,3037894,0.00241200,19.16500000,1
1531164097728,1531164097723,3037895,0.00239900,0.18600000,1
1531164099172,1531164099167,3037896,0.00241900,2.06600000,0
1531164106033,1531164106027,3037897,0.00241800,1.41400000,0
1531164106033,1531164106027,3037898,0.00241900,2.73200000,0
1531164106053,1531164106048,3037899,0.00241900,0.51200000,1
1531164106071,1531164106065,3037900,0.00241900,1.11600000,1
1531164106527,1531164106522,3037901,0.00241900,48.65800000,1
1531164117281,1531164117275,3037902,0.00241900,0.41800000,0
1531164181651,1531164181646,3037903,0.00241000,1.07400000,0
1531164191574,1531164191568,3037904,0.00241100,0.82600000,0
1531164192191,1531164192189,3037905,0.00240100,0.00700000,1
1531164193794,1531164193787,3037906,0.00240000,0.00700000,1
1531164201946,1531164201939,3037907,0.00240100,2.66300000,1
1531164201965,1531164201961,3037908,0.00240000,8.43700000,0
1531164202011,1531164202007,3037909,0.00240000,8.44400000,0
1531164202158,1531164202157,3037910,0.00240000,8.45100000,0
1531164202860,1531164202853,3037911,0.00240000,2.00000000,0
1531164208412,1531164208407,3037912,0.00239700,47.25900000,1
1531164208554,1531164208547,3037913,0.00239600,3.03000000,1
1531164210548,1531164210544,3037914,0.00239300,3.02600000,1
1531164212645,1531164212639,3037915,0.00239200,2.00000000,1
1531164217550,1531164217544,3037916,0.00239200,3.59300000,1
1531164217550,1531164217544,3037917,0.00239100,14.16600000,1
1531164217550,1531164217544,3037918,0.00239000,21.98800000,1
1531164217550,1531164217544,3037919,0.00238900,57.67600000,1
1531164217551,1531164217544,3037920,0.00238700,2.47600000,1
1531164217551,1531164217544,3037921,0.00238600,2.82100000,1
1531164217579,1531164217573,3037922,0.00238400,1.70500000,1
1531164217605,1531164217599,3037923,0.00238500,0.44500000,0
1531164217619,1531164217613,3037924,0.00238500,0.44400000,0
1531164217619,1531164217615,3037925,0.00238500,0.89200000,0
1531164217638,1531164217632,3037926,0.00238500,11.15700000,0
1531164218552,1531164218548,3037927,0.00238500,0.44400000,1
1531164220605,1531164220600,3037928,0.00238300,0.44400000,1
1531164220894,1531164220890,3037929,0.00238300,11.15700000,1
1531164221189,1531164221187,3037930,0.00238300,0.44400000,1
1531164223131,1531164223124,3037931,0.00239000,0.43600000,0
1531164223255,1531164223249,3037932,0.00239000,0.43600000,0
1531164223392,1531164223385,3037933,0.00239000,0.43600000,0
1531164223532,1531164223526,3037934,0.00239000,0.43600000,0
1531164223892,1531164223888,3037935,0.00239000,0.43600000,0
1531164226579,1531164226573,3037936,0.00239000,0.43600000,0
1531164226714,1531164226712,3037937,0.00239000,0.43600000,0
1531164226840,1531164226834,3037938,0.00239000,0.43600000,0
1531164226969,1531164226967,3037939,0.00239000,0.07600000,0
1531164226969,1531164226967,3037940,0.00239200,0.36000000,0
1531164227103,1531164227098,3037941,0.00239200,0.43600000,0
1531164230033,1531164230029,3037942,0.00239200,0.43600000,0
1531164230159,1531164230154,3037943,0.00239200,0.43600000,0
1531164230291,1531164230284,3037944,0.00239200,0.43600000,0
1531164230417,1531164230413,3037945,0.00239200,0.43600000,0
1531164230549,1531164230547,3037946,0.00239200,0.43600000,0
1531164245487,1531164245484,3037947,0.00238400,5.98800000,1
1531164245487,1531164245484,3037948,0.00238300,12.07000000,1
1531164245487,1531164245484,3037949,0.00238200,3.06700000,1
1531164248294,1531164248287,3037950,0.00238200,0.87200000,1
1531164248745,1531164248739,3037951,0.00238200,21.06100000,1
1531164248745,1531164248739,3037952,0.00238100,106.02500000,1
1531164250561,1531164250557,3037953,0.00237700,6.00800000,1
1531164250561,1531164250557,3037954,0.00237500,21.09000000,1
1531164251560,1531164251556,3037955,0.00237600,42.80800000,1
1531164251560,1531164251556,3037956,0.00237400,3.06700000,1
1531164251560,1531164251556,3037957,0.00237200,0.75900000,1
1531164251587,1531164251582,3037958,0.00237500,2.75300000,1
1531164251606,1531164251600,3037959,0.00237500,2.75300000,1
1531164251635,1531164251629,3037960,0.00237100,0.42200000,1
1531164251635,1531164251629,3037961,0.00237000,2.33100000,1
1531164252557,1531164252553,3037962,0.00237000,7.47800000,1
1531164252557,1531164252553,3037963,0.00236800,11.33300000,1
1531164252557,1531164252553,3037964,0.00236700,2.28400000,1
1531164252557,1531164252553,3037965,0.00236600,12.08700000,1
1531164252587,1531164252581,3037966,0.00236500,4.83400000,1
1531164252587,1531164252581,3037967,0.00236400,4.02100000,1
1531164252616,1531164252609,3037968,0.00236300,15.83400000,1
1531164252636,1531164252630,3037969,0.00236200,6.30400000,1
1531164252833,1531164252828,3037970,0.00236100,3.77700000,1
1531164253562,1531164253556,3037971,0.00236200,13.12100000,1
1531164253594,1531164253589,3037972,0.00236100,1.88000000,1
1531164253613,1531164253608,3037973,0.00237200,0.84000000,0
1531164254454,1531164254449,3037974,0.00237100,0.01400000,0
1531164256255,1531164256251,3037975,0.00236600,0.84400000,0
1531164258030,1531164258024,3037976,0.00236000,1.07300000,1
1531164258549,1531164258544,3037977,0.00236000,0.28900000,1
1531164259558,1531164259555,3037978,0.00235900,7.87000000,1
1531164259580,1531164259575,3037979,0.00235800,12.17400000,1
1531164259601,1531164259595,3037980,0.00235800,8.29600000,1
1531164260559,1531164260551,3037981,0.00235700,6.48300000,1
1531164261552,1531164261547,3037982,0.00236000,16.48300000,1
1531164266388,1531164266382,3037983,0.00235600,0.73500000,0
1531164266426,1531164266421,3037984,0.00235600,5.82200000,0
1531164267551,1531164267546,3037985,0.00235600,2.66600000,0
1531164268914,1531164268909,3037986,0.00235600,2.49700000,1
1531164268919,1531164268916,3037987,0.00235600,3.50000000,1
1531164269030,1531164269022,3037988,0.00235400,2.90800000,1
1531164269030,1531164269022,3037989,0.00235300,0.42500000,1
1531164269030,1531164269022,3037990,0.00235100,4.40400000,1
1531164269030,1531164269022,3037991,0.00235000,8.10600000,1
1531164269030,1531164269022,3037992,0.00234800,10.39100000,1
1531164269547,1531164269542,3037993,0.00235500,2.30000000,0
1531164271557,1531164271551,3037994,0.00235700,1.95200000,1
1531164278463,1531164278458,3037995,0.00235800,2.50000000,0
1531164284013,1531164284008,3037996,0.00235800,2.41700000,0
1531164286139,1531164286136,3037997,0.00235800,1.63000000,0
1531164286598,1531164286594,3037998,0.00235800,2.26500000,1
1531164295769,1531164295762,3037999,0.00236000,0.50800000,0
1531164300226,1531164300221,3038000,0.00236000,1.09700000,0
1531164300580,1531164300575,3038001,0.00236000,8.17500000,1
1531164302667,1531164302662,3038002,0.00235900,0.43600000,0
1531164302807,1531164302804,3038003,0.00235900,0.43600000,0
1531164302938,1531164302934,3038004,0.00235900,0.43600000,0
1531164303059,1531164303056,3038005,0.00235900,0.43600000,0
1531164303197,1531164303192,3038006,0.00235900,0.43600000,0
1531164304901,1531164304899,3038007,0.00235900,6.80000000,0
1531164305244,1531164305237,3038008,0.00235900,1.20800000,0
1531164311573,1531164311568,3038009,0.00236100,2.52300000,1
1531164312168,1531164312165,3038010,0.00236600,1.05700000,0
1531164315781,1531164315778,3038011,0.00236600,0.43600000,0
1531164315906,1531164315899,3038012,0.00236600,0.41500000,0
1531164315906,1531164315899,3038013,0.00236800,0.02100000,0
1531164316043,1531164316038,3038014,0.00236800,0.43600000,0
1531164316167,1531164316161,3038015,0.00236800,0.43600000,0
1531164316305,1531164316300,3038016,0.00236800,0.43600000,0
1531164317575,1531164317572,3038017,0.00236600,13.87300000,1
1531164318143,1531164318138,3038018,0.00236000,0.47200000,1
1531164319499,1531164319496,3038019,0.00236800,4.22300000,0
1531164328859,1531164328854,3038020,0.00236600,2.50000000,0
1531164329814,1531164329808,3038021,0.00236600,19.43100000,0
1531164333927,1531164333922,3038022,0.00236600,13.87400000,0
1531164341515,1531164341509,3038023,0.00236100,0.84800000,1
1531164341515,1531164341509,3038024,0.00236000,51.96300000,1
1531164341528,1531164341525,3038025,0.00236000,21.68000000,0
1531164341532,1531164341526,3038026,0.00236000,3.24400000,0
1531164341568,1531164341564,3038027,0.00236000,3.24400000,0
1531164341579,1531164341574,3038028,0.00236000,14.43300000,0
1531164355579,1531164355574,3038029,0.00236400,0.53000000,1
1531164362506,1531164362503,3038030,0.00236500,0.82500000,0
1531164374757,1531164374753,3038031,0.00236000,0.84600000,1
1531164374757,1531164374753,3038032,0.00235900,1.60100000,1
1531164381490,1531164381485,3038033,0.00236500,13.61600000,0
1531164395039,1531164395032,3038034,0.00235900,4.34900000,1
1531164395054,1531164395050,3038035,0.00235100,4.34900000,1
1531164395585,1531164395583,3038036,0.00235900,4.35500000,0
1531164406931,1531164406927,3038037,0.00235400,2.81600000,1
1531164406931,1531164406927,3038038,0.00235200,10.76300000,1
1531164406931,1531164406927,3038039,0.00235100,13.07100000,1
1531164406956,1531164406951,3038040,0.00235000,0.99500000,0
1531164406969,1531164406963,3038041,0.00235000,0.99500000,0
1531164407333,1531164407329,3038042,0.00235000,1.36600000,0
1531164412005,1531164412000,3038043,0.00236200,4.00000000,0
1531164413975,1531164413971,3038044,0.00235400,0.99500000,1
1531164421574,1531164421568,3038045,0.00235900,0.66100000,1
1531164421859,1531164421855,3038046,0.00235000,30.60800000,1
1531164421859,1531164421855,3038047,0.00234900,12.42100000,1
1531164421859,1531164421855,3038048,0.00234800,20.22000000,1
1531164421859,1531164421855,3038049,0.00234700,16.97300000,1
1531164422473,1531164422467,3038050,0.00234700,64.32800000,0
1531164423766,1531164423760,3038051,0.00234700,0.01900000,1
1531164424165,1531164424159,3038052,0.00236000,0.99500000,0
1531164424588,1531164424584,3038053,0.00236000,2.00500000,1
1531164425390,1531164425386,3038054,0.00236400,6.00000000,0
1531164425720,1531164425713,3038055,0.00236300,6.00000000,0
1531164449213,1531164449208,3038056,0.00235700,0.84900000,1
1531164449213,1531164449208,3038057,0.00235200,5.00000000,1
1531164449213,1531164449208,3038058,0.00235100,6.00000000,1
1531164449213,1531164449208,3038059,0.00235000,3.04300000,1
1531164450160,1531164450154,3038060,0.00236100,4.00000000,0
1531164450603,1531164450600,3038061,0.00236100,3.00000000,0
1531164465263,1531164465258,3038062,0.00235700,5.00000000,0
1531164479826,1531164479818,3038063,0.00235200,1.88500000,1
1531164480578,1531164480575,3038064,0.00235200,0.26300000,0
1531164517402,1531164517395,3038065,0.00236000,5.11900000,0
1531164517591,1531164517586,3038066,0.00236000,95.39700000,1
1531164517786,1531164517780,3038067,0.00235300,0.84800000,1
1531164518251,1531164518245,3038068,0.00235200,10.15800000,0
1531164525277,1531164525271,3038069,0.00236100,4.23500000,0
1531164540594,1531164540588,3038070,0.00235800,0.55700000,1
1531164544486,1531164544480,3038071,0.00235400,2.49200000,1
1531164544486,1531164544480,3038072,0.00235300,1.88700000,1
1531164544486,1531164544480,3038073,0.00235200,18.99900000,1
1531164545729,1531164545723,3038074,0.00236000,2.49200000,0
1531164545729,1531164545723,3038075,0.00236100,1.88700000,0
1531164551063,1531164551057,3038076,0.00235300,2.50000000,1
1531164551063,1531164551057,3038077,0.00235200,12.20900000,1
1531164566028,1531164566022,3038078,0.00236000,3.57200000,0
1531164566128,1531164566122,3038079,0.00236000,0.81400000,0
1531164574255,1531164574253,3038080,0.00236100,9.87700000,0
1531164576253,1531164576251,3038081,0.00236200,1.90600000,0
1531164586529,1531164586526,3038082,0.00236900,0.60500000,0
1531164616264,1531164616263,3038083,0.00236300,3.67400000,0
1531164638133,1531164638128,3038084,0.00236100,1.03700000,1
1531164650276,1531164650269,3038085,0.00236900,0.31500000,0
1531164650276,1531164650269,3038086,0.00237000,3.90600000,0
1531164671116,1531164671110,3038087,0.00237000,0.45100000,0
1531164671139,1531164671135,3038088,0.00237000,0.15000000,0
1531164671163,1531164671155,3038089,0.00237100,1.18600000,0
1531164671188,1531164671185,3038090,0.00237100,0.71300000,0
1531164671255,1531164671249,3038091,0.00237200,1.80200000,0
1531164675601,1531164675597,3038092,0.00237000,1.39400000,1
1531164680261,1531164680256,3038093,0.00236200,0.54600000,1
1531164703825,1531164703819,3038094,0.00237100,0.54600000,0
1531164703825,1531164703819,3038095,0.00237200,1.95600000,0
1531164726406,1531164726401,3038096,0.00236600,1.03700000,0
1531164733192,1531164733186,3038097,0.00237200,10.42200000,0
1531164773164,1531164773160,3038098,0.00237300,0.44500000,0
1531164773296,1531164773289,3038099,0.00237300,0.44500000,0
1531164773423,1531164773418,3038100,0.00237300,0.44500000,0
1531164773555,1531164773551,3038101,0.00237300,0.44500000,0
1531164773698,1531164773692,3038102,0.00237300,0.44500000,0
1531164781395,1531164781393,3038103,0.00236400,0.44200000,1
1531164788445,1531164788440,3038104,0.00236400,16.92000000,1
1531164789331,1531164789326,3038105,0.00236400,6.72700000,0
1531164789554,1531164789548,3038106,0.00236400,29.98500000,0
1531164861066,1531164861060,3038107,0.00236100,4.73100000,1
1531164867224,1531164867217,3038108,0.00237200,4.21600000,0
1531164879732,1531164879726,3038109,0.00237300,1.00000000,0
1531164892282,1531164892278,3038110,0.00237300,8.98700000,0
1531164894288,1531164894281,3038111,0.00237400,0.99900000,0
1531164903624,1531164903618,3038112,0.00237000,3.24600000,0
1531164973609,1531164973602,3038113,0.00236800,3.45000000,1
1531164973610,1531164973604,3038114,0.00236800,0.06500000,1
1531164973610,1531164973604,3038115,0.00236300,1.77800000,1
1531164985311,1531164985305,3038116,0.00237400,0.44500000,0
1531164985450,1531164985446,3038117,0.00237400,0.44500000,0
1531164985585,1531164985579,3038118,0.00237400,0.44500000,0
1531164985710,1531164985707,3038119,0.00237400,0.44500000,0
1531164985848,1531164985844,3038120,0.00237400,0.44500000,0
1531165000811,1531165000806,3038121,0.00237400,0.27500000,0
1531165000863,1531165000855,3038122,0.00237400,2.91500000,1
1531165000889,1531165000885,3038123,0.00237400,1.05600000,1
1531165000889,1531165000885,3038124,0.00236600,2.66400000,1
1531165001633,1531165001627,3038125,0.00236600,0.25100000,0
1531165034623,1531165034620,3038126,0.00236800,1.21900000,0
1531165054145,1531165054138,3038127,0.00236500,0.84300000,1
1531165054145,1531165054138,3038128,0.00236400,5.12200000,1
1531165054145,1531165054138,3038129,0.00236300,4.44700000,1
1531165090190,1531165090184,3038130,0.00236300,6.69500000,1
1531165110453,1531165110449,3038131,0.00236300,6.61400000,1
1531165144312,1531165144310,3038132,0.00236300,6.11800000,0
1531165155325,1531165155319,3038133,0.00236300,2.42700000,0
1531165164320,1531165164313,3038134,0.00236000,6.47200000,1
1531165172448,1531165172442,3038135,0.00236800,2.53400000,0
1531165209776,1531165209770,3038136,0.00236100,5.06100000,1
1531165209776,1531165209770,3038137,0.00236000,0.72200000,1
1531165231705,1531165231702,3038138,0.00236000,0.13000000,1
1531165233967,1531165233960,3038139,0.00236900,3.03900000,0
1531165245811,1531165245808,3038140,0.00236200,5.65400000,1
1531165255392,1531165255388,3038141,0.00236900,0.47400000,0
1531165255392,1531165255388,3038142,0.00237300,5.65400000,0
1531165255392,1531165255388,3038143,0.00237400,1.22000000,0
1531165255884,1531165255877,3038144,0.00237400,0.44500000,0
1531165256015,1531165256011,3038145,0.00237400,0.44500000,0
1531165256142,1531165256137,3038146,0.00237400,0.44500000,0
1531165256274,1531165256267,3038147,0.00237400,0.44500000,0
1531165256403,1531165256398,3038148,0.00237400,0.44500000,0
1531165273536,1531165273532,3038149,0.00237300,0.66400000,0
1531165298369,1531165298363,3038150,0.00237300,1.18000000,0
1531165380576,1531165380570,3038151,0.00236600,1.68800000,1
1531165380663,1531165380656,3038152,0.00236600,1.12200000,0
1531165383487,1531165383486,3038153,0.00236600,2.00000000,0
1531165427124,1531165427118,3038154,0.00236600,0.84300000,1
1531165427124,1531165427118,3038155,0.00236400,1.00700000,1
1531165494061,1531165494055,3038156,0.00236500,0.84300000,1
1531165494061,1531165494055,3038157,0.00236400,2.51300000,1
1531165494061,1531165494055,3038158,0.00236100,1.01800000,1
1531165495554,1531165495553,3038159,0.00236200,0.48300000,1
1531165531051,1531165531045,3038160,0.00236900,0.48300000,0
1531165554484,1531165554480,3038161,0.00236500,0.84300000,1
1531165554484,1531165554480,3038162,0.00236300,17.85200000,1
1531165554485,1531165554480,3038163,0.00236000,5.83100000,1
1531165572740,1531165572733,3038164,0.00236400,2.86400000,1
1531165572740,1531165572733,3038165,0.00236300,0.84300000,1
1531165572740,1531165572733,3038166,0.00236000,21.76100000,1
1531165572899,1531165572893,3038167,0.00237100,0.44400000,0
1531165573032,1531165573029,3038168,0.00237100,0.44400000,0
1531165573154,1531165573147,3038169,0.00237100,0.13000000,0
1531165573154,1531165573147,3038170,0.00237200,0.31400000,0
1531165573278,1531165573272,3038171,0.00237200,0.44400000,0
1531165573409,1531165573402,3038172,0.00237000,0.44400000,0
1531165580613,1531165580611,3038173,0.00237000,0.26000000,0
1531165592540,1531165592532,3038174,0.00237000,2.16000000,0
1531165592540,1531165592532,3038175,0.00237300,1.66300000,0
1531165592540,1531165592532,3038176,0.00238100,1.35200000,0
1531165592540,1531165592532,3038177,0.00238200,4.27300000,0
1531165592540,1531165592532,3038178,0.00238300,3.89100000,0
1531165592540,1531165592532,3038179,0.00238600,0.46000000,0
1531165592540,1531165592532,3038180,0.00238700,1.95200000,0
1531165592540,1531165592532,3038181,0.00238800,0.51800000,0
1531165592540,1531165592532,3038182,0.00238900,32.60200000,0
1531165592540,1531165592532,3038183,0.00238900,1.16100000,0
1531165592540,1531165592532,3038184,0.00239000,17.03900000,0
1531165596221,1531165596215,3038185,0.00238900,5.98300000,0
1531165596221,1531165596215,3038186,0.00239000,42.14800000,0
1531165596271,1531165596266,3038187,0.00237100,17.82600000,1
1531165596759,1531165596755,3038188,0.00237100,3.94700000,1
1531165597653,1531165597647,3038189,0.00237100,13.21700000,1
1531165597984,1531165597978,3038190,0.00237200,8.43200000,1
1531165598049,1531165598043,3038191,0.00237100,2.84100000,1
1531165605707,1531165605701,3038192,0.00237400,18.27800000,0
1531165605707,1531165605701,3038193,0.00237500,8.43200000,0
1531165605766,1531165605761,3038194,0.00237800,3.50000000,0
1531165605766,1531165605761,3038195,0.00237900,1.97400000,0
1531165607364,1531165607357,3038196,0.00237300,1.99200000,0
1531165634019,1531165634015,3038197,0.00237700,0.84100000,1
1531165634019,1531165634015,3038198,0.00237600,3.50300000,1
1531165634019,1531165634015,3038199,0.00236500,1.54800000,1
1531165634019,1531165634015,3038200,0.00236100,5.49200000,1
1531165634360,1531165634355,3038201,0.00236100,0.84000000,1
1531165641552,1531165641550,3038202,0.00236500,0.98400000,1
1531165651221,1531165651215,3038203,0.00237100,17.82600000,0
1531165651371,1531165651366,3038204,0.00237500,3.50400000,0
1531165653356,1531165653349,3038205,0.00237600,32.43900000,0
1531165665406,1531165665400,3038206,0.00237600,0.00100000,0
1531165665702,1531165665696,3038207,0.00237600,1.99900000,1
1531165678626,1531165678620,3038208,0.00237700,6.33200000,0
1531165678626,1531165678620,3038209,0.00237800,17.86600000,0
1531165679375,1531165679369,3038210,0.00238000,3.49700000,0
1531165720189,1531165720184,3038211,0.00238900,0.44400000,0
1531165720325,1531165720320,3038212,0.00238900,0.44400000,0
1531165720460,1531165720454,3038213,0.00238900,0.44400000,0
1531165720585,1531165720580,3038214,0.00238900,0.44400000,0
1531165720720,1531165720713,3038215,0.00238900,0.44400000,0
1531165726558,1531165726552,3038216,0.00238900,0.26700000,0
1531165726558,1531165726552,3038217,0.00239000,14.92900000,0
1531165726585,1531165726578,3038218,0.00239000,2.58900000,1
1531165726720,1531165726715,3038219,0.00239000,10.34200000,1
1531165728401,1531165728400,3038220,0.00238600,0.63400000,1
1531165739697,1531165739691,3038221,0.00238600,0.84400000,1
1531165756750,1531165756746,3038222,0.00239200,2.05400000,0
1531165759648,1531165759643,3038223,0.00238800,2.49500000,1
1531165759648,1531165759643,3038224,0.00238600,7.96000000,1
1531165766047,1531165766040,3038225,0.00238400,0.84400000,0
1531165766047,1531165766040,3038226,0.00238500,0.19100000,0
1531165768074,1531165768067,3038227,0.00237500,2.66100000,1
1531165768074,1531165768067,3038228,0.00237400,1.57400000,1
1531165782810,1531165782805,3038229,0.00238400,2.11800000,0
1531165788716,1531165788710,3038230,0.00238400,0.13100000,0
1531165797455,1531165797449,3038231,0.00237600,5.47200000,1
1531165797724,1531165797719,3038232,0.00237600,82.43900000,0
1531165803432,1531165803428,3038233,0.00238400,0.41200000,0
1531165803716,1531165803711,3038234,0.00238400,0.42700000,1
1531165813179,1531165813173,3038235,0.00238500,2.02900000,0
1531165813721,1531165813715,3038236,0.00238500,21.58100000,1
1531165834159,1531165834153,3038237,0.00238200,2.49300000,0
1531165834159,1531165834153,3038238,0.00238600,79.68200000,0
1531165840597,1531165840594,3038239,0.00238600,0.44400000,0
1531165840726,1531165840720,3038240,0.00238600,0.44400000,0
1531165840850,1531165840844,3038241,0.00238600,0.44400000,0
1531165840978,1531165840972,3038242,0.00238600,0.44400000,0
1531165841106,1531165841101,3038243,0.00238600,0.44400000,0
1531165871971,1531165871965,3038244,0.00237800,0.44400000,1
1531165872099,1531165872096,3038245,0.00237800,0.44400000,1
1531165872235,1531165872229,3038246,0.00237800,0.44400000,1
1531165872371,1531165872365,3038247,0.00237800,0.34500000,1
1531165872371,1531165872365,3038248,0.00236800,0.09900000,1
1531165872499,1531165872494,3038249,0.00236800,0.44400000,1
1531165872620,1531165872614,3038250,0.00238600,0.44400000,0
1531165872762,1531165872759,3038251,0.00238600,0.44400000,0
1531165872895,1531165872893,3038252,0.00238600,0.44400000,0
1531165873024,1531165873019,3038253,0.00238600,0.44400000,0
1531165873156,1531165873152,3038254,0.00238600,0.44400000,0
1531165878602,1531165878596,3038255,0.00238600,5.96000000,0
1531165878740,1531165878732,3038256,0.00238600,3.98600000,1
1531166032654,1531166032648,3038257,0.00237900,0.50100000,0
1531166032663,1531166032657,3038258,0.00237900,0.50000000,0
1531166033745,1531166033740,3038259,0.00237900,1.21900000,0
1531166084354,1531166084349,3038260,0.00238400,0.44200000,0
1531166084481,1531166084475,3038261,0.00238400,0.00200000,0
1531166084481,1531166084475,3038262,0.00238500,0.44000000,0
1531166084616,1531166084610,3038263,0.00238500,0.44200000,0
1531166084747,1531166084740,3038264,0.00238500,0.44200000,0
1531166084883,1531166084879,3038265,0.00238500,0.44200000,0
1531166088402,1531166088395,3038266,0.00237800,2.51600000,1
1531166088402,1531166088395,3038267,0.00237400,3.50600000,1
1531166088750,1531166088749,3038268,0.00237400,1.75800000,0
1531166113918,1531166113911,3038269,0.00238500,4.19200000,0
1531166123599,1531166123597,3038270,0.00237700,2.59900000,1
1531166123742,1531166123737,3038271,0.00237700,3.39800000,0
1531166145796,1531166145794,3038272,0.00237700,1.28600000,1
1531166192404,1531166192398,3038273,0.00236800,1.45100000,1
1531166192404,1531166192398,3038274,0.00236700,3.51600000,1
1531166192404,1531166192398,3038275,0.00236600,7.14300000,1
1531166192404,1531166192398,3038276,0.00236100,10.81400000,1
1531166192404,1531166192398,3038277,0.00236100,6.52400000,1
1531166192418,1531166192412,3038278,0.00236100,1.49600000,0
1531166192438,1531166192434,3038279,0.00236100,1.05800000,0
1531166192451,1531166192444,3038280,0.00236100,1.49600000,0
1531166192486,1531166192480,3038281,0.00236100,1.45900000,0
1531166192498,1531166192491,3038282,0.00236100,12.01000000,0
1531166192750,1531166192745,3038283,0.00236100,100.30000000,0
1531166193343,1531166193312,3038284,0.00236100,1.73000000,1
1531166201785,1531166201778,3038285,0.00236200,37.32600000,1
1531166207433,1531166207427,3038286,0.00236000,8.38200000,1
1531166231662,1531166231655,3038287,0.00236100,2.19100000,1
1531166231662,1531166231655,3038288,0.00236000,23.94700000,1
1531166274670,1531166274664,3038289,0.00237000,1.98200000,0
1531166274670,1531166274664,3038290,0.00237100,0.12500000,0
1531166289948,1531166289942,3038291,0.00236200,1.65200000,1
1531166290760,1531166290754,3038292,0.00236200,21.93500000,0
1531166292032,1531166292028,3038293,0.00236600,0.44500000,0
1531166292168,1531166292161,3038294,0.00236600,0.44500000,0
1531166292294,1531166292287,3038295,0.00236600,0.44500000,0
1531166292426,1531166292419,3038296,0.00236600,0.44500000,0
1531166292553,1531166292547,3038297,0.00236600,0.44500000,0
1531166298688,1531166298682,3038298,0.00236300,17.75600000,0
1531166300688,1531166300682,3038299,0.00236400,12.19500000,0
1531166305439,1531166305435,3038300,0.00236500,2.59900000,0
1531166312454,1531166312448,3038301,0.00236600,0.44500000,0
1531166312586,1531166312580,3038302,0.00236600,0.44500000,0
1531166312714,1531166312708,3038303,0.00236600,0.40200000,0
1531166312714,1531166312708,3038304,0.00237100,0.04300000,0
1531166312847,1531166312846,3038305,0.00237100,0.44500000,0
1531166312976,1531166312971,3038306,0.00237100,0.44500000,0
1531166313902,1531166313895,3038307,0.00237000,3.51200000,0
1531166313902,1531166313895,3038308,0.00237100,24.74000000,0
1531166313902,1531166313895,3038309,0.00237700,77.13200000,0
1531166313902,1531166313895,3038310,0.00237900,14.73300000,0
1531166313915,1531166313908,3038311,0.00237900,1.49600000,1
1531166313936,1531166313930,3038312,0.00237900,1.04700000,1
1531166313948,1531166313945,3038313,0.00237900,2.65200000,1
1531166313999,1531166313996,3038314,0.00237900,5.83700000,1
1531166314315,1531166314309,3038315,0.00237900,1.49600000,1
1531166314316,1531166314310,3038316,0.00237900,1.49600000,1
1531166314389,1531166314383,3038317,0.00238000,1.22800000,1
1531166314389,1531166314383,3038318,0.00237900,0.26800000,1
1531166314764,1531166314758,3038319,0.00238000,27.07800000,1
1531166314764,1531166314758,3038320,0.00237900,38.81000000,1
1531166315767,1531166315762,3038321,0.00238100,3.49500000,1
1531166320771,1531166320765,3038322,0.00237700,2.80600000,1
1531166320771,1531166320765,3038323,0.00237600,3.50300000,1
1531166320986,1531166320982,3038324,0.00238400,0.60500000,0
1531166357387,1531166357381,3038325,0.00238000,0.42500000,0
1531166364313,1531166364307,3038326,0.00237200,1.26500000,1
1531166364782,1531166364777,3038327,0.00237200,17.30600000,0
1531166365774,1531166365772,3038328,0.00237600,3.50300000,0
1531166426998,1531166426991,3038329,0.00237400,3.50600000,1
1531166426998,1531166426991,3038330,0.00236200,1.65200000,1
1531166426998,1531166426991,3038331,0.00236000,0.84500000,1
1531166426998,1531166426991,3038332,0.00235900,2.15700000,1
1531166428787,1531166428781,3038333,0.00237200,2.15700000,0
1531166436783,1531166436776,3038334,0.00237400,3.34200000,0
1531166469666,1531166469661,3038335,0.00237000,17.87100000,1
1531166469666,1531166469661,3038336,0.00236900,15.93200000,1
1531166480235,1531166480230,3038337,0.00238000,0.42500000,0
1531166489423,1531166489416,3038338,0.00238000,1.47400000,0
1531166534722,1531166534716,3038339,0.00238000,5.84000000,0
1531166534722,1531166534716,3038340,0.00238900,0.64500000,0
1531166544897,1531166544891,3038341,0.00238500,0.44500000,0
1531166545024,1531166545019,3038342,0.00238500,0.44500000,0
1531166545150,1531166545147,3038343,0.00238500,0.44500000,0
1531166545284,1531166545279,3038344,0.00238500,0.44500000,0
1531166545408,1531166545405,3038345,0.00238500,0.44500000,0
1531166548764,1531166548758,3038346,0.00238500,0.58100000,0
1531166549795,1531166549789,3038347,0.00238500,5.34400000,1
1531166571829,1531166571823,3038348,0.00237800,3.50000000,1
1531166571829,1531166571823,3038349,0.00237600,97.50000000,1
1531166571829,1531166571823,3038350,0.00237200,1.26500000,1
1531166571829,1531166571823,3038351,0.00236900,120.55800000,1
1531166571848,1531166571843,3038352,0.00236900,2.82700000,0
1531166571855,1531166571849,3038353,0.00236900,2.82700000,0
1531166571862,1531166571857,3038354,0.00236900,2.82700000,0
1531166571881,1531166571876,3038355,0.00236900,2.82700000,0
1531166572450,1531166572448,3038356,0.00236900,1.10200000,0
1531166572789,1531166572781,3038357,0.00236900,60.50600000,0
1531166575390,1531166575384,3038358,0.00237500,0.44500000,0
1531166575513,1531166575513,3038359,0.00237500,0.44500000,0
1531166575649,1531166575642,3038360,0.00237500,0.44500000,0
1531166575774,1531166575769,3038361,0.00237500,0.44500000,0
1531166575907,1531166575900,3038362,0.00237500,0.44500000,0
1531166589835,1531166589829,3038363,0.00236600,2.77400000,1
1531166590799,1531166590793,3038364,0.00236600,1.26000000,0
1531166601212,1531166601204,3038365,0.00236200,1.65200000,1
1531166601212,1531166601204,3038366,0.00236100,3.52500000,1
1531166601212,1531166601204,3038367,0.00235600,4.21500000,1
1531166601212,1531166601204,3038368,0.00235500,5.00000000,1
1531166601212,1531166601204,3038369,0.00235400,5.61600000,1
1531166601212,1531166601204,3038370,0.00235300,28.92400000,1
1531166601212,1531166601204,3038371,0.00235200,136.30800000,1
1531166601212,1531166601204,3038372,0.00235100,71.18300000,1
1531166601223,1531166601216,3038373,0.00235000,9.68700000,0
1531166601230,1531166601225,3038374,0.00235000,4.25100000,0
1531166601244,1531166601240,3038375,0.00235000,8.49400000,0
1531166601250,1531166601244,3038376,0.00235000,2.92000000,0
1531166601803,1531166601797,3038377,0.00235000,18.46500000,0
1531166601803,1531166601797,3038378,0.00235200,31.17800000,0
1531166604461,1531166604458,3038379,0.00235000,8.49400000,1
1531166610457,1531166610451,3038380,0.00235500,2.71500000,0
1531166611523,1531166611519,3038381,0.00235400,5.77900000,0
1531166613879,1531166613873,3038382,0.00234900,6.41900000,1
1531166613879,1531166613873,3038383,0.00234500,0.06000000,1
1531166617747,1531166617743,3038384,0.00235500,1.35900000,0
1531166622115,1531166622109,3038385,0.00234800,6.90000000,1
1531166643561,1531166643555,3038386,0.00234800,35.68900000,1
1531166643561,1531166643555,3038387,0.00234500,267.82200000,1
1531166650797,1531166650791,3038388,0.00234800,3.38500000,0
1531166651522,1531166651519,3038389,0.00235500,5.25800000,0
1531166651805,1531166651800,3038390,0.00235500,16.91500000,1
1531166653518,1531166653512,3038391,0.00234800,10.00000000,0
1531166656803,1531166656798,3038392,0.00234800,2.53800000,0
1531166665764,1531166665762,3038393,0.00234800,3.80800000,0
1531166670806,1531166670799,3038394,0.00234800,3.80900000,0
1531166718052,1531166718043,3038395,0.00234600,0.66100000,1
1531166740177,1531166740175,3038396,0.00235500,0.19000000,0
1531166761811,1531166761805,3038397,0.00235300,0.53300000,1
1531166762542,1531166762536,3038398,0.00235500,2.31600000,0
1531166799717,1531166799711,3038399,0.00235500,2.00000000,0
1531166801921,1531166801916,3038400,0.00236500,1.31100000,0
1531166811240,1531166811234,3038401,0.00236300,1.46300000,0
1531166811240,1531166811234,3038402,0.00236400,2.49400000,0
1531166811560,1531166811553,3038403,0.00236600,5.49900000,0
1531166811825,1531166811819,3038404,0.00236500,36.69700000,1
1531166819567,1531166819563,3038405,0.00236500,2.00000000,1
1531166844442,1531166844437,3038406,0.00236500,0.42700000,0
1531166869269,1531166869262,3038407,0.00235700,0.39100000,1
1531166890043,1531166890039,3038408,0.00235700,2.00000000,1
1531166893050,1531166893043,3038409,0.00235700,3.88200000,1
1531166893559,1531166893551,3038410,0.00235700,7.80500000,0
1531166916677,1531166916671,3038411,0.00235500,0.94400000,1
1531166937212,1531166937206,3038412,0.00235400,4.64600000,1
1531166943773,1531166943767,3038413,0.00235400,37.83400000,1
1531166943829,1531166943824,3038414,0.00235400,0.79000000,0
1531166959564,1531166959559,3038415,0.00235000,4.49000000,0
1531166993725,1531166993721,3038416,0.00235000,0.51900000,0
1531167041883,1531167041880,3038417,0.00234900,4.55500000,1
1531167071752,1531167071749,3038418,0.00235000,8.51100000,1
1531167071836,1531167071831,3038419,0.00235000,45.86700000,0
1531167078652,1531167078646,3038420,0.00234900,1.50900000,1
1531167078826,1531167078821,3038421,0.00234900,13.49100000,0
1531167080829,1531167080823,3038422,0.00234800,51.27900000,1
1531167080829,1531167080823,3038423,0.00234700,1.66200000,1
1531167081867,1531167081864,3038424,0.00234500,7.16100000,1
1531167081895,1531167081890,3038425,0.00234400,48.58400000,1
1531167081926,1531167081925,3038426,0.00234300,6.12100000,1
1531167081926,1531167081925,3038427,0.00234200,49.81500000,1
1531167081951,1531167081949,3038428,0.00234100,607.02100000,1
1531167081976,1531167081970,3038429,0.00234100,21.58400000,1
1531167082742,1531167082736,3038430,0.00234100,0.67800000,1
1531167096828,1531167096821,3038431,0.00234600,0.94400000,0
1531167096828,1531167096821,3038432,0.00234700,2.50300000,0
1531167101331,1531167101325,3038433,0.00234200,11.22400000,1
1531167101331,1531167101325,3038434,0.00234100,766.99800000,1
1531167102127,1531167102121,3038435,0.00234100,21.16700000,1
1531167108787,1531167108781,3038436,0.00234100,47.97500000,1
1531167113625,1531167113624,3038437,0.00234200,50.90200000,1
1531167113625,1531167113624,3038438,0.00234100,5.48900000,1
1531167118641,1531167118634,3038439,0.00234100,1.56500000,1
1531167120835,1531167120832,3038440,0.00234100,180.43500000,1
1531167126019,1531167126013,3038441,0.00234100,1.53900000,1
1531167126999,1531167126995,3038442,0.00235000,4.05000000,0
1531167131651,1531167131645,3038443,0.00234100,0.95400000,1
1531167136325,1531167136318,3038444,0.00234100,8.51100000,1
1531167140611,1531167140604,3038445,0.00234800,8.80800000,0
1531167140631,1531167140626,3038446,0.00235100,8.49500000,1
1531167140715,1531167140708,3038447,0.00235100,43.27800000,1
1531167140764,1531167140758,3038448,0.00235100,5.20800000,1
1531167141147,1531167141140,3038449,0.00235100,8.49400000,1
1531167141174,1531167141168,3038450,0.00235100,3.81200000,1
1531167141696,1531167141690,3038451,0.00235100,43.27800000,1
1531167141831,1531167141825,3038452,0.00235100,0.84100000,1
1531167141964,1531167141958,3038453,0.00235100,2.38900000,1
1531167142694,1531167142688,3038454,0.00235100,43.27800000,1
1531167156874,1531167156869,3038455,0.00235100,2.09800000,1
1531167160565,1531167160559,3038456,0.00235100,6.79500000,1
1531167164984,1531167164977,3038457,0.00235300,0.44700000,0
1531167165104,1531167165097,3038458,0.00235300,0.44700000,0
1531167165234,1531167165228,3038459,0.00235300,0.44700000,0
1531167165289,1531167165283,3038460,0.00235100,12.89800000,1
1531167165581,1531167165575,3038461,0.00235300,0.44700000,0
1531167165701,1531167165694,3038462,0.00235300,0.44700000,0
1531167175830,1531167175823,3038463,0.00235200,13.51600000,0
1531167176386,1531167176381,3038464,0.00235100,0.18100000,1
1531167217846,1531167217840,3038465,0.00235500,38.21300000,0
1531167217846,1531167217840,3038466,0.00235600,11.70100000,0
1531167217866,1531167217862,3038467,0.00235700,3.53100000,0
1531167217866,1531167217862,3038468,0.00235900,3.85400000,0
1531167218794,1531167218787,3038469,0.00235400,3.53500000,1
1531167224625,1531167224620,3038470,0.00235400,4.40700000,0
1531167245575,1531167245570,3038471,0.00236000,0.42800000,0
1531167248798,1531167248793,3038472,0.00235900,12.89000000,0
1531167248798,1531167248793,3038473,0.00236000,1.57200000,0
1531167248811,1531167248804,3038474,0.00236100,18.71400000,1
1531167249475,1531167249470,3038475,0.00235300,2.72300000,1
1531167285635,1531167285629,3038476,0.00235400,2.72300000,0
1531167286701,1531167286695,3038477,0.00235200,2.05100000,1
1531167294448,1531167294442,3038478,0.00235400,0.77500000,0
1531167294478,1531167294471,3038479,0.00235400,15.86800000,1
1531167294644,1531167294639,3038480,0.00235200,15.86800000,0
1531167297368,1531167297360,3038481,0.00235100,5.46200000,1
1531167297368,1531167297360,3038482,0.00234800,2.54200000,1
1531167297368,1531167297360,3038483,0.00234600,1.90800000,1
1531167297368,1531167297360,3038484,0.00234300,2.28400000,1
1531167297368,1531167297360,3038485,0.00234200,3.69700000,1
1531167333870,1531167333866,3038486,0.00234800,2.28400000,0
1531167345745,1531167345739,3038487,0.00235200,8.74400000,0
1531167345866,1531167345864,3038488,0.00235200,0.69300000,1
1531167345896,1531167345890,3038489,0.00235200,2.87000000,1
1531167347488,1531167347483,3038490,0.00234500,19.58400000,1
1531167356419,1531167356415,3038491,0.00234500,0.00100000,1
1531167357658,1531167357655,3038492,0.00235300,0.44700000,0
1531167357794,1531167357789,3038493,0.00235300,0.44700000,0
1531167357921,1531167357919,3038494,0.00235300,0.44700000,0
1531167358046,1531167358040,3038495,0.00235300,0.44700000,0
1531167358181,1531167358177,3038496,0.00235300,0.44700000,0
1531167359622,1531167359615,3038497,0.00234500,0.44700000,1
1531167359753,1531167359747,3038498,0.00234500,0.44700000,1
1531167359875,1531167359867,3038499,0.00234500,0.44700000,1
1531167359998,1531167359992,3038500,0.00234500,0.44700000,1
1531167360135,1531167360131,3038501,0.00234500,0.44700000,1
1531167360263,1531167360260,3038502,0.00235300,0.44700000,0
1531167360382,1531167360383,3038503,0.00235300,0.44700000,0
1531167360520,1531167360514,3038504,0.00235300,0.40800000,0
1531167360520,1531167360514,3038505,0.00235500,0.03900000,0
1531167360658,1531167360652,3038506,0.00235500,0.44700000,0
1531167360797,1531167360791,3038507,0.00235500,0.44700000,0
1531167385622,1531167385616,3038508,0.00235500,7.14600000,0
1531167388426,1531167388426,3038509,0.00235500,6.77600000,0
1531167412676,1531167412672,3038510,0.00235500,1.89300000,0
1531167428115,1531167428109,3038511,0.00235000,4.00000000,1
1531167428641,1531167428636,3038512,0.00235000,16.48600000,0
1531167431869,1531167431862,3038513,0.00234500,1.31400000,1
1531167431869,1531167431862,3038514,0.00234400,16.71500000,1
1531167431897,1531167431895,3038515,0.00234300,0.55500000,1
1531167431897,1531167431895,3038516,0.00234200,52.11100000,1
1531167432733,1531167432727,3038517,0.00234300,1.35300000,1
1531167443652,1531167443650,3038518,0.00234300,40.40200000,1
1531167443988,1531167443981,3038519,0.00234300,19.74900000,1
1531167443988,1531167443981,3038520,0.00234200,7.01500000,1
1531167443988,1531167443981,3038521,0.00234100,293.28900000,1
1531167451960,1531167451954,3038522,0.00234100,0.54200000,1
1531167458874,1531167458870,3038523,0.00234800,12.62100000,0
1531167458874,1531167458870,3038524,0.00235200,3.53800000,0
1531167458906,1531167458903,3038525,0.00235500,7.77200000,0
1531167460947,1531167460940,3038526,0.00234300,8.53600000,1
1531167460947,1531167460940,3038527,0.00234200,5.31000000,1
1531167460947,1531167460940,3038528,0.00234100,294.32000000,1
1531167468882,1531167468875,3038529,0.00234800,8.53600000,0
1531167468913,1531167468905,3038530,0.00234900,2.65500000,0
1531167495383,1531167495376,3038531,0.00234300,3.55200000,1
1531167495383,1531167495376,3038532,0.00234100,28.51400000,1
1531167495544,1531167495538,3038533,0.00234100,24.36900000,0
1531167495906,1531167495898,3038534,0.00234100,10.66600000,0
1531167527791,1531167527788,3038535,0.00234100,2.65500000,0
1531167529043,1531167529040,3038536,0.00234200,13.39600000,0
1531167547880,1531167547876,3038537,0.00234700,0.43100000,0
1531167588804,1531167588798,3038538,0.00234500,13.22500000,0
1531167591210,1531167591203,3038539,0.00234600,0.58600000,0
1531167620620,1531167620614,3038540,0.00234000,27.16100000,1
1531167625086,1531167625086,3038541,0.00233900,6.76900000,1
1531167630293,1531167630291,3038542,0.00234000,3.03800000,0
1531167633949,1531167633944,3038543,0.00233900,3.55000000,1
1531167633988,1531167633987,3038544,0.00233900,3.33400000,0
1531167657694,1531167657689,3038545,0.00233900,9.49400000,0
1531167659544,1531167659539,3038546,0.00233900,2.87600000,0
1531167676676,1531167676674,3038547,0.00233900,0.00100000,0
1531167677491,1531167677486,3038548,0.00233900,10.35600000,1
1531167677491,1531167677486,3038549,0.00233800,1.59700000,1
1531167694632,1531167694626,3038550,0.00233800,4.54500000,1
1531167694664,1531167694658,3038551,0.00233800,2.24800000,0
1531167696183,1531167696181,3038552,0.00233800,16.18000000,0
1531167710739,1531167710733,3038553,0.00233500,1.00900000,1
1531167710794,1531167710789,3038554,0.00233500,34.14300000,0
1531167710887,1531167710881,3038555,0.00233500,9.09100000,0
1531167712155,1531167712150,3038556,0.00233400,1.90800000,1
1531167712240,1531167712235,3038557,0.00233500,25.83700000,0
1531167717600,1531167717600,3038558,0.00233400,4.09700000,1
1531167721938,1531167721936,3038559,0.00233300,0.42900000,1
1531167726591,1531167726586,3038560,0.00233200,1.35600000,1
1531167726591,1531167726586,3038561,0.00233100,1.56300000,1
1531167726633,1531167726630,3038562,0.00233100,1.35600000,1
1531167727696,1531167727690,3038563,0.00233100,0.49100000,1
1531167728274,1531167728269,3038564,0.00233000,1.18000000,1
1531167728668,1531167728662,3038565,0.00233100,0.86500000,0
1531167737946,1531167737940,3038566,0.00233000,0.85600000,1
1531167767886,1531167767879,3038567,0.00232900,71.89300000,1
1531167771254,1531167771249,3038568,0.00232600,0.84000000,1
1531167775466,1531167775461,3038569,0.00232900,0.64500000,0
1531167801842,1531167801837,3038570,0.00232700,0.85700000,1
1531167814587,1531167814585,3038571,0.00232700,0.85900000,0
1531167829248,1531167829242,3038572,0.00232700,0.80400000,0
1531167874592,1531167874585,3038573,0.00232700,40.45100000,0
1531167874689,1531167874684,3038574,0.00232700,4.37500000,0
1531167875685,1531167875684,3038575,0.00232800,3.13700000,0
1531167879771,1531167879765,3038576,0.00232900,1.17900000,0
1531167881403,1531167881397,3038577,0.00232900,4.22300000,0
1531167881486,1531167881481,3038578,0.00232900,57.92700000,0
1531167885125,1531167885119,3038579,0.00234400,2.50000000,0
1531167885125,1531167885119,3038580,0.00234500,1.81700000,0
1531167885697,1531167885693,3038581,0.00233100,8.58000000,1
1531167886705,1531167886700,3038582,0.00233000,0.61400000,1
1531167887433,1531167887427,3038583,0.00233100,3.04100000,1
1531167891690,1531167891687,3038584,0.00233000,10.00000000,0
1531167897079,1531167897073,3038585,0.00233700,0.42800000,0
1531167898143,1531167898137,3038586,0.00233600,0.45100000,0
1531167898277,1531167898271,3038587,0.00234100,0.45100000,0
1531167898410,1531167898410,3038588,0.00233500,0.45100000,0
1531167898576,1531167898577,3038589,0.00234000,0.45100000,0
1531167898707,1531167898702,3038590,0.00234100,0.45100000,0
1531167912892,1531167912890,3038591,0.00233400,0.59900000,0
1531167928841,1531167928834,3038592,0.00233300,7.46200000,0
1531167934599,1531167934596,3038593,0.00233600,0.45100000,0
1531167934726,1531167934721,3038594,0.00233700,0.45100000,0
1531167934852,1531167934846,3038595,0.00233500,0.45100000,0
