event_time,trade_time,trade_id,price,quantity,maker
1531160286961,1531160286956,1210838,0.00009873,9.00000000,0
1531160301078,1531160301074,1210839,0.00009880,68.00000000,1
1531160317775,1531160317770,1210840,0.00009880,16.00000000,1
1531160317775,1531160317770,1210841,0.00009873,40.00000000,1
1531160322807,1531160322804,1210842,0.00009873,21.00000000,1
1531160322807,1531160322804,1210843,0.00009852,600.00000000,1
1531160323176,1531160323173,1210844,0.00009852,6.00000000,1
1531160325851,1531160325850,1210845,0.00009852,322.00000000,1
1531160325851,1531160325850,1210846,0.00009844,724.00000000,1
1531160325851,1531160325850,1210847,0.00009837,201.00000000,1
1531160339122,1531160339117,1210848,0.00009854,84.00000000,1
1531160339122,1531160339117,1210849,0.00009838,1024.00000000,1
1531160339122,1531160339117,1210850,0.00009837,1749.00000000,1
1531160340619,1531160340614,1210851,0.00009837,1983.00000000,1
1531160340619,1531160340614,1210852,0.00009835,100.00000000,1
1531160340619,1531160340614,1210853,0.00009832,1172.00000000,1
1531160340868,1531160340865,1210854,0.00009832,1887.00000000,1
1531160379395,1531160379391,1210855,0.00009886,63.00000000,0
1531160379395,1531160379391,1210856,0.00009887,102.00000000,0
1531160379395,1531160379391,1210857,0.00009888,53.00000000,0
1531160379395,1531160379391,1210858,0.00009891,60.00000000,0
1531160379395,1531160379391,1210859,0.00009893,47.00000000,0
1531160747673,1531160747670,1210860,0.00009893,37.00000000,0
1531160801378,1531160801374,1210861,0.00009894,68.00000000,1
1531160801378,1531160801374,1210862,0.00009893,10.00000000,1
1531160861387,1531160861383,1210863,0.00009893,53.00000000,1
1531160904810,1531160904807,1210864,0.00009893,60.00000000,0
1531160967250,1531160967245,1210865,0.00009893,7.00000000,0
1531161266027,1531161266022,1210866,0.00009893,325.00000000,1
1531161364530,1531161364523,1210867,0.00009910,83.00000000,0
1531161364530,1531161364523,1210868,0.00009911,84.00000000,0
1531161364530,1531161364523,1210869,0.00009924,26.00000000,0
1531161364530,1531161364523,1210870,0.00009925,14.00000000,0
1531161364530,1531161364523,1210871,0.00009966,66.00000000,0
1531161364530,1531161364523,1210872,0.00009969,154.00000000,0
1531161364530,1531161364523,1210873,0.00009976,14.00000000,0
1531161364530,1531161364523,1210874,0.00009979,52.00000000,0
1531161364530,1531161364523,1210875,0.00009996,14.00000000,0
1531161364530,1531161364523,1210876,0.00010000,23.00000000,0
1531161364530,1531161364523,1210877,0.00010028,13.00000000,0
1531161364530,1531161364523,1210878,0.00010042,59.00000000,0
1531161364530,1531161364523,1210879,0.00010062,60.00000000,0
1531161364530,1531161364523,1210880,0.00010065,22.00000000,0
1531161364530,1531161364523,1210881,0.00010100,816.00000000,0
1531161365721,1531161365716,1210882,0.00009999,59.00000000,1
1531161366777,1531161366776,1210883,0.00009988,47.00000000,1
1531161366806,1531161366799,1210884,0.00009988,7.00000000,1
1531161367513,1531161367509,1210885,0.00009951,67.00000000,1
1531161367514,1531161367509,1210886,0.00009950,98.00000000,1
1531161379249,1531161379245,1210887,0.00009917,55.00000000,0
1531161381499,1531161381495,1210888,0.00009917,4.00000000,0
1531161383402,1531161383399,1210889,0.00009918,67.00000000,1
1531161407183,1531161407178,1210890,0.00009908,63.00000000,1
1531161422242,1531161422238,1210891,0.00009908,21.00000000,1
1531161422242,1531161422238,1210892,0.00009893,28.00000000,1
1531161439684,1531161439679,1210893,0.00009908,14.00000000,1
1531161646737,1531161646733,1210894,0.00009908,16.00000000,1
1531161646737,1531161646733,1210895,0.00009903,22.00000000,1
1531161646737,1531161646733,1210896,0.00009893,31.00000000,1
1531161848865,1531161848861,1210897,0.00009938,80.00000000,0
1531161851456,1531161851452,1210898,0.00009938,4.00000000,0
1531161854036,1531161854031,1210899,0.00009938,101.00000000,1
1531162089114,1531162089107,1210900,0.00009946,23.00000000,0
1531162355732,1531162355727,1210901,0.00009907,7.00000000,1
1531162376162,1531162376157,1210902,0.00009907,77.00000000,1
1531162448218,1531162448213,1210903,0.00009900,50.00000000,0
1531162477731,1531162477727,1210904,0.00009893,1000.00000000,1
1531162486159,1531162486153,1210905,0.00009876,53.00000000,1
1531162486159,1531162486153,1210906,0.00009875,957.00000000,1
1531162526874,1531162526867,1210907,0.00009877,53.00000000,0
1531162526874,1531162526867,1210908,0.00009878,48.00000000,0
1531162869289,1531162869284,1210909,0.00009878,15.00000000,0
1531163080879,1531163080872,1210910,0.00009878,101.00000000,0
1531163205408,1531163205404,1210911,0.00009878,100.00000000,0
1531163234456,1531163234453,1210912,0.00009878,100.00000000,0
1531163255002,1531163254995,1210913,0.00009875,43.00000000,1
1531163255002,1531163254995,1210914,0.00009859,59.00000000,1
1531163271504,1531163271498,1210915,0.00009840,14.00000000,1
1531163366866,1531163366859,1210916,0.00009834,29.00000000,1
1531163391858,1531163391852,1210917,0.00009838,1.00000000,0
1531163465820,1531163465813,1210918,0.00009864,84.00000000,0
1531163465820,1531163465813,1210919,0.00009878,17.00000000,0
1531163546269,1531163546263,1210920,0.00009877,51.00000000,0
1531163546269,1531163546263,1210921,0.00009878,50.00000000,0
1531163566931,1531163566925,1210922,0.00009878,287.00000000,0
1531163577126,1531163577120,1210923,0.00009896,84.00000000,1
1531163586727,1531163586721,1210924,0.00009936,100.00000000,0
1531163604426,1531163604421,1210925,0.00009897,84.00000000,1
1531163626050,1531163626046,1210926,0.00009879,25.00000000,1
1531163626050,1531163626046,1210927,0.00009832,24.00000000,1
1531163681143,1531163681138,1210928,0.00009896,53.00000000,1
1531163681143,1531163681138,1210929,0.00009895,251.00000000,1
1531163684042,1531163684038,1210930,0.00009895,304.00000000,1
1531163686410,1531163686406,1210931,0.00009895,304.00000000,1
1531163689231,1531163689225,1210932,0.00009895,304.00000000,1
1531163691603,1531163691597,1210933,0.00009895,304.00000000,1
1531163694030,1531163694024,1210934,0.00009895,304.00000000,1
1531163696449,1531163696443,1210935,0.00009895,304.00000000,1
1531163698737,1531163698732,1210936,0.00009895,304.00000000,1
1531163701067,1531163701050,1210937,0.00009895,304.00000000,1
1531163807089,1531163807083,1210938,0.00009898,200.00000000,1
1531163807478,1531163807472,1210939,0.00009895,700.00000000,1
1531163808299,1531163808295,1210940,0.00009895,659.00000000,1
1531163808584,1531163808576,1210941,0.00009901,100.00000000,1
1531163808584,1531163808576,1210942,0.00009850,264.00000000,1
1531163811049,1531163811044,1210943,0.00009850,304.00000000,1
1531163909560,1531163909554,1210944,0.00009850,192.00000000,1
1531163909578,1531163909570,1210945,0.00009850,118.00000000,0
1531163909604,1531163909597,1210946,0.00009850,118.00000000,0
1531163909615,1531163909608,1210947,0.00009850,74.00000000,0
1531163946155,1531163946149,1210948,0.00009840,20.00000000,1
1531164024424,1531164024418,1210949,0.00009832,86.00000000,1
1531164024424,1531164024418,1210950,0.00009830,15.00000000,1
1531164024424,1531164024418,1210951,0.00009820,1865.00000000,1
1531164024445,1531164024444,1210952,0.00009820,131.00000000,0
1531164151941,1531164151934,1210953,0.00009826,40.00000000,1
1531164151941,1531164151934,1210954,0.00009825,185.00000000,1
1531164151941,1531164151934,1210955,0.00009820,198.00000000,1
1531164151941,1531164151934,1210956,0.00009819,41.00000000,1
1531164151941,1531164151934,1210957,0.00009811,1892.00000000,1
1531164168988,1531164168984,1210958,0.00009813,358.00000000,1
1531164169658,1531164169654,1210959,0.00009858,67.00000000,0
1531164190079,1531164190076,1210960,0.00009813,148.00000000,1
1531164300807,1531164300800,1210961,0.00009834,11.00000000,1
1531164300807,1531164300800,1210962,0.00009831,50.00000000,1
1531164300807,1531164300800,1210963,0.00009830,243.00000000,1
1531164303171,1531164303165,1210964,0.00009830,304.00000000,1
1531164314639,1531164314634,1210965,0.00009831,70.00000000,1
1531164405890,1531164405886,1210966,0.00009832,70.00000000,1
1531164427405,1531164427402,1210967,0.00009853,324.00000000,0
1531164463517,1531164463510,1210968,0.00009852,70.00000000,0
1531164463517,1531164463510,1210969,0.00009853,41.00000000,0
1531164463517,1531164463510,1210970,0.00009855,289.00000000,0
1531164473006,1531164473002,1210971,0.00009855,50.00000000,0
1531164500384,1531164500376,1210972,0.00009855,12.00000000,0
1531164500384,1531164500376,1210973,0.00009856,36.00000000,0
1531164500384,1531164500376,1210974,0.00009865,84.00000000,0
1531164500384,1531164500376,1210975,0.00009895,37.00000000,0
1531164500384,1531164500376,1210976,0.00009907,67.00000000,0
1531164500384,1531164500376,1210977,0.00009933,52.00000000,0
1531164500384,1531164500376,1210978,0.00009936,25.00000000,0
1531164500384,1531164500376,1210979,0.00010058,54.00000000,0
1531164500384,1531164500376,1210980,0.00010065,22.00000000,0
1531164500384,1531164500376,1210981,0.00010099,11.00000000,0
1531164501006,1531164501005,1210982,0.00009894,18.00000000,1
1531164501153,1531164501148,1210983,0.00009894,18.00000000,1
1531164501765,1531164501759,1210984,0.00009933,52.00000000,1
1531164503680,1531164503675,1210985,0.00009935,57.00000000,1
1531164508010,1531164508004,1210986,0.00009896,84.00000000,1
1531164522513,1531164522507,1210987,0.00009926,57.00000000,0
1531164522513,1531164522507,1210988,0.00009927,308.00000000,0
1531164522513,1531164522507,1210989,0.00009928,35.00000000,0
1531164532758,1531164532753,1210990,0.00009895,73.00000000,1
1531164540815,1531164540809,1210991,0.00009923,73.00000000,0
1531164540815,1531164540809,1210992,0.00009924,270.00000000,0
1531164540815,1531164540809,1210993,0.00009926,53.00000000,0
1531164540815,1531164540809,1210994,0.00009928,4.00000000,0
1531164555401,1531164555394,1210995,0.00009927,264.00000000,0
1531164555401,1531164555394,1210996,0.00009928,21.00000000,0
1531164555401,1531164555394,1210997,0.00009936,84.00000000,0
1531164555401,1531164555394,1210998,0.00009963,31.00000000,0
1531164558626,1531164558621,1210999,0.00009937,55.00000000,1
1531164565769,1531164565763,1211000,0.00009957,603.00000000,0
1531164565769,1531164565763,1211001,0.00009962,397.00000000,0
1531164581152,1531164581147,1211002,0.00009962,20.00000000,0
1531164583220,1531164583186,1211003,0.00009962,14.00000000,0
1531164583220,1531164583186,1211004,0.00009963,5.00000000,0
1531164583220,1531164583186,1211005,0.00009978,138.00000000,0
1531164583220,1531164583186,1211006,0.00009983,52.00000000,0
1531164583220,1531164583186,1211007,0.00010090,791.00000000,0
1531164584711,1531164584706,1211008,0.00010090,100.00000000,0
1531164586379,1531164586374,1211009,0.00009985,54.00000000,1
1531164588250,1531164588247,1211010,0.00009986,25.00000000,1
1531164588505,1531164588502,1211011,0.00009907,25.00000000,1
1531164590304,1531164590301,1211012,0.00009939,49.00000000,1
1531164590304,1531164590301,1211013,0.00009929,12.00000000,1
1531164590304,1531164590301,1211014,0.00009908,59.00000000,1
1531164592052,1531164592046,1211015,0.00009923,84.00000000,1
1531164592733,1531164592728,1211016,0.00009909,64.00000000,1
1531164598624,1531164598618,1211017,0.00009955,23.00000000,0
1531164607301,1531164607296,1211018,0.00009956,11.00000000,0
1531164632712,1531164632706,1211019,0.00009904,39.00000000,1
1531164632712,1531164632706,1211020,0.00009903,22.00000000,1
1531164632712,1531164632706,1211021,0.00009869,65.00000000,1
1531164633976,1531164633973,1211022,0.00009955,39.00000000,0
1531164634387,1531164634381,1211023,0.00009955,18.00000000,1
1531164634666,1531164634663,1211024,0.00009955,93.00000000,1
1531164650746,1531164650740,1211025,0.00009892,13.00000000,1
1531164650746,1531164650740,1211026,0.00009891,370.00000000,1
1531164652088,1531164652084,1211027,0.00009891,305.00000000,1
1531164654047,1531164654040,1211028,0.00009868,39.00000000,1
1531164654083,1531164654077,1211029,0.00009868,13.00000000,0
1531164698373,1531164698367,1211030,0.00009924,25.00000000,0
1531164698373,1531164698367,1211031,0.00009925,2.00000000,0
1531164901855,1531164901849,1211032,0.00009934,62.00000000,0
1531164922683,1531164922676,1211033,0.00009949,13.00000000,0
1531164922683,1531164922676,1211034,0.00009950,108.00000000,0
1531164922697,1531164922694,1211035,0.00009950,93.00000000,0
1531164925145,1531164925139,1211036,0.00009955,47.00000000,0
1531164974256,1531164974249,1211037,0.00009910,34.00000000,1
1531165012570,1531165012565,1211038,0.00009908,54.00000000,1
1531165024986,1531165024981,1211039,0.00009954,53.00000000,0
1531165027019,1531165027016,1211040,0.00009879,1.00000000,1
1531165114583,1531165114580,1211041,0.00009899,305.00000000,1
1531165116961,1531165116956,1211042,0.00009900,75.00000000,1
1531165116961,1531165116956,1211043,0.00009899,230.00000000,1
1531165287630,1531165287623,1211044,0.00009895,84.00000000,1
1531165287630,1531165287623,1211045,0.00009868,910.00000000,1
1531165287630,1531165287623,1211046,0.00009858,45.00000000,1
1531165287630,1531165287623,1211047,0.00009857,360.00000000,1
1531165287630,1531165287623,1211048,0.00009848,41.00000000,1
1531165287630,1531165287623,1211049,0.00009846,55.00000000,1
1531165329282,1531165329279,1211050,0.00009856,358.00000000,1
1531165332356,1531165332353,1211051,0.00009854,179.00000000,1
1531165332510,1531165332505,1211052,0.00009854,180.00000000,1
1531165480014,1531165480005,1211053,0.00009885,75.00000000,0
1531165480014,1531165480005,1211054,0.00009886,360.00000000,0
1531165480014,1531165480005,1211055,0.00009892,277.00000000,0
1531165480014,1531165480005,1211056,0.00009902,84.00000000,0
1531165480014,1531165480005,1211057,0.00009917,29.00000000,0
1531165481078,1531165481074,1211058,0.00009892,258.00000000,1
1531165492611,1531165492605,1211059,0.00009917,11.00000000,0
1531165659532,1531165659527,1211060,0.00009886,54.00000000,1
1531165686369,1531165686362,1211061,0.00009861,106.00000000,1
1531165686389,1531165686383,1211062,0.00009861,84.00000000,1
1531165686644,1531165686638,1211063,0.00009861,165.00000000,1
1531165686644,1531165686638,1211064,0.00009859,24.00000000,1
1531165686772,1531165686766,1211065,0.00009859,60.00000000,1
1531165686772,1531165686766,1211066,0.00009858,295.00000000,1
1531165689288,1531165689281,1211067,0.00009858,49.00000000,1
1531165689288,1531165689281,1211068,0.00009854,84.00000000,1
1531165692733,1531165692729,1211069,0.00009841,40.00000000,1
1531165695782,1531165695776,1211070,0.00009836,49.00000000,1
1531165710554,1531165710547,1211071,0.00009836,31.00000000,1
1531165733262,1531165733257,1211072,0.00009836,159.00000000,1
1531165750692,1531165750687,1211073,0.00009836,21.00000000,0
1531165750692,1531165750687,1211074,0.00009854,84.00000000,0
1531165750692,1531165750687,1211075,0.00009886,13.00000000,0
1531165750710,1531165750705,1211076,0.00009886,70.00000000,1
1531165750781,1531165750778,1211077,0.00009886,62.00000000,1
1531165779191,1531165779185,1211078,0.00009870,70.00000000,0
1531165779191,1531165779185,1211079,0.00009872,62.00000000,0
1531165779191,1531165779185,1211080,0.00009876,84.00000000,0
1531165779246,1531165779239,1211081,0.00009876,75.00000000,1
1531165782019,1531165782015,1211082,0.00009876,91.00000000,1
1531165908947,1531165908941,1211083,0.00009876,2.00000000,1
1531165991514,1531165991508,1211084,0.00009876,262.00000000,1
1531166000792,1531166000790,1211085,0.00009876,196.00000000,1
1531166006840,1531166006836,1211086,0.00009876,415.00000000,1
1531166006859,1531166006851,1211087,0.00009876,175.00000000,1
1531166010082,1531166010075,1211088,0.00009852,84.00000000,1
1531166329881,1531166329876,1211089,0.00009871,84.00000000,0
1531166329895,1531166329889,1211090,0.00009907,124.00000000,0
1531166329895,1531166329889,1211091,0.00009910,54.00000000,0
1531166329895,1531166329889,1211092,0.00009917,1.00000000,0
1531166329965,1531166329928,1211093,0.00009923,71.00000000,0
1531166331933,1531166331926,1211094,0.00009917,83.00000000,0
1531166331960,1531166331959,1211095,0.00009917,1.00000000,0
1531166339570,1531166339562,1211096,0.00009905,355.00000000,1
1531166360174,1531166360169,1211097,0.00009911,283.00000000,1
1531166452672,1531166452671,1211098,0.00009923,13.00000000,0
1531166485909,1531166485906,1211099,0.00009934,84.00000000,0
1531166485941,1531166485938,1211100,0.00009934,43.00000000,1
1531166485954,1531166485952,1211101,0.00009911,160.00000000,0
1531166486573,1531166486569,1211102,0.00009913,355.00000000,1
1531166492163,1531166492156,1211103,0.00009915,63.00000000,1
1531166492163,1531166492156,1211104,0.00009914,292.00000000,1
1531166501478,1531166501473,1211105,0.00009914,355.00000000,1
1531166714389,1531166714383,1211106,0.00009941,63.00000000,0
1531166725039,1531166725032,1211107,0.00009942,52.00000000,0
1531166788658,1531166788651,1211108,0.00009941,319.00000000,1
1531166788896,1531166788895,1211109,0.00009941,320.00000000,1
1531166789003,1531166788996,1211110,0.00009941,320.00000000,1
1531166789023,1531166789017,1211111,0.00009941,321.00000000,1
1531166793014,1531166793010,1211112,0.00009941,58.00000000,1
1531166797038,1531166797033,1211113,0.00009941,716.00000000,1
1531166798141,1531166798136,1211114,0.00009941,716.00000000,1
1531166815572,1531166815564,1211115,0.00009941,460.00000000,1
1531166848908,1531166848902,1211116,0.00009941,118.00000000,1
1531166866159,1531166866155,1211117,0.00009941,449.00000000,1
1531166915102,1531166915096,1211118,0.00009941,2.00000000,1
1531167046933,1531167046926,1211119,0.00009941,664.00000000,1
1531167050730,1531167050724,1211120,0.00009941,461.00000000,1
1531167058402,1531167058397,1211121,0.00009941,42.00000000,1
1531167296570,1531167296563,1211122,0.00009937,58.00000000,0
1531167589392,1531167589386,1211123,0.00009937,1.00000000,0
1531167589392,1531167589386,1211124,0.00009942,48.00000000,0
1531167589392,1531167589386,1211125,0.00009944,51.00000000,0
1531167621740,1531167621734,1211126,0.00009922,84.00000000,1
1531167622099,1531167622093,1211127,0.00009889,799.00000000,1
1531167623744,1531167623738,1211128,0.00009899,47.00000000,1
1531167623819,1531167623813,1211129,0.00009932,83.00000000,0
1531167626069,1531167626064,1211130,0.00009899,35.00000000,1
1531167626247,1531167626241,1211131,0.00009899,35.00000000,1
1531167627614,1531167627611,1211132,0.00009899,36.00000000,1
1531167629284,1531167629277,1211133,0.00009899,28.00000000,1
1531167629423,1531167629417,1211134,0.00009899,28.00000000,1
1531167634539,1531167634532,1211135,0.00009903,64.00000000,1
1531167634929,1531167634922,1211136,0.00009931,63.00000000,0
1531167640729,1531167640726,1211137,0.00009902,355.00000000,1
1531167654127,1531167654128,1211138,0.00009898,355.00000000,1
1531167656797,1531167656792,1211139,0.00009898,188.00000000,1
1531167661455,1531167661449,1211140,0.00009898,167.00000000,1
1531167666017,1531167666011,1211141,0.00009898,38.00000000,1
1531167819518,1531167819514,1211142,0.00009908,150.00000000,1
1531167819643,1531167819637,1211143,0.00009908,150.00000000,1
1531167858431,1531167858426,1211144,0.00009931,1.00000000,0
1531167858431,1531167858426,1211145,0.00009932,1.00000000,0
1531167868769,1531167868767,1211146,0.00009917,48.00000000,1
1531167871444,1531167871436,1211147,0.00009920,33.00000000,1
1531167887334,1531167887329,1211148,0.00009920,32.00000000,1
1531167936310,1531167936304,1211149,0.00009920,30.00000000,1
1531167966198,1531167966193,1211150,0.00009917,65.00000000,1
1531167966198,1531167966193,1211151,0.00009909,84.00000000,1
1531167968606,1531167968600,1211152,0.00009908,355.00000000,1
1531167968606,1531167968600,1211153,0.00009906,157.00000000,1
1531168031971,1531168031968,1211154,0.00009907,35.00000000,1
1531168075915,1531168075909,1211155,0.00009943,65.00000000,0
1531168075915,1531168075909,1211156,0.00009944,1.00000000,0
1531168138910,1531168138906,1211157,0.00009943,574.00000000,0
1531168160190,1531168160191,1211158,0.00009944,100.00000000,0
1531168160234,1531168160229,1211159,0.00009944,487.00000000,0
1531168299791,1531168299786,1211160,0.00009915,65.00000000,1
1531168425065,1531168425060,1211161,0.00009917,150.00000000,1
1531168511603,1531168511598,1211162,0.00009932,645.00000000,1
1531168778753,1531168778745,1211163,0.00009932,402.00000000,1
1531168778753,1531168778745,1211164,0.00009917,301.00000000,1
1531168778753,1531168778745,1211165,0.00009907,65.00000000,1
1531168778753,1531168778745,1211166,0.00009905,81.00000000,1
1531168778753,1531168778745,1211167,0.00009871,84.00000000,1
1531168778753,1531168778745,1211168,0.00009849,45.00000000,1
1531168778753,1531168778745,1211169,0.00009833,35.00000000,1
1531168778753,1531168778745,1211170,0.00009831,53.00000000,1
1531168778753,1531168778745,1211171,0.00009830,1140.00000000,1
1531168778766,1531168778760,1211172,0.00009830,1760.00000000,0
1531168783314,1531168783308,1211173,0.00009918,45.00000000,0
1531168804444,1531168804438,1211174,0.00009941,65.00000000,0
1531168804444,1531168804438,1211175,0.00009942,63.00000000,0
1531168804444,1531168804438,1211176,0.00009944,1473.00000000,0
1531168804444,1531168804438,1211177,0.00009953,360.00000000,0
1531168808202,1531168808197,1211178,0.00009953,48.00000000,1
1531168808202,1531168808197,1211179,0.00009936,80.00000000,1
1531168858376,1531168850696,1211180,0.00009950,44.00000000,1
1531168858380,1531168851131,1211181,0.00009967,39.00000000,0
1531168858380,1531168851131,1211182,0.00009976,80.00000000,0
1531168858380,1531168851131,1211183,0.00009979,12.00000000,0
1531168858380,1531168851131,1211184,0.00009989,49.00000000,0
1531168858389,1531168851982,1211185,0.00009989,25.00000000,1
1531168858392,1531168852243,1211186,0.00009992,80.00000000,1
1531168858392,1531168852243,1211187,0.00009989,302.00000000,1
1531168858408,1531168854209,1211188,0.00009989,114.00000000,1
1531168861633,1531168861628,1211189,0.00009989,68.00000000,1
1531168862419,1531168862411,1211190,0.00009989,312.00000000,1
1531168879935,1531168879930,1211191,0.00009950,90.00000000,1
1531168887626,1531168887619,1211192,0.00009960,55.00000000,1
1531169032847,1531169032843,1211193,0.00009965,50.00000000,1
1531169048139,1531169048134,1211194,0.00009965,250.00000000,1
1531169148779,1531169148773,1211195,0.00009975,22.00000000,1
1531169157454,1531169157447,1211196,0.00009970,37.00000000,1
1531169199842,1531169199838,1211197,0.00009970,966.00000000,1
1531169199842,1531169199838,1211198,0.00009961,71.00000000,1
1531169199842,1531169199838,1211199,0.00009950,2047.00000000,1
1531169204498,1531169204492,1211200,0.00009908,105.00000000,1
1531169204498,1531169204492,1211201,0.00009898,219.00000000,1
1531169423158,1531169423153,1211202,0.00009918,159.00000000,0
1531169423158,1531169423153,1211203,0.00009927,60.00000000,0
1531169423158,1531169423153,1211204,0.00009928,105.00000000,0
1531169423158,1531169423153,1211205,0.00010026,54.00000000,0
1531169423158,1531169423153,1211206,0.00010036,25.00000000,0
1531169423158,1531169423153,1211207,0.00010065,22.00000000,0
1531169423158,1531169423153,1211208,0.00010084,301.00000000,0
1531169423158,1531169423153,1211209,0.00010085,683.00000000,0
1531169427833,1531169427828,1211210,0.00009979,40.00000000,1
1531169432027,1531169432022,1211211,0.00009970,40.00000000,1
1531169447875,1531169447870,1211212,0.00010036,11.00000000,0
1531169448083,1531169448078,1211213,0.00010036,11.00000000,0
1531169448821,1531169448814,1211214,0.00010036,11.00000000,0
1531169457720,1531169457716,1211215,0.00010034,11.00000000,0
1531169467072,1531169467066,1211216,0.00009972,25.00000000,1
1531169467072,1531169467066,1211217,0.00009971,11.00000000,1
1531169508260,1531169508255,1211218,0.00010027,11.00000000,0
1531169514986,1531169514977,1211219,0.00010027,14.00000000,0
1531169514986,1531169514977,1211220,0.00010028,53.00000000,0
1531169514986,1531169514977,1211221,0.00010034,32.00000000,0
1531169517515,1531169517506,1211222,0.00009961,22.00000000,1
1531169517515,1531169517506,1211223,0.00009959,11.00000000,1
1531169517515,1531169517506,1211224,0.00009947,43.00000000,1
1531169517515,1531169517506,1211225,0.00009946,44.00000000,1
1531169517515,1531169517506,1211226,0.00009940,103.00000000,1
1531169517515,1531169517506,1211227,0.00009935,41.00000000,1
1531169517515,1531169517506,1211228,0.00009930,59.00000000,1
1531169517515,1531169517506,1211229,0.00009929,19.00000000,1
1531169517515,1531169517506,1211230,0.00009928,90.00000000,1
1531169517515,1531169517506,1211231,0.00009927,95.00000000,1
1531169517515,1531169517506,1211232,0.00009925,148.00000000,1
1531169531946,1531169531942,1211233,0.00009918,120.00000000,1
1531169536607,1531169536601,1211234,0.00009909,59.00000000,1
1531169537614,1531169537609,1211235,0.00009899,47.00000000,1
1531169537616,1531169537609,1211236,0.00009899,975.00000000,1
1531169537616,1531169537609,1211237,0.00009898,59.00000000,1
1531169537616,1531169537609,1211238,0.00009889,373.00000000,1
1531169538178,1531169538175,1211239,0.00009887,59.00000000,1
1531169539306,1531169539299,1211240,0.00009883,47.00000000,1
1531169543365,1531169543359,1211241,0.00009878,60.00000000,1
1531169543365,1531169543359,1211242,0.00009877,9.00000000,1
1531169543798,1531169543792,1211243,0.00009877,62.00000000,1
1531169561878,1531169561872,1211244,0.00009877,40.00000000,0
1531169561878,1531169561872,1211245,0.00009927,107.00000000,0
1531169585646,1531169585640,1211246,0.00009927,30.00000000,0
1531169585646,1531169585640,1211247,0.00009945,141.00000000,0
1531169626752,1531169626744,1211248,0.00009903,22.00000000,1
1531169626752,1531169626744,1211249,0.00009867,11.00000000,1
1531169626752,1531169626744,1211250,0.00009865,11.00000000,1
1531169626752,1531169626744,1211251,0.00009855,19.00000000,1
1531169626752,1531169626744,1211252,0.00009852,28.00000000,1
1531169626752,1531169626744,1211253,0.00009849,12.00000000,1
1531169626752,1531169626744,1211254,0.00009846,164.00000000,1
1531169626752,1531169626744,1211255,0.00009838,59.00000000,1
1531169626752,1531169626744,1211256,0.00009830,53.00000000,1
1531169626752,1531169626744,1211257,0.00009829,574.00000000,1
1531169626752,1531169626744,1211258,0.00009824,484.00000000,1
1531169626752,1531169626744,1211259,0.00009823,1423.00000000,1
1531169626752,1531169626744,1211260,0.00009822,1737.00000000,1
1531169629955,1531169629950,1211261,0.00009875,12.00000000,0
1531169641026,1531169641021,1211262,0.00009846,41.00000000,1
1531169641955,1531169641950,1211263,0.00009846,40.00000000,1
1531169881553,1531169881547,1211264,0.00009866,151.00000000,0
1531169881580,1531169881575,1211265,0.00009866,13.00000000,0
1531169881580,1531169881575,1211266,0.00009875,7.00000000,0
1531169881580,1531169881575,1211267,0.00009896,71.00000000,0
1531169892909,1531169892905,1211268,0.00009896,53.00000000,1
1531169977293,1531169977290,1211269,0.00009897,31.00000000,0
1531169977330,1531169977326,1211270,0.00009897,29.00000000,0
1531170165103,1531170165098,1211271,0.00009898,60.00000000,0
1531170165854,1531170165849,1211272,0.00009898,6.00000000,1
1531170245539,1531170245534,1211273,0.00009903,47.00000000,0
1531170245539,1531170245534,1211274,0.00009907,59.00000000,0
1531170597645,1531170597641,1211275,0.00009907,460.00000000,1
1531170730160,1531170730150,1211276,0.00009909,236.00000000,0
1531170730160,1531170730150,1211277,0.00009917,80.00000000,0
1531170730160,1531170730150,1211278,0.00009918,59.00000000,0
1531170730160,1531170730150,1211279,0.00009934,12.00000000,0
1531170730160,1531170730150,1211280,0.00009938,120.00000000,0
1531170730160,1531170730150,1211281,0.00009939,59.00000000,0
1531170730160,1531170730150,1211282,0.00009944,81.00000000,0
1531170730160,1531170730150,1211283,0.00009945,35.00000000,0
1531170730160,1531170730150,1211284,0.00009947,95.00000000,0
1531170730160,1531170730150,1211285,0.00009948,90.00000000,0
1531170730160,1531170730150,1211286,0.00009950,59.00000000,0
1531170730160,1531170730150,1211287,0.00009960,103.00000000,0
1531170730160,1531170730150,1211288,0.00009988,33.00000000,0
1531170730160,1531170730150,1211289,0.00009990,33.00000000,0
1531170730182,1531170730176,1211290,0.00009990,14.00000000,1
1531170730186,1531170730180,1211291,0.00009990,83.00000000,1
1531170731076,1531170731071,1211292,0.00009990,561.00000000,1
1531170731923,1531170731919,1211293,0.00009990,765.00000000,1
1531170734674,1531170734671,1211294,0.00009990,737.00000000,1
1531170761078,1531170761073,1211295,0.00009977,68.00000000,1
1531170761160,1531170761153,1211296,0.00010003,11.00000000,0
1531170761531,1531170761525,1211297,0.00010003,8.00000000,0
1531170766322,1531170766317,1211298,0.00010004,3.00000000,1
1531170766322,1531170766317,1211299,0.00009977,12.00000000,1
1531170766322,1531170766317,1211300,0.00009928,11.00000000,1
1531170766322,1531170766317,1211301,0.00009907,14.00000000,1
1531170831445,1531170831438,1211302,0.00009948,104.00000000,1
1531170831445,1531170831438,1211303,0.00009939,11.00000000,1
1531170858831,1531170858825,1211304,0.00009962,43.00000000,0
1531170858831,1531170858825,1211305,0.00009963,80.00000000,0
1531170858831,1531170858825,1211306,0.00009981,59.00000000,0
1531170858831,1531170858825,1211307,0.00010000,38.00000000,0
1531170882721,1531170882716,1211308,0.00010000,11.00000000,0
1531170883672,1531170883670,1211309,0.00010000,11.00000000,0
1531170886861,1531170886857,1211310,0.00009943,80.00000000,1
1531170887159,1531170887152,1211311,0.00009926,1.00000000,1
1531170917784,1531170917781,1211312,0.00009932,32.00000000,1
1531170924570,1531170924566,1211313,0.00009931,460.00000000,1
1531171159909,1531171159903,1211314,0.00009943,30.00000000,1
1531171160412,1531171160406,1211315,0.00009943,13.00000000,1
1531171160412,1531171160406,1211316,0.00009934,52.00000000,1
1531171161603,1531171161596,1211317,0.00009931,39.00000000,1
1531171287117,1531171287112,1211318,0.00009969,11.00000000,0
1531171524996,1531171524991,1211319,0.00009969,77.00000000,0
1531171530453,1531171530449,1211320,0.00009969,66.00000000,1
1531171533440,1531171533438,1211321,0.00009952,11.00000000,1
1531171533776,1531171533773,1211322,0.00009982,80.00000000,0
1531171533776,1531171533773,1211323,0.00010001,20.00000000,0
1531171536472,1531171536471,1211324,0.00009935,29.00000000,1
1531171539491,1531171539486,1211325,0.00009933,20.00000000,1
1531171641605,1531171641601,1211326,0.00009942,25.00000000,1
1531171641605,1531171641601,1211327,0.00009941,42.00000000,1
1531171641871,1531171641867,1211328,0.00009941,25.00000000,1
1531171643167,1531171643163,1211329,0.00009938,53.00000000,1
1531171645469,1531171645464,1211330,0.00009938,57.00000000,1
1531171647077,1531171647072,1211331,0.00009938,68.00000000,1
1531171651201,1531171651196,1211332,0.00009938,912.00000000,1
1531171668024,1531171668022,1211333,0.00009938,839.00000000,1
1531171708361,1531171708357,1211334,0.00009938,475.00000000,1
1531171709328,1531171709324,1211335,0.00009938,111.00000000,1
1531171709814,1531171709811,1211336,0.00009933,167.00000000,1
1531171710461,1531171710458,1211337,0.00009933,47.00000000,1
1531171716322,1531171716317,1211338,0.00009933,580.00000000,1
1531171749206,1531171749202,1211339,0.00009938,111.00000000,0
1531171886314,1531171886309,1211340,0.00009933,636.00000000,1
1531172024302,1531172024297,1211341,0.00009933,356.00000000,1
1531172024457,1531172024452,1211342,0.00009933,356.00000000,1
1531172042624,1531172042620,1211343,0.00009933,353.00000000,1
1531172042947,1531172042943,1211344,0.00009933,67.00000000,1
1531172043413,1531172043410,1211345,0.00009933,47.00000000,1
1531172088655,1531172088651,1211346,0.00009933,413.00000000,1
1531172088871,1531172088868,1211347,0.00009931,940.00000000,1
1531172093274,1531172093268,1211348,0.00009931,273.00000000,1
1531172138703,1531172138699,1211349,0.00009935,610.00000000,1
1531172139648,1531172139643,1211350,0.00009931,460.00000000,1
1531172263412,1531172263408,1211351,0.00009931,284.00000000,1
1531172264287,1531172264285,1211352,0.00009931,47.00000000,1
1531172292543,1531172292540,1211353,0.00009931,893.00000000,1
1531172370493,1531172370490,1211354,0.00009931,19.00000000,1
1531172371299,1531172371296,1211355,0.00009931,544.00000000,1
1531172371556,1531172371552,1211356,0.00009931,586.00000000,1
1531172371556,1531172371552,1211357,0.00009925,22.00000000,1
1531172371556,1531172371552,1211358,0.00009920,80.00000000,1
1531172371950,1531172371944,1211359,0.00009900,505.00000000,1
1531172372477,1531172372473,1211360,0.00009920,526.00000000,0
1531172373052,1531172373048,1211361,0.00009899,47.00000000,1
1531172374283,1531172374279,1211362,0.00009899,3.00000000,1
1531172374283,1531172374279,1211363,0.00009898,516.00000000,1
1531172378152,1531172378149,1211364,0.00009898,385.00000000,1
1531172542157,1531172542153,1211365,0.00009899,162.00000000,1
1531172546992,1531172546988,1211366,0.00009899,460.00000000,1
1531172548495,1531172548492,1211367,0.00009898,71.00000000,1
1531172549191,1531172549186,1211368,0.00009898,47.00000000,1
1531172549559,1531172549555,1211369,0.00009898,70.00000000,1
1531172557363,1531172557360,1211370,0.00009898,287.00000000,1
1531172660527,1531172660523,1211371,0.00009897,1.00000000,1
1531173006136,1531173006133,1211372,0.00009898,303.00000000,1
1531173008576,1531173008573,1211373,0.00009898,303.00000000,1
1531173286076,1531173286073,1211374,0.00009917,67.00000000,0
1531173286076,1531173286073,1211375,0.00009930,33.00000000,0
1531173353003,1531173353001,1211376,0.00009899,48.00000000,1
1531173444807,1531173444803,1211377,0.00009899,29.00000000,1
1531173600648,1531173600645,1211378,0.00009900,33.00000000,1
1531173614442,1531173614439,1211379,0.00009900,30.00000000,1
1531173616160,1531173616158,1211380,0.00009900,30.00000000,1
1531173624939,1531173624935,1211381,0.00009900,27.00000000,1
1531173630925,1531173630923,1211382,0.00009900,131.00000000,1
1531173654257,1531173654254,1211383,0.00009900,9.00000000,1
1531173654257,1531173654254,1211384,0.00009899,11.00000000,1
1531173656285,1531173656281,1211385,0.00009899,98.00000000,1
1531173656524,1531173656522,1211386,0.00009899,98.00000000,1
1531173781943,1531173781941,1211387,0.00009899,262.00000000,1
1531173830858,1531173830855,1211388,0.00009899,81.00000000,1
1531173832480,1531173832478,1211389,0.00009899,450.00000000,1
1531173834302,1531173834298,1211390,0.00009897,30.00000000,1
1531173834302,1531173834298,1211391,0.00009870,41.00000000,1
1531173841524,1531173841522,1211392,0.00009867,11.00000000,1
1531173914431,1531173914428,1211393,0.00009847,25.00000000,1
1531174095216,1531174095213,1211394,0.00009845,11.00000000,1
1531174176412,1531174176409,1211395,0.00009841,35.00000000,1
1531174185920,1531174185917,1211396,0.00009845,464.00000000,0
1531174263674,1531174263670,1211397,0.00009841,902.00000000,1
1531174264633,1531174264630,1211398,0.00009841,344.00000000,1
1531174264633,1531174264630,1211399,0.00009840,19.00000000,1
1531174264633,1531174264630,1211400,0.00009835,539.00000000,1
1531174265067,1531174265065,1211401,0.00009835,902.00000000,1
1531174265141,1531174265139,1211402,0.00009835,902.00000000,1
1531174266258,1531174266256,1211403,0.00009862,55.00000000,0
1531174291300,1531174291299,1211404,0.00009835,81.00000000,1
1531174383313,1531174383310,1211405,0.00009836,55.00000000,1
1531174383482,1531174383481,1211406,0.00009836,59.00000000,1
1531174412896,1531174412894,1211407,0.00009836,222.00000000,1
1531174413920,1531174413917,1211408,0.00009836,222.00000000,1
1531174534986,1531174534984,1211409,0.00009835,678.00000000,1
1531174593800,1531174593798,1211410,0.00009841,11.00000000,0
1531175129021,1531175129020,1211411,0.00009841,2.00000000,0
1531175337015,1531175337014,1211412,0.00009841,4.00000000,0
1531175347027,1531175347025,1211413,0.00009862,62.00000000,0
1531175362187,1531175362185,1211414,0.00009884,211.00000000,0
1531175523205,1531175523204,1211415,0.00009870,48.00000000,1
1531175524182,1531175524179,1211416,0.00009870,47.00000000,1
1531175552894,1531175552890,1211417,0.00009870,6.00000000,1
1531175557309,1531175557306,1211418,0.00009868,42.00000000,0
1531175557309,1531175557306,1211419,0.00009869,316.00000000,0
1531175562395,1531175562392,1211420,0.00009870,194.00000000,1
1531175562395,1531175562392,1211421,0.00009854,72.00000000,1
1531175997117,1531175997115,1211422,0.00009854,4.00000000,1
1531176196098,1531176196097,1211423,0.00009854,896.00000000,1
1531176259131,1531176259129,1211424,0.00009856,25.00000000,0
1531176259131,1531176259129,1211425,0.00009878,334.00000000,0
1531176259176,1531176259175,1211426,0.00009878,36.00000000,1
1531176259177,1531176259176,1211427,0.00009878,75.00000000,1
1531176259200,1531176259199,1211428,0.00009878,48.00000000,1
1531176259295,1531176259294,1211429,0.00009878,17.00000000,1
1531176260946,1531176260945,1211430,0.00009878,247.00000000,1
1531176327521,1531176327519,1211431,0.00009855,19.00000000,1
1531176327805,1531176327804,1211432,0.00009855,18.00000000,1
1531176329159,1531176329158,1211433,0.00009854,114.00000000,1
1531176330125,1531176330123,1211434,0.00009835,172.00000000,1
1531176330945,1531176330943,1211435,0.00009835,58.00000000,1
1531176332145,1531176332144,1211436,0.00009835,172.00000000,1
1531176444969,1531176444965,1211437,0.00009865,37.00000000,0
1531176444969,1531176444965,1211438,0.00009874,64.00000000,0
1531176479918,1531176479915,1211439,0.00009835,58.00000000,1
1531176528299,1531176528297,1211440,0.00009836,67.00000000,1
1531176528299,1531176528297,1211441,0.00009835,142.00000000,1
1531176848542,1531176848540,1211442,0.00009835,58.00000000,1
1531176858329,1531176858327,1211443,0.00009835,151.00000000,1
1531176864454,1531176864453,1211444,0.00009865,67.00000000,0
1531176890637,1531176890635,1211445,0.00009883,21.00000000,0
1531177068704,1531177068703,1211446,0.00009875,81.00000000,0
1531177068704,1531177068703,1211447,0.00009882,549.00000000,0
1531177393725,1531177393723,1211448,0.00009860,6.00000000,1
1531177567378,1531177567379,1211449,0.00009883,130.00000000,0
1531177597718,1531177597717,1211450,0.00009883,165.00000000,0
1531177597718,1531177597717,1211451,0.00009884,622.00000000,0
1531177642140,1531177642141,1211452,0.00009888,100.00000000,0
1531177651119,1531177651121,1211453,0.00009888,192.00000000,0
1531177651987,1531177651988,1211454,0.00009888,215.00000000,1
1531177653788,1531177653787,1211455,0.00009888,46.00000000,1
1531177680995,1531177680996,1211456,0.00009888,260.00000000,0
1531177786148,1531177786148,1211457,0.00009889,13.00000000,0
1531177862448,1531177862451,1211458,0.00009908,4.00000000,0
1531177869986,1531177869989,1211459,0.00009891,2000.00000000,1
1531177896101,1531177896103,1211460,0.00009889,683.00000000,1
1531177912194,1531177912197,1211461,0.00009908,77.00000000,0
1531177924906,1531177924908,1211462,0.00009949,130.00000000,0
1531177925178,1531177925179,1211463,0.00009949,71.00000000,1
1531177931440,1531177931442,1211464,0.00009909,143.00000000,1
1531177953018,1531177953019,1211465,0.00009945,64.00000000,0
1531177953018,1531177953019,1211466,0.00009946,52.00000000,0
1531177953018,1531177953019,1211467,0.00009975,33.00000000,0
1531177953074,1531177953076,1211468,0.00009975,1.00000000,1
1531177956566,1531177956568,1211469,0.00009964,80.00000000,0
1531177956566,1531177956568,1211470,0.00009979,373.00000000,0
1531177956571,1531177956573,1211471,0.00009924,80.00000000,1
1531178016371,1531178016374,1211472,0.00009870,671.00000000,1
1531178016371,1531178016374,1211473,0.00009869,60.00000000,1
1531178016470,1531178016472,1211474,0.00009865,556.00000000,1
1531178016470,1531178016472,1211475,0.00009861,81.00000000,1
1531178016470,1531178016472,1211476,0.00009860,34.00000000,1
1531178017477,1531178017479,1211477,0.00009870,655.00000000,0
1531178018784,1531178018786,1211478,0.00009860,14.00000000,1
1531178018784,1531178018786,1211479,0.00009858,360.00000000,1
1531178055833,1531178055836,1211480,0.00009870,16.00000000,0
1531178069694,1531178069697,1211481,0.00009870,200.00000000,1
1531178211197,1531178211200,1211482,0.00009858,63.00000000,1
1531178211197,1531178211200,1211483,0.00009857,226.00000000,1
1531178211524,1531178211525,1211484,0.00009857,53.00000000,1
1531178242419,1531178242423,1211485,0.00009858,53.00000000,1
1531178242997,1531178242998,1211486,0.00009857,15.00000000,1
1531178244590,1531178244590,1211487,0.00009857,38.00000000,1
1531178246033,1531178246036,1211488,0.00009857,981.00000000,1
1531178246931,1531178246933,1211489,0.00009850,976.00000000,1
1531178247198,1531178247202,1211490,0.00009850,47.00000000,1
1531178249038,1531178249042,1211491,0.00009850,566.00000000,1
1531178250062,1531178250064,1211492,0.00009850,566.00000000,1
1531178253654,1531178253657,1211493,0.00009850,183.00000000,1
1531178254031,1531178254035,1211494,0.00009850,437.00000000,1
1531178254261,1531178254265,1211495,0.00009851,294.00000000,1
1531178254266,1531178254270,1211496,0.00009851,216.00000000,1
1531178254266,1531178254270,1211497,0.00009850,78.00000000,1
1531178256701,1531178256704,1211498,0.00009850,128.00000000,1
1531178257388,1531178257391,1211499,0.00009850,128.00000000,1
1531178257894,1531178257897,1211500,0.00009850,128.00000000,1
1531178276900,1531178276904,1211501,0.00009850,82.00000000,1
1531178328015,1531178328019,1211502,0.00009850,763.00000000,1
1531178382006,1531178382010,1211503,0.00009850,96.00000000,1
1531178382291,1531178382295,1211504,0.00009850,47.00000000,1
1531178383204,1531178383207,1211505,0.00009850,82.00000000,1
1531178383505,1531178383508,1211506,0.00009850,82.00000000,1
1531178384590,1531178384595,1211507,0.00009850,82.00000000,1
1531178389966,1531178389970,1211508,0.00009850,291.00000000,1
1531178400730,1531178400733,1211509,0.00009850,941.00000000,1
1531178405559,1531178405563,1211510,0.00009850,52.00000000,1
1531178405994,1531178405998,1211511,0.00009850,52.00000000,1
1531178406537,1531178406540,1211512,0.00009850,52.00000000,1
1531178426101,1531178426104,1211513,0.00009850,204.00000000,1
1531178427826,1531178427831,1211514,0.00009850,127.00000000,1
1531178429451,1531178429455,1211515,0.00009850,47.00000000,1
1531178445794,1531178445798,1211516,0.00009850,563.00000000,1
1531178446118,1531178446121,1211517,0.00009850,76.00000000,1
1531178447570,1531178447574,1211518,0.00009850,1014.00000000,1
1531178447860,1531178447863,1211519,0.00009850,941.00000000,1
1531178449382,1531178449359,1211520,0.00009850,142.00000000,1
1531178449753,1531178449757,1211521,0.00009850,143.00000000,1
1531178450994,1531178450999,1211522,0.00009850,455.00000000,1
1531178450998,1531178451002,1211523,0.00009850,183.00000000,1
1531178451005,1531178451008,1211524,0.00009850,455.00000000,1
1531178451127,1531178451132,1211525,0.00009850,80.00000000,1
1531178452796,1531178452801,1211526,0.00009850,1173.00000000,1
1531178463126,1531178463129,1211527,0.00009850,671.00000000,1
1531178463480,1531178463485,1211528,0.00009855,63.00000000,0
1531178465780,1531178465784,1211529,0.00009855,18.00000000,1
1531178507445,1531178507449,1211530,0.00009850,87.00000000,1
1531178524071,1531178524075,1211531,0.00009850,381.00000000,1
1531178645747,1531178645751,1211532,0.00009856,80.00000000,0
1531178691403,1531178691405,1211533,0.00009850,23.00000000,1
1531178813115,1531178813120,1211534,0.00009856,36.00000000,0
1531178906821,1531178906827,1211535,0.00009856,237.00000000,0
1531178909674,1531178909680,1211536,0.00009856,324.00000000,1
1531178917505,1531178917510,1211537,0.00009856,345.00000000,1
1531178929289,1531178929294,1211538,0.00009856,315.00000000,1
1531178940205,1531178940210,1211539,0.00009856,268.00000000,1
1531178951982,1531178951986,1211540,0.00009856,218.00000000,1
1531178983460,1531178983465,1211541,0.00009856,931.00000000,1
1531178986896,1531178986902,1211542,0.00009856,15.00000000,1
1531178987233,1531178987238,1211543,0.00009856,59.00000000,1
1531178999833,1531178999838,1211544,0.00009856,33.00000000,1
1531178999833,1531178999838,1211545,0.00009850,898.00000000,1
1531179033748,1531179033754,1211546,0.00009850,69.00000000,1
1531179034359,1531179034363,1211547,0.00009850,13.00000000,1
1531179035005,1531179035011,1211548,0.00009850,699.00000000,1
1531179035496,1531179035501,1211549,0.00009850,872.00000000,1
1531179037083,1531179037088,1211550,0.00009850,99.00000000,1
1531179037374,1531179037379,1211551,0.00009850,106.00000000,1
1531179037396,1531179037401,1211552,0.00009850,106.00000000,1
1531179038772,1531179038777,1211553,0.00009850,49.00000000,1
1531179043195,1531179043199,1211554,0.00009850,366.00000000,1
1531179044372,1531179044376,1211555,0.00009856,33.00000000,0
1531179044372,1531179044376,1211556,0.00009857,68.00000000,0
1531179050699,1531179050704,1211557,0.00009850,461.00000000,1
1531179051182,1531179051187,1211558,0.00009850,460.00000000,1
1531179067269,1531179067274,1211559,0.00009850,83.00000000,1
1531179068336,1531179068341,1211560,0.00009850,300.00000000,1
1531179070109,1531179070115,1211561,0.00009850,654.00000000,1
1531179106351,1531179106356,1211562,0.00009835,941.00000000,1
1531179107028,1531179107033,1211563,0.00009835,33.00000000,1
1531179107252,1531179107258,1211564,0.00009835,171.00000000,1
1531179108822,1531179108827,1211565,0.00009835,33.00000000,1
1531179133438,1531179133444,1211566,0.00009835,124.00000000,1
1531179143132,1531179143137,1211567,0.00009835,496.00000000,1
1531179144743,1531179144748,1211568,0.00009835,321.00000000,1
1531179145812,1531179145817,1211569,0.00009835,229.00000000,1
1531179145851,1531179145857,1211570,0.00009835,176.00000000,1
1531179146612,1531179146618,1211571,0.00009835,753.00000000,1
1531179146651,1531179146656,1211572,0.00009835,753.00000000,1
1531179146697,1531179146703,1211573,0.00009835,45.00000000,1
1531179148125,1531179148131,1211574,0.00009835,346.00000000,1
1531179151096,1531179151102,1211575,0.00009835,26.00000000,1
1531179151372,1531179151378,1211576,0.00009835,2028.00000000,1
1531179155033,1531179155038,1211577,0.00009835,1123.00000000,1
1531179158437,1531179158442,1211578,0.00009832,22.00000000,1
1531179159472,1531179159478,1211579,0.00009822,455.00000000,1
1531179197104,1531179197109,1211580,0.00009822,943.00000000,1
1531179198660,1531179198666,1211581,0.00009822,295.00000000,1
1531179199276,1531179199282,1211582,0.00009822,319.00000000,1
1531179200177,1531179200182,1211583,0.00009822,183.00000000,1
1531179200277,1531179200283,1211584,0.00009822,125.00000000,1
1531179202483,1531179202489,1211585,0.00009822,125.00000000,1
1531179204113,1531179204119,1211586,0.00009822,813.00000000,1
1531179207257,1531179207263,1211587,0.00009822,47.00000000,1
1531179209136,1531179209140,1211588,0.00009822,723.00000000,1
1531179210439,1531179210444,1211589,0.00009822,47.00000000,1
1531179214442,1531179214446,1211590,0.00009822,47.00000000,1
1531179217203,1531179217209,1211591,0.00009822,916.00000000,1
1531179218436,1531179218441,1211592,0.00009822,47.00000000,1
1531179222779,1531179222783,1211593,0.00009822,47.00000000,1
1531179226893,1531179226899,1211594,0.00009822,47.00000000,1
1531179232030,1531179232036,1211595,0.00009822,47.00000000,1
1531179234875,1531179234882,1211596,0.00009822,47.00000000,1
1531179235847,1531179235853,1211597,0.00009822,321.00000000,1
1531179238581,1531179238586,1211598,0.00009822,47.00000000,1
1531179242488,1531179242494,1211599,0.00009822,28.00000000,1
1531179300816,1531179300821,1211600,0.00009835,2.00000000,0
1531179310842,1531179310849,1211601,0.00009823,46.00000000,1
1531179330279,1531179330283,1211602,0.00009835,36.00000000,0
1531179333301,1531179333308,1211603,0.00009852,25.00000000,0
1531179630722,1531179630728,1211604,0.00009825,70.00000000,1
1531179630722,1531179630728,1211605,0.00009822,205.00000000,1
1531179632122,1531179632127,1211606,0.00009822,307.00000000,1
1531179632486,1531179632492,1211607,0.00009822,47.00000000,1
1531179674636,1531179674643,1211608,0.00009822,307.00000000,1
1531179676969,1531179676974,1211609,0.00009822,307.00000000,1
1531179679446,1531179679452,1211610,0.00009822,307.00000000,1
1531179681868,1531179681873,1211611,0.00009822,307.00000000,1
1531179684353,1531179684360,1211612,0.00009822,307.00000000,1
1531179686696,1531179686703,1211613,0.00009822,307.00000000,1
1531179689036,1531179689043,1211614,0.00009822,307.00000000,1
1531179691419,1531179691426,1211615,0.00009822,307.00000000,1
1531179693713,1531179693717,1211616,0.00009822,307.00000000,1
1531179696241,1531179696246,1211617,0.00009822,307.00000000,1
1531179698751,1531179698756,1211618,0.00009822,307.00000000,1
1531179701113,1531179701120,1211619,0.00009822,307.00000000,1
1531179703618,1531179703625,1211620,0.00009822,307.00000000,1
1531179706086,1531179706091,1211621,0.00009822,307.00000000,1
1531179708853,1531179708860,1211622,0.00009822,307.00000000,1
1531179711356,1531179711361,1211623,0.00009822,307.00000000,1
1531179757188,1531179757194,1211624,0.00009823,245.00000000,1
1531179765978,1531179765984,1211625,0.00009823,111.00000000,1
1531179776645,1531179776650,1211626,0.00009823,722.00000000,1
1531179777999,1531179778005,1211627,0.00009822,261.00000000,1
1531179778282,1531179778289,1211628,0.00009822,261.00000000,1
1531179778562,1531179778569,1211629,0.00009822,261.00000000,1
1531179781894,1531179781900,1211630,0.00009822,147.00000000,1
1531179812626,1531179812633,1211631,0.00009822,204.00000000,1
1531179839722,1531179839727,1211632,0.00009822,308.00000000,1
1531179842553,1531179842559,1211633,0.00009822,308.00000000,1
1531179868123,1531179868131,1211634,0.00009822,995.00000000,1
1531179871345,1531179871352,1211635,0.00009822,275.00000000,1
1531179954309,1531179954316,1211636,0.00009822,762.00000000,1
1531180046144,1531180046153,1211637,0.00009826,15.00000000,1
1531180137080,1531180137087,1211638,0.00009825,152.00000000,1
1531180138222,1531180138230,1211639,0.00009825,112.00000000,1
1531180138262,1531180138269,1211640,0.00009825,411.00000000,1
1531180138549,1531180138556,1211641,0.00009825,55.00000000,1
1531180138655,1531180138662,1211642,0.00009825,338.00000000,1
1531180140078,1531180140082,1211643,0.00009825,66.00000000,1
1531180140898,1531180140907,1211644,0.00009825,56.00000000,1
1531180141564,1531180141572,1211645,0.00009825,56.00000000,1
1531180141593,1531180141600,1211646,0.00009825,308.00000000,1
1531180142017,1531180142025,1211647,0.00009825,47.00000000,1
1531180142218,1531180142225,1211648,0.00009825,300.00000000,1
1531180143225,1531180143232,1211649,0.00009825,300.00000000,1
1531180144322,1531180144331,1211650,0.00009825,301.00000000,1
1531180144641,1531180144649,1211651,0.00009849,70.00000000,0
1531180144641,1531180144649,1211652,0.00009850,31.00000000,0
1531180149037,1531180149046,1211653,0.00009825,220.00000000,1
1531180165589,1531180165595,1211654,0.00009825,593.00000000,1
1531180223326,1531180223332,1211655,0.00009825,973.00000000,1
1531180223922,1531180223928,1211656,0.00009825,973.00000000,1
1531180224947,1531180224953,1211657,0.00009825,22.00000000,1
1531180259142,1531180259148,1211658,0.00009826,326.00000000,1
1531180259142,1531180259148,1211659,0.00009825,396.00000000,1
1531180259273,1531180259281,1211660,0.00009825,721.00000000,1
1531180260773,1531180260779,1211661,0.00009825,273.00000000,1
1531180297945,1531180297953,1211662,0.00009825,567.00000000,1
1531180299232,1531180299240,1211663,0.00009825,148.00000000,1
1531180299739,1531180299745,1211664,0.00009825,428.00000000,1
1531180323564,1531180323571,1211665,0.00009825,308.00000000,1
1531180325871,1531180325878,1211666,0.00009825,308.00000000,1
1531180328283,1531180328290,1211667,0.00009825,308.00000000,1
1531180330845,1531180330854,1211668,0.00009825,308.00000000,1
1531180333276,1531180333282,1211669,0.00009825,308.00000000,1
1531180335571,1531180335580,1211670,0.00009825,308.00000000,1
1531180338846,1531180338852,1211671,0.00009825,47.00000000,1
1531180339113,1531180339119,1211672,0.00009825,174.00000000,1
1531180339122,1531180339130,1211673,0.00009825,174.00000000,1
1531180339301,1531180339308,1211674,0.00009825,175.00000000,1
1531180343299,1531180343307,1211675,0.00009825,308.00000000,1
1531180345198,1531180345205,1211676,0.00009825,71.00000000,1
1531180345645,1531180345651,1211677,0.00009825,308.00000000,1
1531180346951,1531180346958,1211678,0.00009825,71.00000000,1
1531180347997,1531180348005,1211679,0.00009825,8.00000000,1
1531180347997,1531180348005,1211680,0.00009822,300.00000000,1
1531180359376,1531180359383,1211681,0.00009822,405.00000000,1
1531180361091,1531180361099,1211682,0.00009822,409.00000000,1
1531180437037,1531180437046,1211683,0.00009822,93.00000000,1
1531180453269,1531180453277,1211684,0.00009822,474.00000000,1
1531180454960,1531180454967,1211685,0.00009822,69.00000000,1
1531180456786,1531180456795,1211686,0.00009822,69.00000000,1
1531180458835,1531180458843,1211687,0.00009822,69.00000000,1
1531180475433,1531180475440,1211688,0.00009822,315.00000000,1
1531180476563,1531180476569,1211689,0.00009822,280.00000000,1
1531180477669,1531180477675,1211690,0.00009822,69.00000000,1
1531180479384,1531180479389,1211691,0.00009822,919.00000000,1
1531180483774,1531180483781,1211692,0.00009822,59.00000000,1
1531180484638,1531180484646,1211693,0.00009822,60.00000000,1
1531180485231,1531180485236,1211694,0.00009822,18.00000000,1
1531180533309,1531180533315,1211695,0.00009836,125.00000000,0
1531180559699,1531180559704,1211696,0.00009822,996.00000000,1
1531180560246,1531180560251,1211697,0.00009822,700.00000000,1
1531180560699,1531180560706,1211698,0.00009822,501.00000000,1
1531180561295,1531180561302,1211699,0.00009822,205.00000000,1
1531180570223,1531180570230,1211700,0.00009822,997.00000000,1
1531180570271,1531180570278,1211701,0.00009822,943.00000000,1
1531180571703,1531180571711,1211702,0.00009822,943.00000000,1
1531180575559,1531180575567,1211703,0.00009822,270.00000000,1
1531180589265,1531180589270,1211704,0.00009822,51.00000000,1
1531180609551,1531180609558,1211705,0.00009822,345.00000000,1
1531180615453,1531180615460,1211706,0.00009822,344.00000000,1
1531180617022,1531180617027,1211707,0.00009822,344.00000000,1
1531180617317,1531180617323,1211708,0.00009822,195.00000000,1
1531180618776,1531180618782,1211709,0.00009822,308.00000000,1
1531180619439,1531180619444,1211710,0.00009822,359.00000000,1
1531180619848,1531180619856,1211711,0.00009822,360.00000000,1
1531180620415,1531180620421,1211712,0.00009822,47.00000000,1
1531180679827,1531180679834,1211713,0.00009828,14.00000000,0
1531180766832,1531180766837,1211714,0.00009822,555.00000000,1
1531180819857,1531180819863,1211715,0.00009822,295.00000000,1
1531180822719,1531180822726,1211716,0.00009822,442.00000000,1
1531180824318,1531180824324,1211717,0.00009822,81.00000000,1
1531180824943,1531180824948,1211718,0.00009822,47.00000000,1
1531180825131,1531180825137,1211719,0.00009822,911.00000000,1
1531180826968,1531180826974,1211720,0.00009822,1307.00000000,1
1531180829223,1531180829230,1211721,0.00009822,27.00000000,1
1531180829468,1531180829473,1211722,0.00009814,44.00000000,1
1531180831766,1531180831771,1211723,0.00009810,307.00000000,1
1531180832093,1531180832099,1211724,0.00009810,670.00000000,1
1531180832103,1531180832109,1211725,0.00009810,360.00000000,1
1531180832702,1531180832709,1211726,0.00009810,47.00000000,1
1531180834161,1531180834167,1211727,0.00009810,307.00000000,1
1531180834622,1531180834628,1211728,0.00009810,43.00000000,1
1531180834958,1531180834965,1211729,0.00009810,661.00000000,1
1531180836919,1531180836924,1211730,0.00009810,307.00000000,1
1531180837339,1531180837346,1211731,0.00009810,291.00000000,1
1531180840092,1531180840084,1211732,0.00009810,269.00000000,1
1531180879949,1531180879952,1211733,0.00009810,255.00000000,1
1531180879949,1531180879952,1211734,0.00009809,31.00000000,1
1531180879949,1531180879952,1211735,0.00009800,14.00000000,1
1531180879949,1531180879952,1211736,0.00009800,195.00000000,1
1531180883698,1531180883704,1211737,0.00009800,556.00000000,1
1531180926335,1531180926341,1211738,0.00009800,5.00000000,1
1531181026458,1531181026464,1211739,0.00009800,461.00000000,1
1531181028962,1531181028967,1211740,0.00009800,60.00000000,1
1531181037365,1531181037371,1211741,0.00009800,23.00000000,1
1531181195807,1531181195811,1211742,0.00009800,83.00000000,1
1531181197390,1531181197393,1211743,0.00009800,54.00000000,1
1531181198481,1531181198485,1211744,0.00009800,116.00000000,1
1531181198817,1531181198821,1211745,0.00009800,45.00000000,1
1531181199058,1531181199063,1211746,0.00009800,883.00000000,1
1531181202032,1531181202035,1211747,0.00009800,169.00000000,1
1531181204241,1531181204244,1211748,0.00009798,83.00000000,1
1531181204241,1531181204244,1211749,0.00009798,17.00000000,1
1531181204354,1531181204359,1211750,0.00009795,83.00000000,1
1531181205382,1531181205387,1211751,0.00009795,44.00000000,1
1531181205947,1531181205951,1211752,0.00009795,83.00000000,1
1531181206362,1531181206366,1211753,0.00009795,47.00000000,1
1531181206417,1531181206421,1211754,0.00009795,14.00000000,1
1531181209596,1531181209602,1211755,0.00009795,295.00000000,1
1531181213031,1531181213034,1211756,0.00009795,55.00000000,1
1531181213323,1531181213328,1211757,0.00009795,55.00000000,1
1531181214858,1531181214861,1211758,0.00009795,47.00000000,1
1531181215158,1531181215162,1211759,0.00009795,307.00000000,1
1531181218103,1531181218108,1211760,0.00009795,47.00000000,1
1531181218369,1531181218375,1211761,0.00009795,69.00000000,1
1531181218449,1531181218453,1211762,0.00009795,69.00000000,1
1531181222927,1531181222931,1211763,0.00009795,114.00000000,1
1531181224502,1531181224506,1211764,0.00009795,114.00000000,1
1531181225434,1531181225439,1211765,0.00009795,114.00000000,1
1531181226078,1531181226079,1211766,0.00009795,32.00000000,1
1531181226255,1531181226261,1211767,0.00009795,853.00000000,1
1531181228496,1531181228500,1211768,0.00009795,50.00000000,1
1531181231114,1531181231120,1211769,0.00009795,117.00000000,1
1531181231695,1531181231699,1211770,0.00009795,69.00000000,1
1531181232737,1531181232742,1211771,0.00009795,800.00000000,1
1531181234440,1531181234444,1211772,0.00009795,57.00000000,1
1531181234647,1531181234652,1211773,0.00009795,57.00000000,1
1531181234875,1531181234880,1211774,0.00009795,23.00000000,1
1531181239074,1531181239079,1211775,0.00009795,150.00000000,1
1531181242849,1531181242854,1211776,0.00009795,46.00000000,1
1531181247223,1531181247228,1211777,0.00009795,464.00000000,1
1531181249895,1531181249900,1211778,0.00009795,26.00000000,1
1531181287016,1531181287021,1211779,0.00009795,208.00000000,1
1531181288613,1531181288618,1211780,0.00009795,648.00000000,1
1531181289595,1531181289598,1211781,0.00009795,401.00000000,1
1531181289796,1531181289801,1211782,0.00009795,1795.00000000,1
1531181290085,1531181290089,1211783,0.00009795,759.00000000,1
1531181290437,1531181290441,1211784,0.00009795,41.00000000,1
1531181291796,1531181291801,1211785,0.00009795,307.00000000,1
1531181292842,1531181292847,1211786,0.00009795,25.00000000,1
1531181294349,1531181294354,1211787,0.00009795,307.00000000,1
1531181298311,1531181298316,1211788,0.00009795,307.00000000,1
1531181300590,1531181300593,1211789,0.00009795,307.00000000,1
1531181303975,1531181303979,1211790,0.00009795,1418.00000000,1
1531181303975,1531181303979,1211791,0.00009793,1516.00000000,1
1531181305214,1531181305219,1211792,0.00009783,67.00000000,1
1531181305976,1531181305980,1211793,0.00009783,15.00000000,1
1531181309056,1531181309061,1211794,0.00009770,21.00000000,1
1531181310124,1531181310129,1211795,0.00009770,20.00000000,1
1531181320415,1531181320419,1211796,0.00009764,22.00000000,1
1531181320415,1531181320419,1211797,0.00009762,47.00000000,1
1531181320416,1531181320419,1211798,0.00009762,53.00000000,1
1531181320416,1531181320419,1211799,0.00009760,50.00000000,1
1531181324626,1531181324631,1211800,0.00009750,69.00000000,1
1531181324627,1531181324631,1211801,0.00009750,114.00000000,1
1531181324627,1531181324631,1211802,0.00009741,36.00000000,1
1531181326848,1531181326849,1211803,0.00009741,13.00000000,1
1531181326848,1531181326849,1211804,0.00009728,14.00000000,1
1531181326848,1531181326849,1211805,0.00009727,11.00000000,1
1531181326848,1531181326849,1211806,0.00009726,100.00000000,1
1531181326848,1531181326849,1211807,0.00009715,11.00000000,1
1531181326848,1531181326849,1211808,0.00009700,60.00000000,1
1531181326957,1531181326962,1211809,0.00009759,2.00000000,0
1531181336360,1531181336364,1211810,0.00009701,30.00000000,1
1531181343677,1531181343682,1211811,0.00009701,16.00000000,1
1531181343880,1531181343885,1211812,0.00009701,65.00000000,1
1531181398515,1531181398520,1211813,0.00009700,100.00000000,1
1531181404334,1531181404337,1211814,0.00009700,40.00000000,1
1531181404334,1531181404337,1211815,0.00009690,41.00000000,1
1531181404378,1531181404383,1211816,0.00009695,40.00000000,0
1531181408456,1531181408459,1211817,0.00009690,59.00000000,1
1531181415714,1531181415718,1211818,0.00009670,48.00000000,1
1531181415969,1531181415972,1211819,0.00009670,17.00000000,1
1531181421164,1531181421168,1211820,0.00009670,47.00000000,1
1531181449671,1531181449675,1211821,0.00009654,34.00000000,1
1531181451889,1531181451892,1211822,0.00009654,1.00000000,1
1531181456293,1531181456294,1211823,0.00009654,30.00000000,1
1531181475610,1531181475615,1211824,0.00009656,3.00000000,0
1531181497062,1531181497065,1211825,0.00009654,35.00000000,1
1531181515954,1531181515958,1211826,0.00009647,22.00000000,1
1531181515954,1531181515958,1211827,0.00009610,718.00000000,1
1531181515955,1531181515958,1211828,0.00009610,999.00000000,1
1531181529168,1531181529171,1211829,0.00009612,27.00000000,1
1531181547778,1531181547782,1211830,0.00009642,86.00000000,0
1531181547778,1531181547782,1211831,0.00009645,22.00000000,0
1531181554563,1531181554567,1211832,0.00009689,13.00000000,0
1531181590358,1531181590361,1211833,0.00009687,103.00000000,0
1531181668545,1531181668547,1211834,0.00009680,23.00000000,0
1531181689961,1531181689965,1211835,0.00009677,61.00000000,0
1531181746764,1531181746768,1211836,0.00009674,15.00000000,1
1531181750841,1531181750844,1211837,0.00009674,93.00000000,1
1531181750841,1531181750844,1211838,0.00009610,2.00000000,1
1531181762478,1531181762481,1211839,0.00009615,367.00000000,1
1531181762478,1531181762481,1211840,0.00009613,13.00000000,1
1531181805341,1531181805345,1211841,0.00009679,57.00000000,0
1531182096389,1531182096391,1211842,0.00009655,43.00000000,1
1531182125872,1531182125875,1211843,0.00009679,14.00000000,0
1531182277282,1531182277285,1211844,0.00009654,310.00000000,1
1531182280062,1531182280064,1211845,0.00009654,310.00000000,1
1531182282392,1531182282394,1211846,0.00009654,50.00000000,1
1531182282392,1531182282394,1211847,0.00009650,260.00000000,1
1531182353679,1531182353683,1211848,0.00009679,103.00000000,0
1531182354668,1531182354671,1211849,0.00009679,90.00000000,0
1531182355526,1531182355528,1211850,0.00009680,12.00000000,0
1531182355693,1531182355676,1211851,0.00009680,103.00000000,0
1531182356678,1531182356680,1211852,0.00009680,103.00000000,0
1531182357996,1531182358000,1211853,0.00009680,323.00000000,0
1531182358176,1531182358179,1211854,0.00009680,103.00000000,0
1531182359168,1531182359169,1211855,0.00009680,29.00000000,0
1531182359168,1531182359169,1211856,0.00009683,74.00000000,0
1531182363484,1531182363486,1211857,0.00009683,8.00000000,0
1531182364893,1531182364895,1211858,0.00009683,34.00000000,1
1531182383315,1531182383319,1211859,0.00009669,38.00000000,1
1531182523678,1531182523681,1211860,0.00009710,79.00000000,1
1531182523678,1531182523681,1211861,0.00009669,3096.00000000,1
1531182523678,1531182523681,1211862,0.00009661,76.00000000,1
1531182744672,1531182744674,1211863,0.00009685,103.00000000,0
1531182744740,1531182744741,1211864,0.00009685,69.00000000,0
1531182816570,1531182816573,1211865,0.00009663,11.00000000,1
1531182820699,1531182820702,1211866,0.00009665,11.00000000,0
1531182943007,1531182943007,1211867,0.00009669,299.00000000,0
1531183045660,1531183045660,1211868,0.00009667,200.00000000,1
1531183050939,1531183050940,1211869,0.00009685,20.00000000,0
1531183051059,1531183051053,1211870,0.00009685,48.00000000,0
1531183051094,1531183051093,1211871,0.00009686,59.00000000,0
1531183051094,1531183051093,1211872,0.00009687,83.00000000,0
1531183051094,1531183051093,1211873,0.00009690,82.00000000,0
1531183051094,1531183051093,1211874,0.00009760,84.00000000,0
1531183051094,1531183051093,1211875,0.00009762,53.00000000,0
1531183051094,1531183051093,1211876,0.00009764,22.00000000,0
1531183051094,1531183051093,1211877,0.00009797,134.00000000,0
1531183070227,1531183070227,1211878,0.00009742,49.00000000,1
1531183071202,1531183071202,1211879,0.00009743,49.00000000,1
1531183149554,1531183149554,1211880,0.00009742,33.00000000,1
1531183149554,1531183149554,1211881,0.00009727,61.00000000,1
1531183149554,1531183149554,1211882,0.00009684,522.00000000,1
1531183149565,1531183149566,1211883,0.00009684,55.00000000,1
1531183149565,1531183149566,1211884,0.00009680,20.00000000,1
1531183149566,1531183149566,1211885,0.00009678,105.00000000,1
1531183692953,1531183692919,1211886,0.00009696,49.00000000,0
1531183693834,1531183693832,1211887,0.00009697,18.00000000,0
1531183700832,1531183700831,1211888,0.00009697,87.00000000,0
1531183705714,1531183705713,1211889,0.00009699,20.00000000,0
1531183709259,1531183709258,1211890,0.00009703,159.00000000,0
1531183735383,1531183735382,1211891,0.00009703,403.00000000,0
1531183735383,1531183735382,1211892,0.00009707,82.00000000,0
1531183735383,1531183735382,1211893,0.00009751,15.00000000,0
1531183735383,1531183735382,1211894,0.00009756,61.00000000,0
1531183735383,1531183735382,1211895,0.00009796,1148.00000000,0
1531183759875,1531183759874,1211896,0.00009741,82.00000000,1
1531183759887,1531183759884,1211897,0.00009727,69.00000000,1
1531183759887,1531183759884,1211898,0.00009726,13.00000000,1
1531183777263,1531183777261,1211899,0.00009768,69.00000000,0
1531183777263,1531183777261,1211900,0.00009769,28.00000000,0
1531183777263,1531183777261,1211901,0.00009775,13.00000000,0
1531183777263,1531183777261,1211902,0.00009781,82.00000000,0
1531183777263,1531183777261,1211903,0.00009795,752.00000000,0
1531183777263,1531183777261,1211904,0.00009796,48.00000000,0
1531183777263,1531183777261,1211905,0.00009797,1849.00000000,0
1531183777263,1531183777261,1211906,0.00009800,417.00000000,0
1531183785003,1531183785002,1211907,0.00009798,321.00000000,0
1531183785003,1531183785002,1211908,0.00009799,125.00000000,0
1531183785003,1531183785002,1211909,0.00009800,560.00000000,0
1531183785003,1531183785002,1211910,0.00009822,27.00000000,0
1531183785003,1531183785002,1211911,0.00009828,22.00000000,0
1531183824286,1531183824286,1211912,0.00009764,82.00000000,1
1531183836694,1531183836693,1211913,0.00009745,82.00000000,1
1531183919343,1531183919340,1211914,0.00009745,54.00000000,1
1531183919343,1531183919340,1211915,0.00009744,492.00000000,1
1531183919343,1531183919340,1211916,0.00009743,1952.00000000,1
1531183945945,1531183945942,1211917,0.00009771,82.00000000,0
1531183961986,1531183961984,1211918,0.00009774,60.00000000,1
1531183998605,1531183998604,1211919,0.00009821,65.00000000,0
1531183999600,1531183999596,1211920,0.00009774,112.00000000,1
1531183999600,1531183999596,1211921,0.00009764,40.00000000,1
1531183999600,1531183999596,1211922,0.00009754,60.00000000,1
1531183999600,1531183999596,1211923,0.00009743,613.00000000,1
1531183999600,1531183999596,1211924,0.00009722,56.00000000,1
1531183999600,1531183999596,1211925,0.00009715,41.00000000,1
1531183999600,1531183999596,1211926,0.00009696,61.00000000,1
1531183999600,1531183999596,1211927,0.00009693,61.00000000,1
1531183999624,1531183999623,1211928,0.00009693,239.00000000,0
1531183999628,1531183999628,1211929,0.00009693,80.00000000,0
1531184007078,1531184007077,1211930,0.00009693,18.00000000,0
1531184010959,1531184010956,1211931,0.00009693,212.00000000,0
1531184023776,1531184023774,1211932,0.00009689,54.00000000,1
1531184023776,1531184023774,1211933,0.00009678,195.00000000,1
1531184200075,1531184200072,1211934,0.00009679,72.00000000,1
1531184200075,1531184200072,1211935,0.00009678,19.00000000,1
1531184200075,1531184200072,1211936,0.00009652,50.00000000,1
1531184200075,1531184200072,1211937,0.00009650,279.00000000,1
1531184217607,1531184217603,1211938,0.00009713,1.00000000,0
1531184264220,1531184264215,1211939,0.00009713,31.00000000,0
1531184282075,1531184282072,1211940,0.00009672,40.00000000,0
1531184305282,1531184305279,1211941,0.00009701,54.00000000,0
1531184305282,1531184305279,1211942,0.00009702,40.00000000,0
1531184338848,1531184338846,1211943,0.00009715,61.00000000,0
1531184338859,1531184338857,1211944,0.00009722,33.00000000,0
1531184338863,1531184338861,1211945,0.00009722,28.00000000,0
1531184338884,1531184338882,1211946,0.00009782,33.00000000,0
1531184366185,1531184366181,1211947,0.00009782,49.00000000,0
1531184366185,1531184366181,1211948,0.00009783,53.00000000,0
1531184534290,1531184534288,1211949,0.00009729,1.00000000,1
1531184536257,1531184536254,1211950,0.00009733,1.00000000,1
1531184732962,1531184732959,1211951,0.00009741,63.00000000,1
1531184747104,1531184747101,1211952,0.00009740,109.00000000,1
1531185101450,1531185101446,1211953,0.00009740,176.00000000,1
1531185220895,1531185220890,1211954,0.00009737,70.00000000,1
1531185222506,1531185222502,1211955,0.00009737,83.00000000,1
1531185228307,1531185228301,1211956,0.00009737,562.00000000,1
1531185229498,1531185229495,1211957,0.00009729,21.00000000,1
1531185229498,1531185229495,1211958,0.00009719,26.00000000,1
1531185230182,1531185230176,1211959,0.00009719,56.00000000,1
1531185230856,1531185230852,1211960,0.00009715,77.00000000,1
1531185230856,1531185230852,1211961,0.00009713,102.00000000,1
1531185236595,1531185236589,1211962,0.00009701,99.00000000,1
1531185530633,1531185530628,1211963,0.00009729,63.00000000,0
1531185725393,1531185725388,1211964,0.00009730,89.00000000,0
1531185729294,1531185729289,1211965,0.00009730,10.00000000,0
1531185773360,1531185773354,1211966,0.00009727,29.00000000,0
1531186212417,1531186212412,1211967,0.00009726,65.00000000,0
1531186959607,1531186959602,1211968,0.00009726,1296.00000000,0
1531187837218,1531187837213,1211969,0.00009726,2.00000000,0
1531188366217,1531188366213,1211970,0.00009726,26.00000000,0
1531188366683,1531188366679,1211971,0.00009726,7.00000000,0
1531188366683,1531188366679,1211972,0.00009731,82.00000000,0
1531188414261,1531188414256,1211973,0.00009714,271.00000000,1
1531188660378,1531188660375,1211974,0.00009713,71.00000000,1
1531188778091,1531188778086,1211975,0.00009713,70.00000000,0
1531188864532,1531188864529,1211976,0.00009695,262.00000000,1
1531188864573,1531188864570,1211977,0.00009708,72.00000000,0
1531188864615,1531188864611,1211978,0.00009695,72.00000000,1
1531188865611,1531188865609,1211979,0.00009695,190.00000000,0
1531188865611,1531188865609,1211980,0.00009708,67.00000000,0
1531189032272,1531189032268,1211981,0.00009675,60.00000000,1
1531189032277,1531189032268,1211982,0.00009675,96.00000000,1
1531189032277,1531189032268,1211983,0.00009672,72.00000000,1
1531189032277,1531189032268,1211984,0.00009662,83.00000000,1
1531189032277,1531189032268,1211985,0.00009655,54.00000000,1
1531189032277,1531189032268,1211986,0.00009650,461.00000000,1
1531189032277,1531189032268,1211987,0.00009647,22.00000000,1
1531189032277,1531189032268,1211988,0.00009610,83.00000000,1
1531189032277,1531189032268,1211989,0.00009603,23.00000000,1
1531189032277,1531189032268,1211990,0.00009600,1021.00000000,1
1531189032277,1531189032268,1211991,0.00009584,594.00000000,1
1531189032277,1531189032268,1211992,0.00009581,11.00000000,1
1531189032277,1531189032268,1211993,0.00009568,11.00000000,1
1531189032277,1531189032268,1211994,0.00009560,20.00000000,1
1531189032277,1531189032268,1211995,0.00009553,459.00000000,1
1531189032277,1531189032268,1211996,0.00009533,37.00000000,1
1531189032279,1531189032268,1211997,0.00009533,247.00000000,1
1531189032279,1531189032268,1211998,0.00009531,74.00000000,1
1531189032279,1531189032268,1211999,0.00009525,644.00000000,1
1531189032279,1531189032268,1212000,0.00009516,104.00000000,1
1531189032280,1531189032268,1212001,0.00009516,16.00000000,1
1531189032280,1531189032268,1212002,0.00009510,484.00000000,1
1531189032281,1531189032268,1212003,0.00009510,42.00000000,1
1531189032281,1531189032268,1212004,0.00009501,958.00000000,1
1531189032282,1531189032268,1212005,0.00009501,942.00000000,1
1531189032282,1531189032268,1212006,0.00009500,4723.00000000,1
1531189032282,1531189032268,1212007,0.00009500,388.00000000,1
1531189032282,1531189032268,1212008,0.00009500,196.00000000,1
1531189032284,1531189032268,1212009,0.00009500,6844.00000000,1
1531189032288,1531189032268,1212010,0.00009433,12.00000000,1
1531189032288,1531189032268,1212011,0.00009430,400.00000000,1
1531189032288,1531189032268,1212012,0.00009402,1832.00000000,1
1531189032289,1531189032268,1212013,0.00009402,833.00000000,1
1531189032295,1531189032268,1212014,0.00009397,22.00000000,1
1531189032295,1531189032268,1212015,0.00009394,128.00000000,1
1531189032295,1531189032268,1212016,0.00009366,301.00000000,1
1531189032295,1531189032268,1212017,0.00009351,576.00000000,1
1531189032310,1531189032294,1212018,0.00009400,157.00000000,0
1531189032310,1531189032295,1212019,0.00009400,796.00000000,0
1531189032311,1531189032295,1212020,0.00009400,157.00000000,0
1531189032317,1531189032307,1212021,0.00009400,104.00000000,0
1531189032318,1531189032309,1212022,0.00009400,157.00000000,0
1531189032327,1531189032324,1212023,0.00009400,21.00000000,0
1531189032330,1531189032328,1212024,0.00009400,196.00000000,0
1531189032332,1531189032329,1212025,0.00009400,3018.00000000,0
1531189032332,1531189032329,1212026,0.00009400,183.00000000,0
1531189032340,1531189032338,1212027,0.00009400,10158.00000000,0
1531189032350,1531189032347,1212028,0.00009425,104.00000000,0
1531189032350,1531189032347,1212029,0.00009428,53.00000000,0
1531189032353,1531189032351,1212030,0.00009428,124.00000000,0
1531189032357,1531189032355,1212031,0.00009450,157.00000000,0
1531189032396,1531189032393,1212032,0.00009450,1131.00000000,0
1531189032415,1531189032412,1212033,0.00009433,1714.00000000,1
1531189032416,1531189032414,1212034,0.00009433,97.00000000,1
1531189032425,1531189032421,1212035,0.00009457,105.00000000,0
1531189032429,1531189032425,1212036,0.00009433,215.00000000,1
1531189032429,1531189032426,1212037,0.00009433,1872.00000000,1
1531189032434,1531189032430,1212038,0.00009457,2540.00000000,0
1531189032435,1531189032431,1212039,0.00009433,10.00000000,1
1531189032448,1531189032447,1212040,0.00009457,155.00000000,0
1531189032464,1531189032462,1212041,0.00009457,229.00000000,0
1531189032473,1531189032470,1212042,0.00009457,11.00000000,0
1531189032788,1531189032784,1212043,0.00009457,674.00000000,0
1531189032845,1531189032842,1212044,0.00009451,65.00000000,1
1531189032881,1531189032878,1212045,0.00009452,12.00000000,0
1531189032922,1531189032920,1212046,0.00009475,1010.00000000,0
1531189033143,1531189033140,1212047,0.00009475,1161.00000000,0
1531189033235,1531189033231,1212048,0.00009453,373.00000000,1
1531189033268,1531189033264,1212049,0.00009453,2146.00000000,0
1531189033320,1531189033318,1212050,0.00009453,21.00000000,0
1531189033467,1531189033463,1212051,0.00009475,829.00000000,0
1531189033467,1531189033463,1212052,0.00009480,671.00000000,0
1531189033575,1531189033571,1212053,0.00009480,3161.00000000,0
1531189033908,1531189033907,1212054,0.00009480,61.00000000,0
1531189034186,1531189034182,1212055,0.00009478,47.00000000,1
1531189034648,1531189034644,1212056,0.00009480,329.00000000,0
1531189034747,1531189034744,1212057,0.00009490,2021.00000000,0
1531189034887,1531189034884,1212058,0.00009490,54.00000000,0
1531189035024,1531189035021,1212059,0.00009478,56.00000000,1
1531189035105,1531189035100,1212060,0.00009479,71.00000000,0
1531189035105,1531189035100,1212061,0.00009490,771.00000000,0
1531189035403,1531189035399,1212062,0.00009490,633.00000000,0
1531189035576,1531189035573,1212063,0.00009478,157.00000000,1
1531189035647,1531189035643,1212064,0.00009490,2.00000000,0
1531189035740,1531189035737,1212065,0.00009478,63.00000000,1
1531189036342,1531189036339,1212066,0.00009478,31.00000000,1
1531189037176,1531189037175,1212067,0.00009478,39.00000000,1
1531189037651,1531189037645,1212068,0.00009478,42.00000000,1
1531189037754,1531189037749,1212069,0.00009490,111.00000000,0
1531189038315,1531189038310,1212070,0.00009478,6.00000000,1
1531189038315,1531189038310,1212071,0.00009452,12.00000000,1
1531189038315,1531189038310,1212072,0.00009451,252.00000000,1
1531189038780,1531189038776,1212073,0.00009490,44.00000000,0
1531189039139,1531189039134,1212074,0.00009475,89.00000000,1
1531189040292,1531189040288,1212075,0.00009475,20.00000000,1
1531189041191,1531189041189,1212076,0.00009489,44.00000000,0
1531189041283,1531189041282,1212077,0.00009489,10.00000000,0
1531189041283,1531189041282,1212078,0.00009490,90.00000000,0
1531189041392,1531189041387,1212079,0.00009490,100.00000000,0
1531189041879,1531189041876,1212080,0.00009490,100.00000000,0
1531189041883,1531189041880,1212081,0.00009490,100.00000000,0
1531189042710,1531189042706,1212082,0.00009490,100.00000000,0
1531189042766,1531189042762,1212083,0.00009490,100.00000000,0
1531189042778,1531189042773,1212084,0.00009490,100.00000000,0
1531189043419,1531189043416,1212085,0.00009475,201.00000000,1
1531189043419,1531189043416,1212086,0.00009451,1.00000000,1
1531189044593,1531189044590,1212087,0.00009471,26.00000000,0
1531189044593,1531189044590,1212088,0.00009478,28.00000000,0
1531189050554,1531189050553,1212089,0.00009487,23.00000000,0
1531189050969,1531189050968,1212090,0.00009451,89.00000000,1
1531189051347,1531189051344,1212091,0.00009451,100.00000000,1
1531189051644,1531189051640,1212092,0.00009451,99.00000000,1
1531189052748,1531189052744,1212093,0.00009452,88.00000000,1
1531189052748,1531189052744,1212094,0.00009451,11.00000000,1
1531189054340,1531189054336,1212095,0.00009451,99.00000000,1
1531189063684,1531189063682,1212096,0.00009451,711.00000000,1
1531189064191,1531189064188,1212097,0.00009451,51.00000000,1
1531189064228,1531189064225,1212098,0.00009451,328.00000000,1
1531189065317,1531189065312,1212099,0.00009483,126.00000000,0
1531189065317,1531189065312,1212100,0.00009486,111.00000000,0
1531189065816,1531189065813,1212101,0.00009451,14.00000000,1
1531189079589,1531189079586,1212102,0.00009451,1000.00000000,1
1531189081415,1531189081412,1212103,0.00009451,100.00000000,1
1531189090211,1531189090207,1212104,0.00009484,517.00000000,1
1531189090663,1531189090659,1212105,0.00009484,84.00000000,1
1531189091553,1531189091550,1212106,0.00009484,97.00000000,1
1531189093076,1531189093073,1212107,0.00009484,106.00000000,1
1531189093109,1531189093106,1212108,0.00009485,46.00000000,0
1531189093615,1531189093611,1212109,0.00009485,114.00000000,1
1531189093738,1531189093736,1212110,0.00009485,24.00000000,1
1531189093738,1531189093736,1212111,0.00009484,39.00000000,1
1531189094636,1531189094631,1212112,0.00009458,271.00000000,0
1531189094657,1531189094654,1212113,0.00009458,234.00000000,0
1531189094657,1531189094654,1212114,0.00009486,271.00000000,0
1531189095415,1531189095412,1212115,0.00009486,7.00000000,0
1531189104678,1531189104674,1212116,0.00009458,43.00000000,1
1531189112442,1531189112439,1212117,0.00009455,14.00000000,1
1531189112442,1531189112439,1212118,0.00009451,1541.00000000,1
1531189124235,1531189124232,1212119,0.00009451,88.00000000,1
1531189125213,1531189125209,1212120,0.00009451,644.00000000,1
1531189128131,1531189128128,1212121,0.00009451,97.00000000,1
1531189128131,1531189128128,1212122,0.00009450,187.00000000,1
1531189164252,1531189164250,1212123,0.00009475,310.00000000,0
1531189166630,1531189166627,1212124,0.00009472,244.00000000,0
1531189166630,1531189166627,1212125,0.00009475,66.00000000,0
1531189167588,1531189167588,1212126,0.00009475,608.00000000,0
1531189168795,1531189168792,1212127,0.00009472,122.00000000,0
1531189169088,1531189169085,1212128,0.00009475,523.00000000,0
1531189169210,1531189169209,1212129,0.00009475,342.00000000,0
1531189169425,1531189169422,1212130,0.00009475,310.00000000,0
1531189169793,1531189169791,1212131,0.00009475,108.00000000,0
1531189179252,1531189179249,1212132,0.00009483,481.00000000,0
1531189181096,1531189181093,1212133,0.00009483,602.00000000,0
1531189181096,1531189181093,1212134,0.00009486,660.00000000,0
1531189181096,1531189181093,1212135,0.00009487,1000.00000000,0
1531189181096,1531189181093,1212136,0.00009489,239.00000000,0
1531189181096,1531189181093,1212137,0.00009490,3254.00000000,0
1531189186612,1531189186608,1212138,0.00009490,411.00000000,0
1531189190764,1531189190759,1212139,0.00009490,843.00000000,0
1531189193889,1531189193886,1212140,0.00009490,310.00000000,0
1531189290082,1531189290072,1212141,0.00009452,65.00000000,1
1531189290082,1531189290072,1212142,0.00009450,130.00000000,1
1531189290082,1531189290072,1212143,0.00009400,63.00000000,1
1531189290082,1531189290072,1212144,0.00009394,63.00000000,1
1531189290082,1531189290072,1212145,0.00009392,100.00000000,1
1531189290082,1531189290072,1212146,0.00009391,315.00000000,1
1531189290082,1531189290072,1212147,0.00009388,111.00000000,1
1531189290082,1531189290072,1212148,0.00009384,14.00000000,1
1531189290082,1531189290072,1212149,0.00009382,192.00000000,1
1531189290082,1531189290072,1212150,0.00009381,47.00000000,1
1531189290082,1531189290072,1212151,0.00009379,64.00000000,1
1531189290082,1531189290072,1212152,0.00009378,90.00000000,1
1531189290082,1531189290072,1212153,0.00009375,654.00000000,1
1531189290082,1531189290072,1212154,0.00009371,63.00000000,1
1531189290082,1531189290072,1212155,0.00009370,43.00000000,1
1531189290082,1531189290072,1212156,0.00009369,64.00000000,1
1531189290082,1531189290072,1212157,0.00009362,63.00000000,1
1531189290082,1531189290072,1212158,0.00009356,64.00000000,1
1531189290082,1531189290072,1212159,0.00009353,42.00000000,1
1531189290224,1531189290222,1212160,0.00009350,104.00000000,1
1531189291070,1531189291069,1212161,0.00009416,318.00000000,0
1531189291103,1531189291098,1212162,0.00009416,267.00000000,0
1531189291103,1531189291098,1212163,0.00009436,43.00000000,0
1531189291103,1531189291098,1212164,0.00009438,222.00000000,0
1531189291282,1531189291279,1212165,0.00009438,47.00000000,1
1531189291399,1531189291396,1212166,0.00009438,49.00000000,1
1531189291577,1531189291573,1212167,0.00009367,1.00000000,1
1531189292403,1531189292401,1212168,0.00009416,63.00000000,0
1531189293904,1531189293901,1212169,0.00009416,1.00000000,0
1531189293904,1531189293901,1212170,0.00009435,175.00000000,0
1531189294024,1531189294020,1212171,0.00009438,79.00000000,0
1531189294035,1531189294033,1212172,0.00009438,47.00000000,1
1531189294038,1531189294035,1212173,0.00009438,50.00000000,1
1531189294769,1531189294766,1212174,0.00009412,14.00000000,0
1531189295881,1531189295878,1212175,0.00009431,65.00000000,0
1531189296055,1531189296051,1212176,0.00009432,89.00000000,0
1531189296486,1531189296482,1212177,0.00009439,100.00000000,0
1531189296486,1531189296482,1212178,0.00009441,109.00000000,0
1531189296611,1531189296606,1212179,0.00009443,106.00000000,0
1531189297406,1531189297401,1212180,0.00009443,20.00000000,0
1531189297406,1531189297401,1212181,0.00009444,90.00000000,0
1531189297419,1531189297417,1212182,0.00009447,44.00000000,0
1531189298029,1531189298027,1212183,0.00009447,3.00000000,0
1531189298029,1531189298027,1212184,0.00009458,23.00000000,0
1531189298029,1531189298027,1212185,0.00009467,42.00000000,0
1531189303326,1531189303323,1212186,0.00009485,51.00000000,0
1531189305025,1531189305022,1212187,0.00009485,130.00000000,0
1531189324783,1531189324782,1212188,0.00009485,12.00000000,0
1531189328602,1531189328599,1212189,0.00009445,14.00000000,1
1531189362124,1531189362121,1212190,0.00009445,68.00000000,1
1531189362629,1531189362627,1212191,0.00009445,484.00000000,0
1531189378416,1531189378407,1212192,0.00009450,1484.00000000,1
1531189378416,1531189378407,1212193,0.00009444,200.00000000,1
1531189378416,1531189378407,1212194,0.00009416,296.00000000,1
1531189378416,1531189378407,1212195,0.00009400,1040.00000000,1
1531189378416,1531189378407,1212196,0.00009394,47.00000000,1
1531189378416,1531189378407,1212197,0.00009392,15.00000000,1
1531189378416,1531189378407,1212198,0.00009390,539.00000000,1
1531189378416,1531189378407,1212199,0.00009389,47.00000000,1
1531189378416,1531189378407,1212200,0.00009381,189.00000000,1
1531189378416,1531189378407,1212201,0.00009380,64.00000000,1
1531189378416,1531189378407,1212202,0.00009378,14.00000000,1
1531189378416,1531189378407,1212203,0.00009370,15.00000000,1
1531189378416,1531189378407,1212204,0.00009369,21.00000000,1
1531189378416,1531189378407,1212205,0.00009362,159.00000000,1
1531189378416,1531189378407,1212206,0.00009361,74.00000000,1
1531189378416,1531189378407,1212207,0.00009355,64.00000000,1
1531189378416,1531189378407,1212208,0.00009353,64.00000000,1
1531189378416,1531189378407,1212209,0.00009352,87.00000000,1
1531189378416,1531189378407,1212210,0.00009350,25.00000000,1
1531189378416,1531189378407,1212211,0.00009347,64.00000000,1
1531189378416,1531189378407,1212212,0.00009344,64.00000000,1
1531189378416,1531189378407,1212213,0.00009342,128.00000000,1
1531189378416,1531189378407,1212214,0.00009341,128.00000000,1
1531189378416,1531189378407,1212215,0.00009340,3.00000000,1
1531189379224,1531189379222,1212216,0.00009436,64.00000000,0
1531189379952,1531189379950,1212217,0.00009408,74.00000000,0
1531189381774,1531189381770,1212218,0.00009416,21.00000000,0
1531189381774,1531189381770,1212219,0.00009431,159.00000000,0
1531189381774,1531189381770,1212220,0.00009435,79.00000000,0
1531189381774,1531189381770,1212221,0.00009436,17.00000000,0
1531189381954,1531189381949,1212222,0.00009436,94.00000000,0
1531189381954,1531189381949,1212223,0.00009437,492.00000000,0
1531189382992,1531189382991,1212224,0.00009431,64.00000000,1
1531189383308,1531189383306,1212225,0.00009458,11.00000000,0
1531189383352,1531189383351,1212226,0.00009457,68.00000000,0
1531189383352,1531189383351,1212227,0.00009458,3.00000000,0
1531189383352,1531189383351,1212228,0.00009459,30.00000000,0
1531189383934,1531189383934,1212229,0.00009459,57.00000000,0
1531189384108,1531189384106,1212230,0.00009437,64.00000000,1
1531189384201,1531189384199,1212231,0.00009437,47.00000000,1
1531189384208,1531189384209,1212232,0.00009437,63.00000000,1
1531189384302,1531189384298,1212233,0.00009437,63.00000000,1
1531189384530,1531189384526,1212234,0.00009460,47.00000000,0
1531189390324,1531189390322,1212235,0.00009464,11.00000000,0
1531189394651,1531189394646,1212236,0.00009464,68.00000000,0
1531189409657,1531189409654,1212237,0.00009438,14.00000000,1
1531189416451,1531189416449,1212238,0.00009438,302.00000000,1
1531189426786,1531189426783,1212239,0.00009439,100.00000000,1
1531189439019,1531189439016,1212240,0.00009470,14.00000000,0
1531189439019,1531189439016,1212241,0.00009471,72.00000000,0
1531189455603,1531189455600,1212242,0.00009440,118.00000000,1
1531189482610,1531189482608,1212243,0.00009476,68.00000000,0
1531189485115,1531189485113,1212244,0.00009477,76.00000000,0
1531189502342,1531189502340,1212245,0.00009439,241.00000000,0
1531189505762,1531189505761,1212246,0.00009439,119.00000000,0
1531189506065,1531189506062,1212247,0.00009439,310.00000000,0
1531189506491,1531189506488,1212248,0.00009439,339.00000000,0
1531189507739,1531189507737,1212249,0.00009439,310.00000000,0
1531189508588,1531189508584,1212250,0.00009439,110.00000000,0
1531189510077,1531189510073,1212251,0.00009439,872.00000000,0
1531189510160,1531189510158,1212252,0.00009439,310.00000000,0
1531189512913,1531189512909,1212253,0.00009437,94.00000000,1
1531189522075,1531189522072,1212254,0.00009431,23.00000000,1
1531189529956,1531189529952,1212255,0.00009381,47.00000000,1
1531189529956,1531189529952,1212256,0.00009372,128.00000000,1
1531189529956,1531189529952,1212257,0.00009370,64.00000000,1
1531189529956,1531189529952,1212258,0.00009369,261.00000000,1
1531189539127,1531189539122,1212259,0.00009377,100.00000000,1
1531189539127,1531189539122,1212260,0.00009376,41.00000000,1
1531189539127,1531189539122,1212261,0.00009375,66.00000000,1
1531189539143,1531189539141,1212262,0.00009372,168.00000000,0
1531189539152,1531189539150,1212263,0.00009372,100.00000000,0
1531189539174,1531189539171,1212264,0.00009372,100.00000000,0
1531189539184,1531189539180,1212265,0.00009372,100.00000000,0
1531189539225,1531189539221,1212266,0.00009372,100.00000000,0
1531189539229,1531189539226,1212267,0.00009369,85.00000000,1
1531189539336,1531189539334,1212268,0.00009372,101.00000000,0
1531189539389,1531189539385,1212269,0.00009369,41.00000000,1
1531189539993,1531189539989,1212270,0.00009366,64.00000000,1
1531189543477,1531189543474,1212271,0.00009365,47.00000000,1
1531189548278,1531189548274,1212272,0.00009363,36.00000000,1
1531189549292,1531189549289,1212273,0.00009354,63.00000000,1
1531189549321,1531189549289,1212274,0.00009352,32.00000000,1
1531189549857,1531189549850,1212275,0.00009352,98.00000000,1
1531189558720,1531189558718,1212276,0.00009352,151.00000000,1
1531189561554,1531189561550,1212277,0.00009352,426.00000000,0
1531189562393,1531189562391,1212278,0.00009336,691.00000000,1
1531189566795,1531189566792,1212279,0.00009352,170.00000000,0
1531189567822,1531189567820,1212280,0.00009352,7.00000000,0
1531189572226,1531189572224,1212281,0.00009336,15.00000000,1
1531189583693,1531189583690,1212282,0.00009336,173.00000000,1
1531189603979,1531189603974,1212283,0.00009333,43.00000000,1
1531189613086,1531189613083,1212284,0.00009328,205.00000000,1
1531189613086,1531189613083,1212285,0.00009324,65.00000000,1
1531189613086,1531189613083,1212286,0.00009310,181.00000000,1
1531189613086,1531189613083,1212287,0.00009300,60.00000000,1
1531189613086,1531189613083,1212288,0.00009284,129.00000000,1
1531189613087,1531189613083,1212289,0.00009274,22.00000000,1
1531189613087,1531189613083,1212290,0.00009271,160.00000000,1
1531189613087,1531189613083,1212291,0.00009261,64.00000000,1
1531189613087,1531189613083,1212292,0.00009252,3.00000000,1
1531189613101,1531189613099,1212293,0.00009284,188.00000000,0
1531189613123,1531189613120,1212294,0.00009284,188.00000000,0
1531189613189,1531189613187,1212295,0.00009284,188.00000000,0
1531189613331,1531189613327,1212296,0.00009284,189.00000000,0
1531189613531,1531189613528,1212297,0.00009284,171.00000000,0
1531189613763,1531189613761,1212298,0.00009275,174.00000000,0
1531189613884,1531189613880,1212299,0.00009275,175.00000000,0
1531189613917,1531189613916,1212300,0.00009275,110.00000000,0
1531189614526,1531189614522,1212301,0.00009256,142.00000000,1
1531189614526,1531189614522,1212302,0.00009251,139.00000000,1
1531189615125,1531189615122,1212303,0.00009266,18.00000000,0
1531189615125,1531189615122,1212304,0.00009274,23.00000000,0
1531189615125,1531189615122,1212305,0.00009284,11.00000000,0
1531189615197,1531189615194,1212306,0.00009284,171.00000000,0
1531189615257,1531189615253,1212307,0.00009284,216.00000000,0
1531189615651,1531189615649,1212308,0.00009284,7.00000000,0
1531189616283,1531189616279,1212309,0.00009284,21.00000000,0
1531189618399,1531189618396,1212310,0.00009284,16.00000000,0
1531189632800,1531189632797,1212311,0.00009266,12.00000000,0
1531189635432,1531189635429,1212312,0.00009284,3.00000000,0
1531189636171,1531189636169,1212313,0.00009284,78.00000000,0
1531189638364,1531189638361,1212314,0.00009284,410.00000000,0
1531189640891,1531189640885,1212315,0.00009265,99.00000000,1
1531189640891,1531189640885,1212316,0.00009256,65.00000000,1
1531189640891,1531189640885,1212317,0.00009251,931.00000000,1
1531189640891,1531189640885,1212318,0.00009250,62.00000000,1
1531189640891,1531189640885,1212319,0.00009246,22.00000000,1
1531189640891,1531189640885,1212320,0.00009214,65.00000000,1
1531189640891,1531189640885,1212321,0.00009207,1449.00000000,1
1531189640891,1531189640885,1212322,0.00009200,2997.00000000,1
1531189640891,1531189640885,1212323,0.00009200,749.00000000,1
1531189640892,1531189640885,1212324,0.00009200,748.00000000,1
1531189640892,1531189640885,1212325,0.00009200,100.00000000,1
1531189640923,1531189640920,1212326,0.00009207,13.00000000,0
1531189640923,1531189640921,1212327,0.00009207,1292.00000000,0
1531189640946,1531189640946,1212328,0.00009207,15.00000000,0
1531189640950,1531189640948,1212329,0.00009207,15.00000000,0
1531189640964,1531189640962,1212330,0.00009200,214.00000000,1
1531189640978,1531189640976,1212331,0.00009207,281.00000000,0
1531189641136,1531189641132,1212332,0.00009200,13.00000000,1
1531189641205,1531189641203,1212333,0.00009207,93.00000000,0
1531189644762,1531189644760,1212334,0.00009214,142.00000000,1
1531189646984,1531189646981,1212335,0.00009239,473.00000000,0
1531189647049,1531189647045,1212336,0.00009239,385.00000000,1
1531189647602,1531189647600,1212337,0.00009239,88.00000000,1
1531189647987,1531189647984,1212338,0.00009240,108.00000000,1
1531189647987,1531189647984,1212339,0.00009214,1465.00000000,1
1531189647987,1531189647984,1212340,0.00009207,93.00000000,1
1531189647987,1531189647984,1212341,0.00009200,645.00000000,1
1531189650283,1531189650281,1212342,0.00009202,848.00000000,1
1531189650283,1531189650281,1212343,0.00009201,149.00000000,1
1531189650283,1531189650281,1212344,0.00009200,645.00000000,1
1531189654667,1531189654665,1212345,0.00009200,204.00000000,1
1531189656103,1531189656100,1212346,0.00009199,54.00000000,0
1531189656630,1531189656625,1212347,0.00009198,108.00000000,0
1531189656630,1531189656625,1212348,0.00009199,95.00000000,0
1531189656630,1531189656625,1212349,0.00009200,850.00000000,0
1531189658305,1531189658283,1212350,0.00009200,1257.00000000,0
1531189662566,1531189662529,1212351,0.00009217,78.00000000,1
1531189662566,1531189662529,1212352,0.00009216,55.00000000,1
1531189662566,1531189662529,1212353,0.00009203,219.00000000,1
1531189662566,1531189662529,1212354,0.00009202,214.00000000,1
1531189662566,1531189662529,1212355,0.00009200,357.00000000,1
1531189662566,1531189662529,1212356,0.00009196,490.00000000,1
1531189662566,1531189662529,1212357,0.00009187,261.00000000,1
1531189662566,1531189662529,1212358,0.00009183,14.00000000,1
1531189662566,1531189662529,1212359,0.00009177,923.00000000,1
1531189662566,1531189662529,1212360,0.00009171,64.00000000,1
1531189662566,1531189662529,1212361,0.00009162,400.00000000,1
1531189662566,1531189662529,1212362,0.00009156,61.00000000,1
1531189662566,1531189662529,1212363,0.00009155,126.00000000,1
1531189662566,1531189662529,1212364,0.00009139,65.00000000,1
1531189662566,1531189662529,1212365,0.00009133,3764.00000000,1
1531189662566,1531189662529,1212366,0.00009131,65.00000000,1
1531189662566,1531189662529,1212367,0.00009130,1635.00000000,1
1531189662566,1531189662529,1212368,0.00009120,117.00000000,1
1531189662566,1531189662529,1212369,0.00009114,89.00000000,1
1531189662566,1531189662529,1212370,0.00009113,1201.00000000,1
1531189662566,1531189662529,1212371,0.00009105,21.00000000,1
1531189662566,1531189662529,1212372,0.00009104,108.00000000,1
1531189662566,1531189662529,1212373,0.00009100,895.00000000,1
1531189662566,1531189662529,1212374,0.00009098,23.00000000,1
1531189662566,1531189662529,1212375,0.00009097,598.00000000,1
1531189662566,1531189662529,1212376,0.00009096,1381.00000000,1
1531189662566,1531189662529,1212377,0.00009095,65.00000000,1
1531189662566,1531189662529,1212378,0.00009092,109.00000000,1
1531189662566,1531189662529,1212379,0.00009091,239.00000000,1
1531189662566,1531189662529,1212380,0.00009090,89.00000000,1
1531189662566,1531189662529,1212381,0.00009089,69.00000000,1
1531189662566,1531189662529,1212382,0.00009087,76.00000000,1
1531189662566,1531189662529,1212383,0.00009086,47.00000000,1
1531189662566,1531189662529,1212384,0.00009085,60.00000000,1
1531189662566,1531189662529,1212385,0.00009084,32.00000000,1
1531189662566,1531189662529,1212386,0.00009081,65.00000000,1
1531189662566,1531189662529,1212387,0.00009078,175.00000000,1
1531189662566,1531189662529,1212388,0.00009074,132.00000000,1
1531189662566,1531189662529,1212389,0.00009073,551.00000000,1
1531189662566,1531189662529,1212390,0.00009071,12.00000000,1
1531189662566,1531189662529,1212391,0.00009066,302.00000000,1
1531189662566,1531189662529,1212392,0.00009063,228.00000000,1
1531189662566,1531189662529,1212393,0.00009062,65.00000000,1
1531189662566,1531189662529,1212394,0.00009061,65.00000000,1
1531189662566,1531189662529,1212395,0.00009054,65.00000000,1
1531189662566,1531189662529,1212396,0.00009051,556.00000000,1
1531189662566,1531189662529,1212397,0.00009050,35.00000000,1
1531189662566,1531189662529,1212398,0.00009048,568.00000000,1
1531189662566,1531189662529,1212399,0.00009047,14.00000000,1
1531189662566,1531189662529,1212400,0.00009046,79.00000000,1
1531189662566,1531189662529,1212401,0.00009045,193.00000000,1
1531189662566,1531189662529,1212402,0.00009038,109.00000000,1
1531189662566,1531189662529,1212403,0.00009035,22.00000000,1
1531189662566,1531189662529,1212404,0.00009032,382.00000000,1
1531189662566,1531189662529,1212405,0.00009031,1096.00000000,1
1531189662566,1531189662529,1212406,0.00009030,55.00000000,1
1531189662566,1531189662529,1212407,0.00009027,27.00000000,1
1531189662566,1531189662529,1212408,0.00009025,15.00000000,1
1531189662566,1531189662529,1212409,0.00009024,284.00000000,1
1531189662566,1531189662529,1212410,0.00009023,448.00000000,1
1531189662566,1531189662529,1212411,0.00009019,30.00000000,1
1531189662566,1531189662529,1212412,0.00009013,197.00000000,1
1531189662566,1531189662529,1212413,0.00009008,43.00000000,1
1531189662566,1531189662529,1212414,0.00009003,23.00000000,1
1531189662566,1531189662529,1212415,0.00009000,19388.00000000,1
1531189662566,1531189662529,1212416,0.00008999,43.00000000,1
1531189662566,1531189662529,1212417,0.00008998,50.00000000,1
1531189662566,1531189662529,1212418,0.00008992,145.00000000,1
1531189662566,1531189662529,1212419,0.00008990,110.00000000,1
1531189662566,1531189662529,1212420,0.00008989,220.00000000,1
1531189662566,1531189662529,1212421,0.00008987,14.00000000,1
1531189662566,1531189662529,1212422,0.00008986,89.00000000,1
1531189662566,1531189662529,1212423,0.00008985,12.00000000,1
1531189662566,1531189662529,1212424,0.00008980,267.00000000,1
1531189662566,1531189662529,1212425,0.00008969,15.00000000,1
1531189662566,1531189662529,1212426,0.00008961,121.00000000,1
1531189662566,1531189662529,1212427,0.00008960,320.00000000,1
1531189662566,1531189662529,1212428,0.00008958,22.00000000,1
1531189662566,1531189662529,1212429,0.00008954,26.00000000,1
1531189662566,1531189662529,1212430,0.00008952,110.00000000,1
1531189662566,1531189662529,1212431,0.00008951,16.00000000,1
1531189662566,1531189662529,1212432,0.00008936,8823.00000000,1
1531189662566,1531189662529,1212433,0.00008924,27.00000000,1
1531189662566,1531189662529,1212434,0.00008916,35.00000000,1
1531189662569,1531189662529,1212435,0.00008916,52.00000000,1
1531189662569,1531189662529,1212436,0.00008912,16.00000000,1
1531189662578,1531189662576,1212437,0.00008900,99.00000000,0
1531189662579,1531189662576,1212438,0.00008900,99.00000000,0
1531189662581,1531189662579,1212439,0.00008900,109.00000000,0
1531189662583,1531189662580,1212440,0.00008900,235.00000000,0
1531189662583,1531189662580,1212441,0.00009050,19.00000000,0
1531189662583,1531189662580,1212442,0.00009053,74.00000000,0
1531189662586,1531189662583,1212443,0.00009053,25.00000000,0
1531189662607,1531189662601,1212444,0.00009090,600.00000000,0
1531189662607,1531189662601,1212445,0.00009095,20.00000000,0
1531189662607,1531189662601,1212446,0.00009100,4524.00000000,0
1531189662611,1531189662607,1212447,0.00009100,189.00000000,0
1531189662613,1531189662610,1212448,0.00008894,22.00000000,1
1531189662613,1531189662610,1212449,0.00008887,27.00000000,1
1531189662613,1531189662610,1212450,0.00008846,75.00000000,1
1531189662623,1531189662618,1212451,0.00009100,834.00000000,0
1531189662637,1531189662633,1212452,0.00009090,249.00000000,1
1531189662637,1531189662633,1212453,0.00008896,395.00000000,1
1531189662637,1531189662633,1212454,0.00008895,210.00000000,1
1531189662637,1531189662633,1212455,0.00008846,66.00000000,1
1531189662637,1531189662633,1212456,0.00008820,86.00000000,1
1531189662637,1531189662633,1212457,0.00008800,1829.00000000,1
1531189662637,1531189662633,1212458,0.00008790,68.00000000,1
1531189662637,1531189662633,1212459,0.00008777,102.00000000,1
1531189662663,1531189662660,1212460,0.00009090,219.00000000,1
1531189662770,1531189662766,1212461,0.00009090,78.00000000,1
1531189662894,1531189662892,1212462,0.00009100,900.00000000,0
1531189663039,1531189663036,1212463,0.00009100,1041.00000000,0
