event_time,trade_time,trade_id,price,quantity,maker
1531210371136,1531210371131,3488276,0.00002483,55.00000000,0
1531210371146,1531210371141,3488277,0.00002481,756.00000000,1
1531210371157,1531210371152,3488278,0.00002481,41.00000000,1
1531210388955,1531210388951,3488279,0.00002480,148.00000000,1
1531210398685,1531210398680,3488280,0.00002482,409.00000000,0
1531210404617,1531210404613,3488281,0.00002482,79.00000000,0
1531210415080,1531210415075,3488282,0.00002482,801.00000000,1
1531210427751,1531210427747,3488283,0.00002482,273.00000000,1
1531210427751,1531210427747,3488284,0.00002481,253.00000000,1
1531210447105,1531210447101,3488285,0.00002482,119.00000000,1
1531210447123,1531210447117,3488286,0.00002482,171.00000000,1
1531210473964,1531210473959,3488287,0.00002485,601.00000000,0
1531210505891,1531210505886,3488288,0.00002485,131.00000000,1
1531210534389,1531210534384,3488289,0.00002485,2161.00000000,0
1531210534399,1531210534395,3488290,0.00002482,886.00000000,1
1531210538133,1531210538129,3488291,0.00002483,550.00000000,1
1531210542346,1531210542342,3488292,0.00002484,44.00000000,1
1531210566618,1531210566614,3488293,0.00002487,1413.00000000,0
1531210614957,1531210614953,3488294,0.00002481,1187.00000000,1
1531210623600,1531210623597,3488295,0.00002479,1030.00000000,1
1531210626930,1531210626926,3488296,0.00002479,204.00000000,1
1531210627128,1531210627124,3488297,0.00002479,204.00000000,1
1531210657477,1531210657472,3488298,0.00002487,926.00000000,0
1531210657489,1531210657485,3488299,0.00002487,880.00000000,0
1531210658714,1531210658710,3488300,0.00002480,50.00000000,1
1531210661888,1531210661884,3488301,0.00002480,794.00000000,1
1531210686325,1531210686321,3488302,0.00002480,696.00000000,1
1531210686347,1531210686342,3488303,0.00002480,1471.00000000,1
1531210694232,1531210694231,3488304,0.00002482,1012.00000000,0
1531210694246,1531210694242,3488305,0.00002480,858.00000000,1
1531210712621,1531210712616,3488306,0.00002484,33.00000000,0
1531210714228,1531210714224,3488307,0.00002484,34.00000000,0
1531210717278,1531210717273,3488308,0.00002484,1215.00000000,0
1531210717295,1531210717290,3488309,0.00002484,499.00000000,0
1531210725874,1531210725870,3488310,0.00002484,67.00000000,1
1531210747548,1531210747545,3488311,0.00002480,2752.00000000,0
1531210747562,1531210747559,3488312,0.00002482,1229.00000000,0
1531210755688,1531210755684,3488313,0.00002482,80.00000000,0
1531210761281,1531210761281,3488314,0.00002481,1528.00000000,0
1531210761295,1531210761291,3488315,0.00002482,757.00000000,0
1531210761311,1531210761306,3488316,0.00002482,1390.00000000,0
1531210767972,1531210767968,3488317,0.00002482,166.00000000,1
1531210767972,1531210767968,3488318,0.00002480,298.00000000,1
1531210770842,1531210770837,3488319,0.00002480,86.00000000,0
1531210807595,1531210807591,3488320,0.00002483,1101.00000000,0
1531210807610,1531210807606,3488321,0.00002483,1489.00000000,0
1531210822652,1531210822647,3488322,0.00002483,2770.00000000,0
1531210822668,1531210822664,3488323,0.00002480,1145.00000000,1
1531210851559,1531210851558,3488324,0.00002483,658.00000000,0
1531210851588,1531210851584,3488325,0.00002483,639.00000000,0
1531210879977,1531210879973,3488326,0.00002480,76.00000000,0
1531210879994,1531210879989,3488327,0.00002482,41.00000000,0
1531210880013,1531210880009,3488328,0.00002482,41.00000000,0
1531210888773,1531210888768,3488329,0.00002483,402.00000000,0
1531210912067,1531210912063,3488330,0.00002480,172.00000000,1
1531210912087,1531210912083,3488331,0.00002480,257.00000000,1
1531210936468,1531210936464,3488332,0.00002480,1348.00000000,0
1531210959501,1531210959493,3488333,0.00002479,581.00000000,1
1531211034381,1531211034376,3488334,0.00002479,2996.00000000,1
1531211034411,1531211034408,3488335,0.00002480,2.00000000,0
1531211049429,1531211049424,3488336,0.00002479,425.00000000,1
1531211224052,1531211224048,3488337,0.00002480,123.00000000,0
1531211265831,1531211265826,3488338,0.00002480,121.00000000,0
1531211308250,1531211308246,3488339,0.00002480,398.00000000,0
1531211397144,1531211397139,3488340,0.00002479,1120.00000000,1
1531211406907,1531211406901,3488341,0.00002479,3108.00000000,1
1531211407829,1531211407825,3488342,0.00002478,204.00000000,1
1531211424222,1531211424217,3488343,0.00002479,141.00000000,0
1531211511794,1531211511791,3488344,0.00002474,905.00000000,0
1531211511801,1531211511797,3488345,0.00002470,1367.00000000,1
1531211511814,1531211511810,3488346,0.00002470,823.00000000,1
1531211555882,1531211555878,3488347,0.00002471,547.00000000,0
1531211555897,1531211555892,3488348,0.00002476,263.00000000,0
1531211567592,1531211567588,3488349,0.00002476,131.00000000,1
1531211574332,1531211574327,3488350,0.00002468,901.00000000,1
1531211574350,1531211574345,3488351,0.00002468,728.00000000,1
1531211585206,1531211585202,3488352,0.00002475,540.00000000,0
1531211585228,1531211585222,3488353,0.00002475,157.00000000,0
1531211615132,1531211615128,3488354,0.00002472,3263.00000000,0
1531211615140,1531211615134,3488355,0.00002468,1110.00000000,1
1531211644560,1531211644556,3488356,0.00002468,420.00000000,1
1531211668522,1531211668517,3488357,0.00002476,1.00000000,0
1531211671165,1531211671161,3488358,0.00002468,1257.00000000,1
1531211688996,1531211688991,3488359,0.00002467,3.00000000,1
1531211690209,1531211690205,3488360,0.00002466,3.00000000,1
1531211704770,1531211704765,3488361,0.00002472,3086.00000000,0
1531211704782,1531211704778,3488362,0.00002468,1378.00000000,1
1531211718564,1531211718559,3488363,0.00002470,2179.00000000,0
1531211718581,1531211718578,3488364,0.00002475,506.00000000,0
1531211718605,1531211718603,3488365,0.00002475,1147.00000000,0
1531211737249,1531211737244,3488366,0.00002469,582.00000000,1
1531211752109,1531211752104,3488367,0.00002469,877.00000000,1
1531211779481,1531211779477,3488368,0.00002472,697.00000000,0
1531211779493,1531211779488,3488369,0.00002469,41.00000000,1
1531211779508,1531211779504,3488370,0.00002469,306.00000000,1
1531211940464,1531211940461,3488371,0.00002468,242.00000000,1
1531211948662,1531211948658,3488372,0.00002469,78.00000000,0
1531211955529,1531211955524,3488373,0.00002468,399.00000000,1
1531211955578,1531211955573,3488374,0.00002468,147.00000000,1
1531211962632,1531211962627,3488375,0.00002468,133.00000000,1
1531211967173,1531211967168,3488376,0.00002468,117.00000000,1
1531211967852,1531211967848,3488377,0.00002468,405.00000000,1
1531211970277,1531211970273,3488378,0.00002468,597.00000000,1
1531211970762,1531211970757,3488379,0.00002468,1636.00000000,1
1531211978756,1531211978751,3488380,0.00002466,165.00000000,1
1531211983211,1531211983206,3488381,0.00002468,1174.00000000,0
1531211983238,1531211983234,3488382,0.00002468,1120.00000000,0
1531212005250,1531212005246,3488383,0.00002466,2734.00000000,0
1531212005264,1531212005259,3488384,0.00002463,471.00000000,1
1531212005280,1531212005276,3488385,0.00002463,1381.00000000,1
1531212015122,1531212015117,3488386,0.00002465,2492.00000000,0
1531212015131,1531212015126,3488387,0.00002468,1029.00000000,0
1531212015149,1531212015144,3488388,0.00002468,1187.00000000,0
1531212049666,1531212049661,3488389,0.00002465,1599.00000000,0
1531212049678,1531212049673,3488390,0.00002468,645.00000000,0
1531212058275,1531212058271,3488391,0.00002464,244.00000000,1
1531212095387,1531212095382,3488392,0.00002464,405.00000000,0
1531212107016,1531212107011,3488393,0.00002463,51.00000000,1
1531212123983,1531212123978,3488394,0.00002463,1253.00000000,0
1531212127010,1531212127005,3488395,0.00002464,543.00000000,1
1531212127010,1531212127005,3488396,0.00002463,2807.00000000,1
1531212127010,1531212127005,3488397,0.00002462,545.00000000,1
1531212127052,1531212127048,3488398,0.00002462,166.00000000,0
1531212127054,1531212127050,3488399,0.00002462,166.00000000,0
1531212127450,1531212127446,3488400,0.00002462,166.00000000,0
1531212132167,1531212132166,3488401,0.00002462,2439.00000000,0
1531212155547,1531212155543,3488402,0.00002464,1883.00000000,0
1531212155565,1531212155560,3488403,0.00002468,897.00000000,0
1531212198705,1531212198700,3488404,0.00002461,420.00000000,1
1531212198743,1531212198738,3488405,0.00002461,996.00000000,0
1531212199179,1531212199176,3488406,0.00002461,406.00000000,0
1531212199183,1531212199178,3488407,0.00002461,425.00000000,0
1531212212496,1531212212493,3488408,0.00002462,860.00000000,1
1531212215391,1531212215387,3488409,0.00002462,1447.00000000,1
1531212215413,1531212215408,3488410,0.00002462,250.00000000,1
1531212215447,1531212215440,3488411,0.00002462,209.00000000,0
1531212226113,1531212226108,3488412,0.00002462,241.00000000,0
1531212232769,1531212232764,3488413,0.00002461,287.00000000,1
1531212232791,1531212232786,3488414,0.00002461,1117.00000000,1
1531212232815,1531212232810,3488415,0.00002462,410.00000000,0
1531212262122,1531212262120,3488416,0.00002464,2365.00000000,0
1531212262139,1531212262135,3488417,0.00002467,601.00000000,0
1531212262166,1531212262161,3488418,0.00002467,1075.00000000,0
1531212262181,1531212262177,3488419,0.00002462,700.00000000,1
1531212268799,1531212268794,3488420,0.00002461,1363.00000000,0
1531212269595,1531212269589,3488421,0.00002462,410.00000000,0
1531212277111,1531212277107,3488422,0.00002462,700.00000000,1
1531212290972,1531212290968,3488423,0.00002461,521.00000000,1
1531212290987,1531212290982,3488424,0.00002461,448.00000000,0
1531212291005,1531212291000,3488425,0.00002461,521.00000000,1
1531212327601,1531212327597,3488426,0.00002461,41.00000000,1
1531212327601,1531212327597,3488427,0.00002460,712.00000000,1
1531212348612,1531212348609,3488428,0.00002456,201.00000000,1
1531212350552,1531212350546,3488429,0.00002458,1028.00000000,0
1531212350563,1531212350560,3488430,0.00002456,390.00000000,1
1531212356982,1531212356977,3488431,0.00002455,1590.00000000,1
1531212357005,1531212356999,3488432,0.00002456,201.00000000,0
1531212361553,1531212361549,3488433,0.00002456,933.00000000,1
1531212361553,1531212361549,3488434,0.00002455,1764.00000000,1
1531212369480,1531212369475,3488435,0.00002455,398.00000000,1
1531212395516,1531212395513,3488436,0.00002460,434.00000000,0
1531212395529,1531212395523,3488437,0.00002456,213.00000000,1
1531212426735,1531212426732,3488438,0.00002460,496.00000000,0
1531212426743,1531212426739,3488439,0.00002456,265.00000000,1
1531212426760,1531212426755,3488440,0.00002456,241.00000000,1
1531212433295,1531212433290,3488441,0.00002455,2034.00000000,1
1531212455321,1531212455317,3488442,0.00002460,979.00000000,0
1531212455336,1531212455332,3488443,0.00002456,1296.00000000,1
1531212455352,1531212455350,3488444,0.00002456,426.00000000,1
1531212487861,1531212487856,3488445,0.00002457,401.00000000,1
1531212487884,1531212487879,3488446,0.00002457,1293.00000000,1
1531212542097,1531212542091,3488447,0.00002457,390.00000000,1
1531212542117,1531212542112,3488448,0.00002457,415.00000000,1
1531212576438,1531212576433,3488449,0.00002457,931.00000000,1
1531212576462,1531212576458,3488450,0.00002457,316.00000000,1
1531212578458,1531212578453,3488451,0.00002457,97.00000000,1
1531212583972,1531212583968,3488452,0.00002459,1077.00000000,0
1531212583992,1531212583987,3488453,0.00002457,585.00000000,1
1531212605257,1531212605252,3488454,0.00002457,97.00000000,0
1531212611327,1531212611323,3488455,0.00002461,110.00000000,0
1531212616213,1531212616209,3488456,0.00002456,81.00000000,1
1531212616213,1531212616209,3488457,0.00002455,1894.00000000,1
1531212618540,1531212618535,3488458,0.00002461,135.00000000,0
1531212625558,1531212625554,3488459,0.00002456,949.00000000,1
1531212625576,1531212625570,3488460,0.00002456,593.00000000,1
1531212649461,1531212649457,3488461,0.00002460,406.00000000,0
1531212665580,1531212665574,3488462,0.00002459,409.00000000,0
1531212665599,1531212665594,3488463,0.00002456,188.00000000,1
1531212686120,1531212686118,3488464,0.00002458,455.00000000,0
1531212686127,1531212686122,3488465,0.00002456,215.00000000,1
1531212709085,1531212709081,3488466,0.00002453,64.00000000,1
1531212716661,1531212716656,3488467,0.00002455,1418.00000000,1
1531212716683,1531212716678,3488468,0.00002455,180.00000000,1
1531212757304,1531212757300,3488469,0.00002459,49.00000000,0
1531212757321,1531212757317,3488470,0.00002456,1048.00000000,1
1531212757340,1531212757336,3488471,0.00002456,41.00000000,1
1531212760642,1531212760637,3488472,0.00002463,203.00000000,0
1531212789286,1531212789282,3488473,0.00002464,1415.00000000,1
1531212812509,1531212812503,3488474,0.00002469,165.00000000,0
1531212867216,1531212867210,3488475,0.00002471,2415.00000000,0
1531212867225,1531212867220,3488476,0.00002467,639.00000000,1
1531212867242,1531212867240,3488477,0.00002467,869.00000000,1
1531212893154,1531212893148,3488478,0.00002475,121.00000000,0
1531212893154,1531212893148,3488479,0.00002480,27.00000000,0
1531212904051,1531212904046,3488480,0.00002465,160.00000000,1
1531212905340,1531212905336,3488481,0.00002465,1155.00000000,1
1531212909802,1531212909797,3488482,0.00002465,160.00000000,0
1531212911240,1531212911236,3488483,0.00002465,288.00000000,1
1531212937337,1531212937332,3488484,0.00002470,1028.00000000,0
1531212937356,1531212937351,3488485,0.00002464,791.00000000,1
1531212937459,1531212937455,3488486,0.00002476,198.00000000,0
1531212937459,1531212937455,3488487,0.00002477,965.00000000,0
1531212944861,1531212944858,3488488,0.00002464,57.00000000,1
1531212945360,1531212945355,3488489,0.00002463,49.00000000,1
1531212945961,1531212945957,3488490,0.00002463,9.00000000,1
1531212946487,1531212946483,3488491,0.00002464,16.00000000,1
1531212946882,1531212946880,3488492,0.00002464,21.00000000,1
1531212946979,1531212946974,3488493,0.00002464,91.00000000,1
1531212946979,1531212946974,3488494,0.00002463,75.00000000,1
1531212946979,1531212946974,3488495,0.00002457,293.00000000,1
1531212947686,1531212947682,3488496,0.00002457,21.00000000,1
1531212948261,1531212948256,3488497,0.00002457,25.00000000,1
1531212948702,1531212948697,3488498,0.00002457,23.00000000,1
1531212949229,1531212949224,3488499,0.00002457,19.00000000,1
1531212949661,1531212949657,3488500,0.00002457,21.00000000,1
1531212950288,1531212950284,3488501,0.00002457,332.00000000,1
1531212950809,1531212950805,3488502,0.00002457,18.00000000,1
1531212951531,1531212951527,3488503,0.00002457,24.00000000,1
1531212952204,1531212952199,3488504,0.00002457,24.00000000,1
1531212953018,1531212953016,3488505,0.00002457,17.00000000,1
1531212953634,1531212953630,3488506,0.00002457,3.00000000,1
1531212953634,1531212953630,3488507,0.00002455,18.00000000,1
1531212954185,1531212954181,3488508,0.00002455,20.00000000,1
1531212954767,1531212954762,3488509,0.00002455,10.00000000,1
1531212955229,1531212955225,3488510,0.00002455,33.00000000,1
1531212955753,1531212955749,3488511,0.00002455,29.00000000,1
1531212956425,1531212956421,3488512,0.00002455,24.00000000,1
1531212956997,1531212956993,3488513,0.00002455,18.00000000,1
1531212957412,1531212957406,3488514,0.00002455,18.00000000,1
1531212958144,1531212958139,3488515,0.00002455,25.00000000,1
1531212958666,1531212958662,3488516,0.00002455,25.00000000,1
1531212959214,1531212959210,3488517,0.00002455,19.00000000,1
1531212959748,1531212959743,3488518,0.00002455,74.00000000,1
1531212960496,1531212960492,3488519,0.00002455,22.00000000,1
1531212961344,1531212961339,3488520,0.00002456,23.00000000,1
1531212961795,1531212961789,3488521,0.00002456,25.00000000,1
1531212962465,1531212962461,3488522,0.00002456,40.00000000,1
1531212962875,1531212962871,3488523,0.00002456,24.00000000,1
1531212963423,1531212963419,3488524,0.00002456,17.00000000,1
1531212963915,1531212963911,3488525,0.00002456,19.00000000,1
1531212964397,1531212964393,3488526,0.00002456,46.00000000,1
1531212965150,1531212965145,3488527,0.00002456,32.00000000,1
1531212965672,1531212965667,3488528,0.00002456,27.00000000,1
1531212965683,1531212965679,3488529,0.00002456,1130.00000000,1
1531212966014,1531212966010,3488530,0.00002456,79.00000000,0
1531212966325,1531212966322,3488531,0.00002455,10.00000000,1
1531212966858,1531212966853,3488532,0.00002455,11.00000000,1
1531212980616,1531212980610,3488533,0.00002455,494.00000000,1
1531212981195,1531212981190,3488534,0.00002454,64.00000000,0
1531212981195,1531212981190,3488535,0.00002455,543.00000000,0
1531212981197,1531212981193,3488536,0.00002455,407.00000000,0
1531212982173,1531212982167,3488537,0.00002455,607.00000000,0
1531212992292,1531212992287,3488538,0.00002453,121.00000000,1
1531212998694,1531212998688,3488539,0.00002453,15.00000000,1
1531212998922,1531212998917,3488540,0.00002453,115.00000000,0
1531213012830,1531213012826,3488541,0.00002453,300.00000000,1
1531213045871,1531213045867,3488542,0.00002453,117.00000000,1
1531213046333,1531213046327,3488543,0.00002454,64.00000000,0
1531213046333,1531213046327,3488544,0.00002455,586.00000000,0
1531213068909,1531213068904,3488545,0.00002453,1204.00000000,0
1531213068921,1531213068916,3488546,0.00002454,1075.00000000,0
1531213071107,1531213071101,3488547,0.00002452,42.00000000,1
1531213072645,1531213072640,3488548,0.00002450,15.00000000,1
1531213073940,1531213073936,3488549,0.00002453,7.00000000,0
1531213074545,1531213074541,3488550,0.00002451,60.00000000,0
1531213077155,1531213077152,3488551,0.00002451,53.00000000,0
1531213077918,1531213077915,3488552,0.00002451,60.00000000,0
1531213084028,1531213084024,3488553,0.00002451,648.00000000,1
1531213087396,1531213087391,3488554,0.00002451,108.00000000,1
1531213090596,1531213090593,3488555,0.00002450,47.00000000,1
1531213104900,1531213104896,3488556,0.00002450,288.00000000,1
1531213111953,1531213111948,3488557,0.00002450,1033.00000000,1
1531213115719,1531213115714,3488558,0.00002450,1033.00000000,0
1531213115734,1531213115730,3488559,0.00002451,372.00000000,0
1531213123095,1531213123090,3488560,0.00002451,42.00000000,1
1531213134875,1531213134870,3488561,0.00002451,66.00000000,1
1531213144683,1531213144678,3488562,0.00002451,1346.00000000,0
1531213174747,1531213174741,3488563,0.00002451,774.00000000,0
1531213174760,1531213174754,3488564,0.00002453,45.00000000,0
1531213174780,1531213174776,3488565,0.00002453,391.00000000,0
1531213204643,1531213204639,3488566,0.00002453,1487.00000000,0
1531213219230,1531213219225,3488567,0.00002453,396.00000000,1
1531213222860,1531213222854,3488568,0.00002450,33.00000000,1
1531213231028,1531213231024,3488569,0.00002450,2017.00000000,1
1531213232038,1531213232034,3488570,0.00002449,82.00000000,1
1531213232661,1531213232656,3488571,0.00002451,937.00000000,0
1531213232855,1531213232850,3488572,0.00002451,937.00000000,0
1531213233056,1531213233050,3488573,0.00002451,937.00000000,0
1531213233571,1531213233565,3488574,0.00002451,937.00000000,0
1531213233762,1531213233755,3488575,0.00002451,937.00000000,0
1531213233911,1531213233899,3488576,0.00002448,41.00000000,1
1531213233935,1531213233930,3488577,0.00002439,168.00000000,0
1531213233949,1531213233945,3488578,0.00002451,937.00000000,0
1531213234131,1531213234128,3488579,0.00002451,937.00000000,0
1531213234330,1531213234325,3488580,0.00002451,937.00000000,0
1531213234523,1531213234519,3488581,0.00002451,937.00000000,0
1531213234716,1531213234711,3488582,0.00002451,937.00000000,0
1531213234907,1531213234902,3488583,0.00002451,113.00000000,0
1531213235179,1531213235174,3488584,0.00002454,1.00000000,0
1531213243459,1531213243456,3488585,0.00002454,8037.00000000,0
1531213265830,1531213265826,3488586,0.00002457,134.00000000,1
1531213266197,1531213266192,3488587,0.00002457,322.00000000,1
1531213267204,1531213267200,3488588,0.00002457,271.00000000,1
1531213306808,1531213306803,3488589,0.00002453,228.00000000,1
1531213322833,1531213322829,3488590,0.00002454,228.00000000,0
1531213339207,1531213339202,3488591,0.00002456,362.00000000,1
1531213374578,1531213374573,3488592,0.00002454,669.00000000,1
1531213374604,1531213374598,3488593,0.00002454,1078.00000000,1
1531213386303,1531213386298,3488594,0.00002453,42.00000000,1
1531213400095,1531213400090,3488595,0.00002454,282.00000000,1
1531213400112,1531213400107,3488596,0.00002454,41.00000000,1
1531213420109,1531213420104,3488597,0.00002456,3383.00000000,0
1531213420121,1531213420117,3488598,0.00002454,859.00000000,1
1531213420131,1531213420126,3488599,0.00002454,1332.00000000,1
1531213460695,1531213460689,3488600,0.00002454,113.00000000,1
1531213475712,1531213475707,3488601,0.00002456,2297.00000000,0
1531213475723,1531213475718,3488602,0.00002454,919.00000000,1
1531213510847,1531213510843,3488603,0.00002453,235.00000000,1
1531213511679,1531213511674,3488604,0.00002453,271.00000000,1
1531213511762,1531213511756,3488605,0.00002453,1048.00000000,1
1531213515385,1531213515381,3488606,0.00002449,237.00000000,0
1531213529023,1531213529019,3488607,0.00002451,363.00000000,0
1531213534298,1531213534293,3488608,0.00002450,651.00000000,0
1531213534311,1531213534307,3488609,0.00002451,3.00000000,0
1531213550439,1531213550436,3488610,0.00002455,764.00000000,1
1531213551691,1531213551686,3488611,0.00002454,288.00000000,1
1531213560681,1531213560677,3488612,0.00002465,8.00000000,0
1531213579942,1531213579936,3488613,0.00002459,117.00000000,0
1531213624938,1531213624933,3488614,0.00002455,1560.00000000,0
1531213624955,1531213624950,3488615,0.00002459,975.00000000,0
1531213671000,1531213670996,3488616,0.00002453,1449.00000000,1
1531213677246,1531213677242,3488617,0.00002457,1221.00000000,0
1531213711977,1531213711972,3488618,0.00002453,163.00000000,1
1531213715571,1531213715567,3488619,0.00002453,539.00000000,1
1531213715596,1531213715592,3488620,0.00002454,1109.00000000,0
1531213715614,1531213715609,3488621,0.00002454,241.00000000,0
1531213723395,1531213723390,3488622,0.00002453,912.00000000,1
1531213746129,1531213746125,3488623,0.00002451,573.00000000,0
1531213746138,1531213746133,3488624,0.00002450,867.00000000,1
1531213746160,1531213746156,3488625,0.00002450,521.00000000,1
1531213746230,1531213746225,3488626,0.00002452,763.00000000,0
1531213748429,1531213748425,3488627,0.00002452,1.00000000,0
1531213750622,1531213750618,3488628,0.00002453,697.00000000,0
1531213810461,1531213810458,3488629,0.00002466,996.00000000,0
1531213810474,1531213810469,3488630,0.00002462,1194.00000000,1
1531213810489,1531213810485,3488631,0.00002462,586.00000000,1
1531213879798,1531213879794,3488632,0.00002454,1151.00000000,1
1531213879818,1531213879814,3488633,0.00002454,796.00000000,1
1531213911995,1531213911991,3488634,0.00002457,947.00000000,0
1531213912007,1531213912004,3488635,0.00002454,606.00000000,1
1531213912018,1531213912013,3488636,0.00002454,764.00000000,1
1531213925268,1531213925262,3488637,0.00002453,81.00000000,1
1531213962384,1531213962380,3488638,0.00002452,94.00000000,1
1531213962384,1531213962380,3488639,0.00002442,85.00000000,1
1531214001253,1531214001249,3488640,0.00002454,1334.00000000,0
1531214001272,1531214001266,3488641,0.00002449,259.00000000,1
1531214001291,1531214001286,3488642,0.00002449,556.00000000,1
1531214051814,1531214051810,3488643,0.00002450,987.00000000,1
1531214089469,1531214089465,3488644,0.00002449,618.00000000,1
1531214089485,1531214089480,3488645,0.00002449,1092.00000000,1
1531214120406,1531214120401,3488646,0.00002451,1124.00000000,1
1531214163561,1531214163557,3488647,0.00002450,826.00000000,1
1531214195893,1531214195887,3488648,0.00002453,918.00000000,0
1531214195909,1531214195905,3488649,0.00002450,787.00000000,1
1531214195939,1531214195933,3488650,0.00002450,499.00000000,1
1531214214219,1531214214215,3488651,0.00002453,59.00000000,0
1531214214239,1531214214235,3488652,0.00002450,970.00000000,1
1531214214258,1531214214255,3488653,0.00002450,41.00000000,1
1531214256738,1531214256734,3488654,0.00002451,406.00000000,1
1531214275288,1531214275284,3488655,0.00002453,470.00000000,0
1531214275300,1531214275295,3488656,0.00002451,41.00000000,1
1531214275318,1531214275314,3488657,0.00002451,341.00000000,1
1531214285539,1531214285535,3488658,0.00002451,483.00000000,1
1531214310022,1531214310016,3488659,0.00002453,1101.00000000,0
1531214310041,1531214310037,3488660,0.00002451,463.00000000,1
1531214332244,1531214332239,3488661,0.00002453,2197.00000000,0
1531214332256,1531214332252,3488662,0.00002453,654.00000000,1
1531214332256,1531214332252,3488663,0.00002451,191.00000000,1
1531214344630,1531214344626,3488664,0.00002451,1317.00000000,1
1531214344648,1531214344644,3488665,0.00002451,195.00000000,1
1531214392716,1531214392710,3488666,0.00002450,137.00000000,1
1531214423220,1531214423217,3488667,0.00002450,888.00000000,1
1531214423398,1531214423391,3488668,0.00002449,697.00000000,1
1531214427280,1531214427276,3488669,0.00002449,119.00000000,1
1531214444270,1531214444265,3488670,0.00002449,61.00000000,0
1531214461031,1531214461028,3488671,0.00002449,24.00000000,0
1531214469373,1531214469370,3488672,0.00002450,409.00000000,0
1531214477422,1531214477418,3488673,0.00002449,200.00000000,1
1531214487916,1531214487912,3488674,0.00002445,1621.00000000,0
1531214487925,1531214487919,3488675,0.00002441,954.00000000,1
1531214553140,1531214553137,3488676,0.00002440,188.00000000,1
1531214558036,1531214558033,3488677,0.00002439,900.00000000,1
1531214560036,1531214560032,3488678,0.00002438,52.00000000,1
1531214564260,1531214564256,3488679,0.00002434,42.00000000,1
1531214566300,1531214566296,3488680,0.00002432,83.00000000,1
1531214567195,1531214567191,3488681,0.00002436,641.00000000,0
1531214568084,1531214568079,3488682,0.00002431,105.00000000,0
1531214574161,1531214574156,3488683,0.00002431,56.00000000,0
1531214574357,1531214574352,3488684,0.00002441,16.00000000,0
1531214574437,1531214574433,3488685,0.00002441,21.00000000,0
1531214574484,1531214574480,3488686,0.00002441,9.00000000,0
1531214574596,1531214574593,3488687,0.00002441,57.00000000,0
1531214574697,1531214574692,3488688,0.00002441,49.00000000,0
1531214579544,1531214579539,3488689,0.00002432,203.00000000,1
1531214585599,1531214585595,3488690,0.00002432,1274.00000000,1
1531214585622,1531214585618,3488691,0.00002432,190.00000000,1
1531214586987,1531214586982,3488692,0.00002431,1055.00000000,0
1531214589701,1531214589696,3488693,0.00002430,42.00000000,1
1531214589701,1531214589696,3488694,0.00002426,104.00000000,1
1531214589701,1531214589696,3488695,0.00002425,1237.00000000,1
1531214589701,1531214589696,3488696,0.00002420,1672.00000000,1
1531214590563,1531214590558,3488697,0.00002420,779.00000000,1
1531214590563,1531214590558,3488698,0.00002419,203.00000000,1
1531214591500,1531214591496,3488699,0.00002429,240.00000000,0
1531214591691,1531214591686,3488700,0.00002430,187.00000000,0
1531214591691,1531214591686,3488701,0.00002431,1.00000000,0
1531214591691,1531214591686,3488702,0.00002432,203.00000000,0
1531214592966,1531214592961,3488703,0.00002423,307.00000000,1
1531214592966,1531214592961,3488704,0.00002422,84.00000000,1
1531214602384,1531214602380,3488705,0.00002424,4.00000000,1
1531214602869,1531214602864,3488706,0.00002424,387.00000000,1
1531214602889,1531214602885,3488707,0.00002421,386.00000000,0
1531214602903,1531214602898,3488708,0.00002427,84.00000000,0
1531214602903,1531214602898,3488709,0.00002428,79.00000000,0
1531214602903,1531214602898,3488710,0.00002432,57.00000000,0
1531214602903,1531214602898,3488711,0.00002441,50.00000000,0
1531214602903,1531214602898,3488712,0.00002449,116.00000000,0
1531214618401,1531214618396,3488713,0.00002430,42.00000000,1
1531214621216,1531214621211,3488714,0.00002430,93.00000000,1
1531214621216,1531214621211,3488715,0.00002425,293.00000000,1
1531214621758,1531214621754,3488716,0.00002426,391.00000000,1
1531214655315,1531214655311,3488717,0.00002440,135.00000000,0
1531214655315,1531214655311,3488718,0.00002441,324.00000000,0
1531214662251,1531214662246,3488719,0.00002433,203.00000000,1
1531214675867,1531214675863,3488720,0.00002437,375.00000000,0
1531214675882,1531214675877,3488721,0.00002434,133.00000000,1
1531214696134,1531214696130,3488722,0.00002441,2.00000000,0
1531214721902,1531214721897,3488723,0.00002440,25.00000000,0
1531214721924,1531214721920,3488724,0.00002440,118.00000000,0
1531214721944,1531214721939,3488725,0.00002440,971.00000000,0
1531214721967,1531214721962,3488726,0.00002441,21.00000000,0
1531214722110,1531214722105,3488727,0.00002441,332.00000000,0
1531214722502,1531214722498,3488728,0.00002441,23.00000000,0
1531214722700,1531214722696,3488729,0.00002441,24.00000000,0
1531214722892,1531214722888,3488730,0.00002441,17.00000000,0
1531214722936,1531214722932,3488731,0.00002441,24.00000000,0
1531214723372,1531214723367,3488732,0.00002441,18.00000000,0
1531214730463,1531214730458,3488733,0.00002440,25.00000000,1
1531214730479,1531214730475,3488734,0.00002440,3610.00000000,0
1531214730541,1531214730538,3488735,0.00002440,25.00000000,1
1531214734174,1531214734170,3488736,0.00002440,19.00000000,0
1531214734324,1531214734320,3488737,0.00002440,21.00000000,0
1531214756449,1531214756445,3488738,0.00002440,401.00000000,0
1531214767225,1531214767219,3488739,0.00002435,3240.00000000,0
1531214767237,1531214767233,3488740,0.00002440,530.00000000,0
1531214783097,1531214783093,3488741,0.00002440,466.00000000,1
1531214793530,1531214793526,3488742,0.00002439,27.00000000,0
1531214793610,1531214793606,3488743,0.00002439,32.00000000,0
1531214793746,1531214793742,3488744,0.00002439,19.00000000,0
1531214793829,1531214793825,3488745,0.00002439,46.00000000,0
1531214794018,1531214794014,3488746,0.00002439,17.00000000,0
1531214794089,1531214794085,3488747,0.00002439,24.00000000,0
1531214794161,1531214794157,3488748,0.00002439,40.00000000,0
1531214794226,1531214794222,3488749,0.00002439,25.00000000,0
1531214794572,1531214794567,3488750,0.00002439,21.00000000,0
1531214795299,1531214795294,3488751,0.00002439,23.00000000,0
1531214795958,1531214795955,3488752,0.00002433,563.00000000,0
1531214795977,1531214795974,3488753,0.00002439,97.00000000,0
1531214796800,1531214796794,3488754,0.00002439,274.00000000,1
1531214796800,1531214796794,3488755,0.00002425,204.00000000,1
1531214796800,1531214796794,3488756,0.00002422,261.00000000,1
1531214796800,1531214796794,3488757,0.00002421,382.00000000,1
1531214804436,1531214804430,3488758,0.00002423,47.00000000,1
1531214805801,1531214805797,3488759,0.00002432,11.00000000,0
1531214805849,1531214805846,3488760,0.00002432,10.00000000,0
1531214805903,1531214805899,3488761,0.00002432,22.00000000,0
1531214806054,1531214806050,3488762,0.00002432,33.00000000,0
1531214806054,1531214806050,3488763,0.00002434,41.00000000,0
1531214806249,1531214806245,3488764,0.00002434,25.00000000,0
1531214806352,1531214806348,3488765,0.00002434,19.00000000,0
1531214806389,1531214806384,3488766,0.00002434,25.00000000,0
1531214806462,1531214806457,3488767,0.00002434,18.00000000,0
1531214806617,1531214806613,3488768,0.00002434,18.00000000,0
1531214806681,1531214806677,3488769,0.00002434,24.00000000,0
1531214806911,1531214806907,3488770,0.00002434,10.00000000,0
1531214809887,1531214809881,3488771,0.00002434,5.00000000,0
1531214809887,1531214809881,3488772,0.00002440,28.00000000,0
1531214809938,1531214809934,3488773,0.00002440,29.00000000,0
1531214809947,1531214809944,3488774,0.00002440,20.00000000,0
1531214820913,1531214820908,3488775,0.00002425,42.00000000,1
1531214845456,1531214845452,3488776,0.00002430,251.00000000,1
1531214845456,1531214845452,3488777,0.00002426,366.00000000,1
1531214893273,1531214893269,3488778,0.00002427,589.00000000,1
1531214927299,1531214927294,3488779,0.00002432,1834.00000000,0
1531214927316,1531214927312,3488780,0.00002428,54.00000000,1
1531214927332,1531214927327,3488781,0.00002428,908.00000000,1
1531214952817,1531214952813,3488782,0.00002437,42.00000000,0
1531214960647,1531214960643,3488783,0.00002439,1175.00000000,0
1531214960663,1531214960660,3488784,0.00002438,42.00000000,1
1531214960686,1531214960681,3488785,0.00002438,717.00000000,1
1531214960890,1531214960886,3488786,0.00002440,74.00000000,0
1531214976661,1531214976658,3488787,0.00002441,1189.00000000,1
1531214976679,1531214976676,3488788,0.00002441,869.00000000,1
1531215006905,1531215006901,3488789,0.00002441,566.00000000,1
1531215006912,1531215006908,3488790,0.00002441,690.00000000,0
1531215006924,1531215006920,3488791,0.00002441,566.00000000,1
1531215026230,1531215026225,3488792,0.00002440,57.00000000,1
1531215028817,1531215028813,3488793,0.00002442,409.00000000,0
1531215036092,1531215036089,3488794,0.00002438,304.00000000,1
1531215102789,1531215102785,3488795,0.00002438,223.00000000,1
1531215102789,1531215102785,3488796,0.00002437,163.00000000,1
1531215102789,1531215102785,3488797,0.00002436,1614.00000000,1
1531215105338,1531215105334,3488798,0.00002439,41.00000000,0
1531215126292,1531215126288,3488799,0.00002441,2329.00000000,0
1531215126304,1531215126301,3488800,0.00002437,1120.00000000,1
1531215132144,1531215132140,3488801,0.00002444,9.00000000,0
1531215134220,1531215134215,3488802,0.00002440,2964.00000000,0
1531215134227,1531215134223,3488803,0.00002444,1444.00000000,0
1531215171507,1531215171503,3488804,0.00002444,9.00000000,1
1531215186143,1531215186139,3488805,0.00002438,1576.00000000,0
1531215186160,1531215186155,3488806,0.00002441,1213.00000000,0
1531215246943,1531215246938,3488807,0.00002437,805.00000000,1
1531215246967,1531215246962,3488808,0.00002437,1153.00000000,1
1531215257765,1531215257761,3488809,0.00002437,280.00000000,1
1531215257793,1531215257788,3488810,0.00002437,228.00000000,1
1531215291639,1531215291635,3488811,0.00002442,1192.00000000,0
1531215291651,1531215291647,3488812,0.00002438,501.00000000,1
1531215301533,1531215301528,3488813,0.00002437,497.00000000,1
1531215301557,1531215301554,3488814,0.00002437,1347.00000000,1
1531215321099,1531215321096,3488815,0.00002436,663.00000000,1
1531215362215,1531215362211,3488816,0.00002433,704.00000000,0
1531215362223,1531215362219,3488817,0.00002430,1141.00000000,1
1531215362240,1531215362236,3488818,0.00002430,261.00000000,1
1531215393223,1531215393219,3488819,0.00002426,407.00000000,1
1531215438470,1531215438467,3488820,0.00002426,381.00000000,1
1531215490296,1531215490290,3488821,0.00002426,940.00000000,1
1531215490328,1531215490313,3488822,0.00002426,792.00000000,1
1531215551477,1531215551474,3488823,0.00002434,245.00000000,0
1531215575149,1531215575146,3488824,0.00002431,297.00000000,0
1531215575161,1531215575158,3488825,0.00002427,1350.00000000,1
1531215575175,1531215575171,3488826,0.00002427,186.00000000,1
1531215586905,1531215586901,3488827,0.00002427,124.00000000,0
1531215586923,1531215586919,3488828,0.00002427,650.00000000,0
1531215586984,1531215586980,3488829,0.00002427,650.00000000,0
1531215587111,1531215587107,3488830,0.00002426,96.00000000,1
1531215587133,1531215587128,3488831,0.00002427,1212.00000000,0
1531215595182,1531215595179,3488832,0.00002423,313.00000000,1
1531215595202,1531215595197,3488833,0.00002423,835.00000000,1
1531215600765,1531215600761,3488834,0.00002423,81.00000000,0
1531215601664,1531215601661,3488835,0.00002422,313.00000000,0
1531215605697,1531215605693,3488836,0.00002421,870.00000000,1
1531215607785,1531215607780,3488837,0.00002427,466.00000000,0
1531215607785,1531215607780,3488838,0.00002435,185.00000000,0
1531215626111,1531215626106,3488839,0.00002436,286.00000000,1
1531215629449,1531215629446,3488840,0.00002435,271.00000000,1
1531215665491,1531215665486,3488841,0.00002430,211.00000000,0
1531215665503,1531215665498,3488842,0.00002425,73.00000000,1
1531215670065,1531215670061,3488843,0.00002435,46.00000000,0
1531215689085,1531215689081,3488844,0.00002434,223.00000000,0
1531215689097,1531215689093,3488845,0.00002434,1287.00000000,0
1531215694654,1531215694650,3488846,0.00002428,1039.00000000,0
1531215694660,1531215694656,3488847,0.00002434,1208.00000000,0
1531215694683,1531215694679,3488848,0.00002434,912.00000000,0
1531215716463,1531215716458,3488849,0.00002429,1414.00000000,0
1531215716475,1531215716471,3488850,0.00002424,895.00000000,1
1531215739320,1531215739315,3488851,0.00002434,1096.00000000,0
1531215739340,1531215739335,3488852,0.00002434,1334.00000000,0
1531215759037,1531215759031,3488853,0.00002424,98.00000000,1
1531215759037,1531215759031,3488854,0.00002423,1730.00000000,1
1531215759037,1531215759031,3488855,0.00002420,12019.00000000,1
1531215774388,1531215774383,3488856,0.00002421,98.00000000,0
1531215774388,1531215774383,3488857,0.00002422,864.00000000,0
1531215774933,1531215774929,3488858,0.00002422,421.00000000,0
1531215776485,1531215776481,3488859,0.00002420,161.00000000,1
1531215776815,1531215776811,3488860,0.00002420,730.00000000,1
1531215780931,1531215780927,3488861,0.00002419,596.00000000,1
1531215801785,1531215801780,3488862,0.00002420,117.00000000,1
1531215807620,1531215807615,3488863,0.00002433,123.00000000,0
1531215817885,1531215817881,3488864,0.00002426,200.00000000,0
1531215817899,1531215817894,3488865,0.00002420,137.00000000,1
1531215824752,1531215824746,3488866,0.00002420,80.00000000,1
1531215846318,1531215846314,3488867,0.00002424,3427.00000000,0
1531215846334,1531215846330,3488868,0.00002420,1059.00000000,1
1531215846354,1531215846350,3488869,0.00002420,1382.00000000,1
1531215857476,1531215857473,3488870,0.00002424,1067.00000000,0
1531215857485,1531215857480,3488871,0.00002420,936.00000000,1
1531215890015,1531215890011,3488872,0.00002423,822.00000000,0
1531215890058,1531215890055,3488873,0.00002420,374.00000000,1
1531215934825,1531215934822,3488874,0.00002422,2150.00000000,0
1531215934834,1531215934831,3488875,0.00002420,1144.00000000,1
1531215938591,1531215938587,3488876,0.00002419,53.00000000,1
1531215939500,1531215939496,3488877,0.00002419,53.00000000,1
1531215940403,1531215940399,3488878,0.00002419,53.00000000,1
1531215941446,1531215941442,3488879,0.00002419,53.00000000,1
1531215942347,1531215942343,3488880,0.00002419,53.00000000,1
1531215943253,1531215943249,3488881,0.00002419,53.00000000,1
1531215944150,1531215944146,3488882,0.00002419,53.00000000,1
1531215945191,1531215945187,3488883,0.00002420,53.00000000,1
1531215946082,1531215946078,3488884,0.00002420,53.00000000,1
1531215948133,1531215948129,3488885,0.00002420,53.00000000,1
1531215951347,1531215951343,3488886,0.00002422,2595.00000000,0
1531215951359,1531215951355,3488887,0.00002420,871.00000000,1
1531215952377,1531215952374,3488888,0.00002419,80.00000000,1
1531215958500,1531215958495,3488889,0.00002419,10.00000000,1
1531215968768,1531215968762,3488890,0.00002419,29.00000000,1
1531215975164,1531215975159,3488891,0.00002420,159.00000000,0
1531215977366,1531215977361,3488892,0.00002419,250.00000000,1
1531215980197,1531215980194,3488893,0.00002426,11.00000000,0
1531216010636,1531216010633,3488894,0.00002421,142.00000000,1
1531216012653,1531216012647,3488895,0.00002426,1764.00000000,0
1531216012663,1531216012660,3488896,0.00002421,908.00000000,1
1531216055492,1531216055488,3488897,0.00002420,761.00000000,1
1531216055514,1531216055511,3488898,0.00002420,1400.00000000,1
1531216055525,1531216055520,3488899,0.00002421,142.00000000,0
1531216058775,1531216058771,3488900,0.00002421,110.00000000,1
1531216061525,1531216061519,3488901,0.00002432,321.00000000,0
1531216061525,1531216061519,3488902,0.00002435,128.00000000,0
1531216071780,1531216071775,3488903,0.00002421,287.00000000,1
1531216085703,1531216085700,3488904,0.00002427,848.00000000,0
1531216085721,1531216085716,3488905,0.00002422,530.00000000,1
1531216085745,1531216085740,3488906,0.00002421,511.00000000,1
1531216104276,1531216104272,3488907,0.00002419,210.00000000,1
1531216121403,1531216121399,3488908,0.00002418,1249.00000000,1
1531216123183,1531216123180,3488909,0.00002418,2167.00000000,1
1531216124191,1531216124187,3488910,0.00002417,1955.00000000,1
1531216126133,1531216126129,3488911,0.00002416,80.00000000,1
1531216126133,1531216126129,3488912,0.00002414,44.00000000,1
1531216129595,1531216129590,3488913,0.00002414,14.00000000,1
1531216129595,1531216129590,3488914,0.00002413,42.00000000,1
1531216129595,1531216129590,3488915,0.00002410,72.00000000,1
1531216135132,1531216135127,3488916,0.00002413,52.00000000,0
1531216141060,1531216141055,3488917,0.00002410,133.00000000,1
1531216142010,1531216142005,3488918,0.00002410,173.00000000,1
1531216156085,1531216156081,3488919,0.00002410,205.00000000,1
1531216157201,1531216157196,3488920,0.00002410,389.00000000,1
1531216163941,1531216163936,3488921,0.00002411,609.00000000,0
1531216163958,1531216163953,3488922,0.00002413,484.00000000,0
1531216164900,1531216164896,3488923,0.00002414,400.00000000,0
1531216164900,1531216164896,3488924,0.00002424,47.00000000,0
1531216190688,1531216190684,3488925,0.00002423,1493.00000000,0
1531216194291,1531216194287,3488926,0.00002411,42.00000000,1
1531216199147,1531216199126,3488927,0.00002416,1150.00000000,0
1531216199147,1531216199136,3488928,0.00002421,115.00000000,0
1531216199162,1531216199158,3488929,0.00002421,496.00000000,0
1531216201163,1531216201159,3488930,0.00002410,659.00000000,1
1531216209432,1531216209428,3488931,0.00002423,270.00000000,0
1531216216909,1531216216905,3488932,0.00002423,112.00000000,0
1531216330039,1531216330035,3488933,0.00002416,41.00000000,0
1531216401086,1531216401081,3488934,0.00002412,221.00000000,0
1531216514021,1531216514016,3488935,0.00002412,82.00000000,1
1531216524474,1531216524470,3488936,0.00002411,1509.00000000,1
1531216576220,1531216576216,3488937,0.00002411,1036.00000000,1
1531216687224,1531216687220,3488938,0.00002412,83.00000000,0
1531216737097,1531216737093,3488939,0.00002430,205.00000000,0
1531216741289,1531216741286,3488940,0.00002412,40.00000000,1
1531216745724,1531216745719,3488941,0.00002421,168.00000000,0
1531216745746,1531216745742,3488942,0.00002429,68.00000000,0
1531216814013,1531216814009,3488943,0.00002420,66.00000000,1
1531216816126,1531216816123,3488944,0.00002413,66.00000000,1
1531216817027,1531216817023,3488945,0.00002414,66.00000000,1
1531216817934,1531216817930,3488946,0.00002414,66.00000000,1
1531216818827,1531216818824,3488947,0.00002411,66.00000000,1
1531216819730,1531216819725,3488948,0.00002411,66.00000000,1
1531216820460,1531216820456,3488949,0.00002411,9.00000000,1
1531216820624,1531216820619,3488950,0.00002411,66.00000000,1
1531216821532,1531216821528,3488951,0.00002411,66.00000000,1
1531216822426,1531216822422,3488952,0.00002411,66.00000000,1
1531216823322,1531216823318,3488953,0.00002411,66.00000000,1
1531216830100,1531216830095,3488954,0.00002412,26.00000000,1
1531216866996,1531216866992,3488955,0.00002421,1.00000000,0
1531216871679,1531216871673,3488956,0.00002421,484.00000000,0
1531216871679,1531216871673,3488957,0.00002429,415.00000000,0
1531216871679,1531216871673,3488958,0.00002434,66.00000000,0
1531216871679,1531216871673,3488959,0.00002435,207.00000000,0
1531216871679,1531216871673,3488960,0.00002436,117.00000000,0
1531216871679,1531216871673,3488961,0.00002445,1892.00000000,0
1531216871679,1531216871673,3488962,0.00002446,293.00000000,0
1531216871679,1531216871673,3488963,0.00002447,170.00000000,0
1531216871679,1531216871673,3488964,0.00002448,1362.00000000,0
1531216871745,1531216871740,3488965,0.00002448,411.00000000,0
1531216900712,1531216900707,3488966,0.00002428,16.00000000,1
1531216901244,1531216901239,3488967,0.00002428,12.00000000,1
1531216901810,1531216901807,3488968,0.00002428,17.00000000,1
1531216902388,1531216902384,3488969,0.00002422,52.00000000,1
1531216902943,1531216902938,3488970,0.00002423,19.00000000,1
1531216903508,1531216903504,3488971,0.00002423,26.00000000,1
1531216904242,1531216904237,3488972,0.00002423,32.00000000,1
1531216904980,1531216904976,3488973,0.00002423,14.00000000,1
1531216905702,1531216905697,3488974,0.00002424,27.00000000,1
1531216906179,1531216906172,3488975,0.00002441,91.00000000,0
1531216906179,1531216906172,3488976,0.00002442,45.00000000,0
1531216906179,1531216906172,3488977,0.00002443,2459.00000000,0
1531216906179,1531216906172,3488978,0.00002444,13817.00000000,0
1531216906602,1531216906598,3488979,0.00002421,23.00000000,1
1531216907221,1531216907216,3488980,0.00002422,24.00000000,1
1531216907830,1531216907826,3488981,0.00002422,40.00000000,1
1531216908347,1531216908344,3488982,0.00002423,24.00000000,1
1531216908816,1531216908811,3488983,0.00002423,92.00000000,1
1531216909233,1531216909228,3488984,0.00002423,25.00000000,1
1531216909845,1531216909841,3488985,0.00002423,42.00000000,1
1531216910432,1531216910427,3488986,0.00002430,29.00000000,1
1531216910976,1531216910948,3488987,0.00002432,21.00000000,1
1531216911732,1531216911726,3488988,0.00002432,20.00000000,1
1531216912372,1531216912369,3488989,0.00002433,77.00000000,1
1531216912840,1531216912837,3488990,0.00002433,13.00000000,1
1531216913420,1531216913417,3488991,0.00002432,25.00000000,1
1531216913986,1531216913982,3488992,0.00002432,23.00000000,1
1531216914627,1531216914623,3488993,0.00002432,9.00000000,1
1531216914627,1531216914623,3488994,0.00002430,102.00000000,1
1531216915098,1531216915093,3488995,0.00002430,26.00000000,1
1531216915525,1531216915520,3488996,0.00002430,19.00000000,1
1531216916018,1531216916011,3488997,0.00002430,25.00000000,1
1531216916705,1531216916702,3488998,0.00002430,39.00000000,1
1531216917473,1531216917468,3488999,0.00002430,18.00000000,1
1531216918142,1531216918137,3489000,0.00002430,24.00000000,1
1531216918897,1531216918893,3489001,0.00002430,30.00000000,1
1531216919450,1531216919445,3489002,0.00002430,113.00000000,1
1531216920060,1531216920056,3489003,0.00002430,25.00000000,1
1531216920601,1531216920597,3489004,0.00002430,19.00000000,1
1531216921226,1531216921221,3489005,0.00002430,38.00000000,1
1531216921710,1531216921705,3489006,0.00002430,11.00000000,1
1531216922503,1531216922499,3489007,0.00002430,47.00000000,1
1531216923953,1531216923949,3489008,0.00002430,24.00000000,1
1531216924579,1531216924574,3489009,0.00002435,98.00000000,0
1531216925660,1531216925655,3489010,0.00002430,24.00000000,1
1531216927490,1531216927487,3489011,0.00002430,32.00000000,1
1531216946414,1531216946409,3489012,0.00002431,83.00000000,1
1531216948877,1531216948873,3489013,0.00002433,90.00000000,0
1531216948877,1531216948873,3489014,0.00002435,781.00000000,0
1531216949130,1531216949124,3489015,0.00002435,401.00000000,0
1531216949205,1531216949200,3489016,0.00002435,430.00000000,1
1531216952690,1531216952685,3489017,0.00002435,220.00000000,1
1531216955200,1531216955195,3489018,0.00002435,64.00000000,1
1531216965508,1531216965505,3489019,0.00002435,10.00000000,1
1531216965879,1531216965873,3489020,0.00002435,57.00000000,1
1531216966047,1531216966042,3489021,0.00002430,22.00000000,1
1531216966898,1531216966893,3489022,0.00002430,9.00000000,1
1531216967618,1531216967613,3489023,0.00002430,38.00000000,1
1531216968191,1531216968186,3489024,0.00002430,63.00000000,1
1531216968996,1531216968991,3489025,0.00002430,15.00000000,1
1531216969630,1531216969626,3489026,0.00002430,23.00000000,1
1531216970424,1531216970419,3489027,0.00002430,75.00000000,1
1531216970952,1531216970948,3489028,0.00002430,19.00000000,1
1531216971635,1531216971630,3489029,0.00002430,48.00000000,1
1531216972166,1531216972161,3489030,0.00002430,46.00000000,1
1531216973072,1531216973069,3489031,0.00002430,16.00000000,1
1531216973733,1531216973727,3489032,0.00002430,18.00000000,1
1531216974313,1531216974308,3489033,0.00002430,20.00000000,1
1531216975040,1531216975037,3489034,0.00002430,15.00000000,1
1531216975774,1531216975768,3489035,0.00002430,19.00000000,1
1531216976554,1531216976550,3489036,0.00002430,17.00000000,1
1531216976966,1531216976962,3489037,0.00002430,24.00000000,1
1531216976997,1531216976992,3489038,0.00002430,2611.00000000,1
1531216977783,1531216977779,3489039,0.00002430,26.00000000,1
1531216978456,1531216978452,3489040,0.00002430,29.00000000,1
1531216978976,1531216978971,3489041,0.00002430,27.00000000,1
1531216979447,1531216979443,3489042,0.00002430,131.00000000,1
1531216980164,1531216980160,3489043,0.00002430,19.00000000,1
1531216980892,1531216980887,3489044,0.00002431,17.00000000,1
1531216981718,1531216981715,3489045,0.00002431,38.00000000,1
1531216982309,1531216982305,3489046,0.00002431,20.00000000,1
1531216982923,1531216982919,3489047,0.00002431,10.00000000,1
1531216983588,1531216983584,3489048,0.00002431,22.00000000,1
1531216984108,1531216984103,3489049,0.00002431,22.00000000,1
1531216984645,1531216984642,3489050,0.00002431,334.00000000,1
1531216985548,1531216985544,3489051,0.00002431,10.00000000,1
1531216986037,1531216986032,3489052,0.00002431,24.00000000,1
1531216986669,1531216986666,3489053,0.00002431,11.00000000,1
1531216987184,1531216987180,3489054,0.00002432,3713.00000000,0
1531216987200,1531216987196,3489055,0.00002431,546.00000000,1
1531216987212,1531216987206,3489056,0.00002431,755.00000000,1
1531216987402,1531216987396,3489057,0.00002430,21.00000000,1
1531216987964,1531216987961,3489058,0.00002430,97.00000000,1
1531216988485,1531216988481,3489059,0.00002430,21.00000000,1
1531216989376,1531216989370,3489060,0.00002430,18.00000000,1
1531216989600,1531216989597,3489061,0.00002430,83.00000000,1
1531216990073,1531216990068,3489062,0.00002430,21.00000000,1
1531216991655,1531216991650,3489063,0.00002430,23.00000000,1
1531217014812,1531217014806,3489064,0.00002431,508.00000000,0
1531217031174,1531217031170,3489065,0.00002443,315.00000000,0
1531217045516,1531217045510,3489066,0.00002437,241.00000000,0
1531217045535,1531217045531,3489067,0.00002442,115.00000000,0
1531217047589,1531217047584,3489068,0.00002432,24.00000000,1
1531217050600,1531217050595,3489069,0.00002432,77.00000000,1
1531217050600,1531217050595,3489070,0.00002430,5.00000000,1
1531217052683,1531217052679,3489071,0.00002430,19.00000000,1
1531217053657,1531217053653,3489072,0.00002430,11.00000000,1
1531217054466,1531217054461,3489073,0.00002430,19.00000000,1
1531217055670,1531217055667,3489074,0.00002430,19.00000000,1
1531217056279,1531217056275,3489075,0.00002431,63.00000000,1
1531217056840,1531217056837,3489076,0.00002431,11.00000000,1
1531217057450,1531217057445,3489077,0.00002430,32.00000000,1
1531217057967,1531217057962,3489078,0.00002430,128.00000000,1
1531217058664,1531217058660,3489079,0.00002430,33.00000000,1
1531217059270,1531217059265,3489080,0.00002430,9.00000000,1
1531217059739,1531217059735,3489081,0.00002430,17.00000000,1
1531217060272,1531217060266,3489082,0.00002430,43.00000000,1
1531217060934,1531217060929,3489083,0.00002430,19.00000000,1
1531217061510,1531217061505,3489084,0.00002430,24.00000000,1
1531217062108,1531217062104,3489085,0.00002430,34.00000000,1
1531217062763,1531217062760,3489086,0.00002430,25.00000000,1
1531217063265,1531217063259,3489087,0.00002430,20.00000000,1
1531217063916,1531217063912,3489088,0.00002430,20.00000000,1
1531217064321,1531217064317,3489089,0.00002430,11.00000000,1
1531217064753,1531217064749,3489090,0.00002430,18.00000000,1
1531217065610,1531217065605,3489091,0.00002430,35.00000000,1
1531217065879,1531217065874,3489092,0.00002430,20.00000000,1
1531217065980,1531217065977,3489093,0.00002430,2832.00000000,1
1531217066657,1531217066652,3489094,0.00002430,74.00000000,1
1531217067224,1531217067220,3489095,0.00002430,21.00000000,1
1531217067496,1531217067491,3489096,0.00002430,92.00000000,1
1531217067496,1531217067491,3489097,0.00002418,367.00000000,1
1531217067839,1531217067834,3489098,0.00002418,21.00000000,1
1531217068443,1531217068439,3489099,0.00002418,9.00000000,1
1531217068951,1531217068946,3489100,0.00002419,42.00000000,1
1531217068951,1531217068946,3489101,0.00002418,31.00000000,1
1531217069643,1531217069638,3489102,0.00002418,23.00000000,1
1531217070305,1531217070301,3489103,0.00002414,24.00000000,1
1531217070916,1531217070912,3489104,0.00002414,23.00000000,1
1531217071582,1531217071578,3489105,0.00002414,22.00000000,1
1531217072249,1531217072245,3489106,0.00002414,10.00000000,1
1531217072854,1531217072849,3489107,0.00002414,17.00000000,1
1531217073536,1531217073532,3489108,0.00002414,27.00000000,1
1531217074189,1531217074184,3489109,0.00002414,33.00000000,1
1531217074872,1531217074869,3489110,0.00002414,22.00000000,1
1531217112264,1531217112261,3489111,0.00002414,42.00000000,1
1531217113357,1531217113353,3489112,0.00002415,101.00000000,0
1531217122255,1531217122249,3489113,0.00002416,1429.00000000,1
1531217122279,1531217122275,3489114,0.00002416,65.00000000,1
1531217252579,1531217252573,3489115,0.00002420,509.00000000,1
1531217252601,1531217252597,3489116,0.00002420,1476.00000000,1
1531217287324,1531217287320,3489117,0.00002419,1288.00000000,1
1531217287339,1531217287335,3489118,0.00002419,281.00000000,1
1531217297064,1531217297060,3489119,0.00002420,212.00000000,0
1531217297082,1531217297079,3489120,0.00002422,310.00000000,0
1531217297097,1531217297094,3489121,0.00002422,100.00000000,0
1531217307204,1531217307201,3489122,0.00002421,101.00000000,0
1531217329987,1531217329983,3489123,0.00002420,2.00000000,1
1531217332178,1531217332174,3489124,0.00002421,2388.00000000,0
1531217332185,1531217332180,3489125,0.00002420,1114.00000000,1
1531217335556,1531217335552,3489126,0.00002420,2.00000000,0
1531217341035,1531217341030,3489127,0.00002421,734.00000000,1
1531217341060,1531217341056,3489128,0.00002421,960.00000000,1
1531217341080,1531217341075,3489129,0.00002421,574.00000000,1
1531217352352,1531217352348,3489130,0.00002420,2650.00000000,1
1531217361990,1531217361987,3489131,0.00002421,42.00000000,0
1531217384072,1531217384067,3489132,0.00002421,1388.00000000,1
1531217384092,1531217384087,3489133,0.00002421,1082.00000000,0
1531217384104,1531217384100,3489134,0.00002421,1388.00000000,1
1531217397322,1531217397317,3489135,0.00002422,1.00000000,0
1531217421280,1531217421275,3489136,0.00002420,1147.00000000,1
1531217421307,1531217421302,3489137,0.00002421,444.00000000,0
1531217421325,1531217421321,3489138,0.00002421,617.00000000,0
1531217441411,1531217441407,3489139,0.00002420,454.00000000,1
1531217441452,1531217441448,3489140,0.00002421,1167.00000000,0
1531217441468,1531217441464,3489141,0.00002421,303.00000000,0
1531217443458,1531217443445,3489142,0.00002420,647.00000000,1
1531217443458,1531217443445,3489143,0.00002419,200.00000000,1
1531217443458,1531217443445,3489144,0.00002418,3186.00000000,1
1531217443458,1531217443445,3489145,0.00002417,262.00000000,1
1531217443458,1531217443445,3489146,0.00002412,500.00000000,1
1531217443458,1531217443445,3489147,0.00002411,1734.00000000,1
1531217443458,1531217443445,3489148,0.00002410,153.00000000,1
1531217443458,1531217443445,3489149,0.00002403,42.00000000,1
1531217443458,1531217443445,3489150,0.00002402,2422.00000000,1
1531217443458,1531217443445,3489151,0.00002401,2332.00000000,1
1531217443458,1531217443445,3489152,0.00002400,3660.00000000,1
1531217443458,1531217443445,3489153,0.00002399,237.00000000,1
1531217443458,1531217443445,3489154,0.00002397,76.00000000,1
1531217443458,1531217443445,3489155,0.00002391,42.00000000,1
1531217443458,1531217443445,3489156,0.00002390,53.00000000,1
1531217443458,1531217443445,3489157,0.00002386,2448.00000000,1
1531217443458,1531217443445,3489158,0.00002382,1307.00000000,1
1531217443458,1531217443445,3489159,0.00002380,5552.00000000,1
1531217443458,1531217443445,3489160,0.00002379,1262.00000000,1
1531217443458,1531217443445,3489161,0.00002378,308.00000000,1
1531217443458,1531217443445,3489162,0.00002377,67.00000000,1
1531217443458,1531217443445,3489163,0.00002376,509.00000000,1
1531217443458,1531217443445,3489164,0.00002375,44.00000000,1
1531217443458,1531217443445,3489165,0.00002371,736.00000000,1
1531217443458,1531217443445,3489166,0.00002366,685.00000000,1
1531217443458,1531217443445,3489167,0.00002361,80.00000000,1
1531217443458,1531217443445,3489168,0.00002356,262.00000000,1
1531217443458,1531217443445,3489169,0.00002353,51.00000000,1
1531217443458,1531217443445,3489170,0.00002351,2031.00000000,1
1531217443460,1531217443445,3489171,0.00002351,27.00000000,1
1531217443460,1531217443445,3489172,0.00002350,1864.00000000,1
1531217443460,1531217443445,3489173,0.00002349,425.00000000,1
1531217443460,1531217443445,3489174,0.00002348,467.00000000,1
1531217443460,1531217443445,3489175,0.00002347,483.00000000,1
1531217443460,1531217443445,3489176,0.00002390,327.00000000,0
1531217443474,1531217443468,3489177,0.00002350,115.00000000,0
1531217443474,1531217443468,3489178,0.00002390,4384.00000000,0
1531217443483,1531217443479,3489179,0.00002390,361.00000000,0
1531217443486,1531217443483,3489180,0.00002390,4500.00000000,0
1531217443518,1531217443513,3489181,0.00002390,118.00000000,0
1531217443546,1531217443542,3489182,0.00002383,118.00000000,1
1531217443561,1531217443555,3489183,0.00002383,83.00000000,1
1531217444085,1531217444080,3489184,0.00002385,51.00000000,1
1531217445035,1531217445030,3489185,0.00002386,52.00000000,1
1531217445035,1531217445030,3489186,0.00002384,210.00000000,1
1531217445058,1531217445054,3489187,0.00002396,5.00000000,0
1531217445401,1531217445395,3489188,0.00002384,736.00000000,1
1531217445840,1531217445835,3489189,0.00002388,509.00000000,0
1531217446596,1531217446591,3489190,0.00002387,361.00000000,1
1531217446835,1531217446831,3489191,0.00002387,641.00000000,1
1531217447933,1531217447929,3489192,0.00002393,267.00000000,0
1531217448521,1531217448518,3489193,0.00002387,58.00000000,1
1531217449402,1531217449398,3489194,0.00002389,102.00000000,0
1531217449999,1531217449995,3489195,0.00002388,118.00000000,0
1531217450396,1531217450392,3489196,0.00002388,250.00000000,0
1531217450645,1531217450640,3489197,0.00002389,60.00000000,0
1531217450645,1531217450640,3489198,0.00002392,178.00000000,0
1531217450848,1531217450843,3489199,0.00002392,250.00000000,0
1531217451149,1531217451145,3489200,0.00002392,1140.00000000,0
1531217452657,1531217452652,3489201,0.00002396,870.00000000,0
1531217456163,1531217456158,3489202,0.00002387,81.00000000,1
1531217457005,1531217457001,3489203,0.00002387,81.00000000,1
1531217457814,1531217457809,3489204,0.00002388,436.00000000,0
1531217460809,1531217460805,3489205,0.00002388,64.00000000,0
1531217460809,1531217460805,3489206,0.00002389,67.00000000,0
1531217463979,1531217463975,3489207,0.00002389,194.00000000,0
1531217464228,1531217464224,3489208,0.00002389,192.00000000,0
1531217464784,1531217464780,3489209,0.00002389,231.00000000,0
1531217466217,1531217466213,3489210,0.00002387,205.00000000,1
1531217470635,1531217470630,3489211,0.00002387,21.00000000,1
1531217470635,1531217470630,3489212,0.00002383,312.00000000,1
1531217473752,1531217473748,3489213,0.00002383,246.00000000,1
1531217474824,1531217474819,3489214,0.00002387,80.00000000,0
1531217474824,1531217474819,3489215,0.00002388,14.00000000,0
1531217477714,1531217477708,3489216,0.00002383,16.00000000,1
1531217478789,1531217478784,3489217,0.00002381,376.00000000,1
1531217479176,1531217479171,3489218,0.00002381,336.00000000,1
1531217479176,1531217479171,3489219,0.00002374,17.00000000,1
1531217479184,1531217479180,3489220,0.00002374,376.00000000,1
1531217479713,1531217479709,3489221,0.00002374,353.00000000,1
1531217482256,1531217482252,3489222,0.00002375,96.00000000,0
1531217482411,1531217482407,3489223,0.00002375,104.00000000,0
1531217482718,1531217482713,3489224,0.00002375,47.00000000,0
1531217482856,1531217482852,3489225,0.00002377,103.00000000,0
1531217485512,1531217485507,3489226,0.00002376,56.00000000,1
1531217485535,1531217485530,3489227,0.00002374,220.00000000,1
1531217485585,1531217485580,3489228,0.00002374,126.00000000,1
1531217486626,1531217486622,3489229,0.00002374,146.00000000,1
1531217488993,1531217488987,3489230,0.00002381,31.00000000,0
1531217489075,1531217489071,3489231,0.00002381,23.00000000,0
1531217489132,1531217489128,3489232,0.00002381,18.00000000,0
1531217489490,1531217489485,3489233,0.00002375,1140.00000000,1
1531217491991,1531217491988,3489234,0.00002381,426.00000000,0
1531217491991,1531217491988,3489235,0.00002382,838.00000000,0
1531217495111,1531217495106,3489236,0.00002375,45.00000000,1
1531217498570,1531217498566,3489237,0.00002374,500.00000000,1
1531217499870,1531217499866,3489238,0.00002375,21.00000000,0
1531217504845,1531217504841,3489239,0.00002375,29.00000000,0
1531217504881,1531217504875,3489240,0.00002375,714.00000000,0
1531217506557,1531217506553,3489241,0.00002374,204.00000000,1
1531217506557,1531217506553,3489242,0.00002368,164.00000000,1
1531217508487,1531217508483,3489243,0.00002368,89.00000000,1
1531217509293,1531217509290,3489244,0.00002367,4.00000000,1
1531217509880,1531217509875,3489245,0.00002373,46.00000000,0
1531217511443,1531217511437,3489246,0.00002367,136.00000000,1
1531217512985,1531217512980,3489247,0.00002367,908.00000000,1
1531217513308,1531217513304,3489248,0.00002366,498.00000000,0
1531217516539,1531217516533,3489249,0.00002369,191.00000000,0
1531217521578,1531217521574,3489250,0.00002372,70.00000000,0
1531217525716,1531217525712,3489251,0.00002371,1084.00000000,1
1531217525727,1531217525723,3489252,0.00002371,421.00000000,0
1531217525745,1531217525740,3489253,0.00002371,374.00000000,1
1531217525765,1531217525761,3489254,0.00002371,710.00000000,1
1531217526521,1531217526518,3489255,0.00002372,429.00000000,0
1531217529725,1531217529721,3489256,0.00002372,1471.00000000,1
1531217529819,1531217529815,3489257,0.00002372,49.00000000,1
1531217532538,1531217532533,3489258,0.00002372,76.00000000,1
1531217535767,1531217535763,3489259,0.00002370,2311.00000000,1
1531217538790,1531217538787,3489260,0.00002373,23.00000000,0
1531217542919,1531217542915,3489261,0.00002365,1307.00000000,1
1531217548112,1531217548109,3489262,0.00002365,455.00000000,1
1531217550455,1531217550451,3489263,0.00002366,94.00000000,0
1531217550934,1531217550928,3489264,0.00002366,59.00000000,1
1531217550934,1531217550928,3489265,0.00002365,505.00000000,1
1531217550934,1531217550928,3489266,0.00002364,1769.00000000,1
1531217551570,1531217551566,3489267,0.00002370,43.00000000,0
1531217553851,1531217553847,3489268,0.00002374,20.00000000,0
1531217553917,1531217553911,3489269,0.00002374,23.00000000,0
1531217554045,1531217554040,3489270,0.00002374,16.00000000,0
1531217554107,1531217554102,3489271,0.00002374,14.00000000,0
1531217554238,1531217554233,3489272,0.00002374,40.00000000,0
1531217554376,1531217554371,3489273,0.00002374,92.00000000,0
1531217554494,1531217554491,3489274,0.00002374,29.00000000,0
1531217554545,1531217554540,3489275,0.00002374,19.00000000,0
1531217554545,1531217554540,3489276,0.00002375,4.00000000,0
1531217554746,1531217554742,3489277,0.00002375,27.00000000,0
1531217554768,1531217554764,3489278,0.00002375,25.00000000,0
1531217554857,1531217554854,3489279,0.00002375,52.00000000,0
1531217554889,1531217554885,3489280,0.00002375,26.00000000,0
1531217554977,1531217554972,3489281,0.00002375,42.00000000,0
1531217555048,1531217555042,3489282,0.00002375,24.00000000,0
1531217555095,1531217555091,3489283,0.00002375,77.00000000,0
1531217555168,1531217555162,3489284,0.00002375,19.00000000,0
1531217555292,1531217555288,3489285,0.00002375,48.00000000,0
1531217555366,1531217555362,3489286,0.00002375,25.00000000,0
1531217559848,1531217559843,3489287,0.00002375,248.00000000,0
1531217561233,1531217561228,3489288,0.00002375,80.00000000,0
1531217561713,1531217561708,3489289,0.00002375,22.00000000,0
1531217561758,1531217561754,3489290,0.00002375,33.00000000,0
1531217561816,1531217561810,3489291,0.00002375,27.00000000,0
1531217561993,1531217561989,3489292,0.00002375,17.00000000,0
1531217562153,1531217562149,3489293,0.00002375,10.00000000,0
1531217562221,1531217562215,3489294,0.00002375,22.00000000,0
1531217562294,1531217562289,3489295,0.00002375,23.00000000,0
1531217562331,1531217562327,3489296,0.00002375,24.00000000,0
1531217562387,1531217562383,3489297,0.00002375,23.00000000,0
1531217562432,1531217562428,3489298,0.00002375,73.00000000,0
1531217562494,1531217562489,3489299,0.00002375,9.00000000,0
1531217562530,1531217562527,3489300,0.00002375,21.00000000,0
1531217562619,1531217562615,3489301,0.00002375,459.00000000,0
1531217562656,1531217562652,3489302,0.00002375,21.00000000,0
1531217562836,1531217562832,3489303,0.00002375,20.00000000,0
1531217563033,1531217563029,3489304,0.00002375,18.00000000,0
1531217563080,1531217563075,3489305,0.00002375,11.00000000,0
1531217563139,1531217563136,3489306,0.00002375,20.00000000,0
1531217563196,1531217563192,3489307,0.00002375,34.00000000,0
1531217563283,1531217563278,3489308,0.00002375,19.00000000,0
1531217563506,1531217563502,3489309,0.00002375,17.00000000,0
1531217563574,1531217563571,3489310,0.00002375,9.00000000,0
1531217563583,1531217563578,3489311,0.00002375,43.00000000,0
1531217563623,1531217563619,3489312,0.00002375,33.00000000,0
1531217563679,1531217563674,3489313,0.00002375,128.00000000,0
1531217563789,1531217563785,3489314,0.00002375,74.00000000,0
1531217563852,1531217563848,3489315,0.00002375,11.00000000,0
1531217563870,1531217563866,3489316,0.00002375,63.00000000,0
1531217563874,1531217563869,3489317,0.00002375,32.00000000,0
1531217563958,1531217563954,3489318,0.00002375,35.00000000,0
1531217564161,1531217564156,3489319,0.00002375,19.00000000,0
1531217564241,1531217564237,3489320,0.00002375,11.00000000,0
1531217564297,1531217564292,3489321,0.00002375,5.00000000,0
1531217564297,1531217564292,3489322,0.00002383,14.00000000,0
1531217564360,1531217564355,3489323,0.00002383,24.00000000,0
1531217564399,1531217564394,3489324,0.00002383,21.00000000,0
1531217565047,1531217565041,3489325,0.00002383,82.00000000,0
1531217565128,1531217565124,3489326,0.00002383,19.00000000,0
1531217565305,1531217565300,3489327,0.00002383,23.00000000,0
1531217565415,1531217565411,3489328,0.00002383,18.00000000,0
1531217571316,1531217571312,3489329,0.00002383,197.00000000,0
1531217574696,1531217574692,3489330,0.00002383,21.00000000,0
1531217574766,1531217574762,3489331,0.00002383,97.00000000,0
1531217574824,1531217574820,3489332,0.00002383,21.00000000,0
1531217574868,1531217574863,3489333,0.00002383,11.00000000,0
1531217574923,1531217574918,3489334,0.00002383,24.00000000,0
1531217574973,1531217574966,3489335,0.00002383,10.00000000,0
1531217575018,1531217575014,3489336,0.00002383,85.00000000,0
1531217575018,1531217575014,3489337,0.00002388,249.00000000,0
1531217575318,1531217575315,3489338,0.00002388,10.00000000,0
1531217576580,1531217576576,3489339,0.00002388,1.00000000,0
1531217577305,1531217577301,3489340,0.00002388,183.00000000,1
1531217579651,1531217579648,3489341,0.00002394,22.00000000,0
1531217579735,1531217579731,3489342,0.00002394,22.00000000,0
1531217579815,1531217579810,3489343,0.00002394,20.00000000,0
1531217579865,1531217579862,3489344,0.00002394,38.00000000,0
1531217580068,1531217580064,3489345,0.00002394,17.00000000,0
1531217580088,1531217580083,3489346,0.00002394,19.00000000,0
1531217580287,1531217580282,3489347,0.00002394,131.00000000,0
1531217580319,1531217580315,3489348,0.00002394,27.00000000,0
1531217580434,1531217580430,3489349,0.00002394,29.00000000,0
1531217580487,1531217580483,3489350,0.00002394,26.00000000,0
1531217580685,1531217580680,3489351,0.00002394,24.00000000,0
1531217580714,1531217580709,3489352,0.00002394,17.00000000,0
1531217580768,1531217580764,3489353,0.00002394,19.00000000,0
1531217580937,1531217580932,3489354,0.00002394,15.00000000,0
1531217581021,1531217581016,3489355,0.00002394,20.00000000,0
1531217581066,1531217581061,3489356,0.00002394,18.00000000,0
1531217581121,1531217581116,3489357,0.00002394,16.00000000,0
1531217581156,1531217581151,3489358,0.00002394,46.00000000,0
1531217581333,1531217581329,3489359,0.00002394,75.00000000,0
1531217581379,1531217581374,3489360,0.00002394,23.00000000,0
1531217581464,1531217581461,3489361,0.00002394,15.00000000,0
1531217581514,1531217581510,3489362,0.00002394,41.00000000,0
1531217581514,1531217581510,3489363,0.00002396,22.00000000,0
1531217581806,1531217581801,3489364,0.00002396,38.00000000,0
1531217582030,1531217582025,3489365,0.00002396,9.00000000,0
1531217582087,1531217582083,3489366,0.00002396,22.00000000,0
1531217582535,1531217582531,3489367,0.00002396,10.00000000,0
1531217583253,1531217583249,3489368,0.00002396,32.00000000,0
1531217583340,1531217583336,3489369,0.00002396,24.00000000,0
1531217583406,1531217583403,3489370,0.00002396,24.00000000,0
1531217583477,1531217583473,3489371,0.00002396,47.00000000,0
1531217583526,1531217583521,3489372,0.00002396,11.00000000,0
1531217583588,1531217583583,3489373,0.00002396,38.00000000,0
1531217583704,1531217583701,3489374,0.00002394,19.00000000,0
1531217583749,1531217583746,3489375,0.00002394,23.00000000,0
1531217583749,1531217583746,3489376,0.00002396,2.00000000,0
1531217583817,1531217583813,3489377,0.00002396,113.00000000,0
1531217583915,1531217583911,3489378,0.00002396,30.00000000,0
1531217584127,1531217584123,3489379,0.00002396,24.00000000,0
1531217584168,1531217584164,3489380,0.00002396,18.00000000,0
1531217584293,1531217584289,3489381,0.00002396,39.00000000,0
1531217584338,1531217584334,3489382,0.00002396,25.00000000,0
1531217584462,1531217584458,3489383,0.00002396,26.00000000,0
1531217584538,1531217584534,3489384,0.00002396,19.00000000,0
1531217584583,1531217584579,3489385,0.00002396,111.00000000,0
1531217584678,1531217584674,3489386,0.00002397,20.00000000,0
1531217584759,1531217584755,3489387,0.00002397,21.00000000,0
1531217584813,1531217584809,3489388,0.00002397,25.00000000,0
1531217584847,1531217584843,3489389,0.00002397,24.00000000,0
1531217584868,1531217584865,3489390,0.00002397,13.00000000,0
1531217584954,1531217584950,3489391,0.00002397,24.00000000,0
1531217585075,1531217585071,3489392,0.00002397,32.00000000,0
1531217585156,1531217585151,3489393,0.00002397,19.00000000,0
1531217585189,1531217585185,3489394,0.00002397,17.00000000,0
1531217585248,1531217585244,3489395,0.00002397,12.00000000,0
1531217590550,1531217590545,3489396,0.00002397,41.00000000,0
1531217609429,1531217609426,3489397,0.00002383,43.00000000,1
1531217624651,1531217624647,3489398,0.00002384,153.00000000,1
1531217668005,1531217668000,3489399,0.00002374,76.00000000,1
1531217672479,1531217672474,3489400,0.00002375,262.00000000,1
1531217674749,1531217674745,3489401,0.00002375,110.00000000,1
1531217682314,1531217682309,3489402,0.00002374,70.00000000,0
1531217697745,1531217697741,3489403,0.00002373,262.00000000,1
1531217701321,1531217701317,3489404,0.00002372,187.00000000,1
1531217703501,1531217703497,3489405,0.00002371,85.00000000,1
1531217705767,1531217705761,3489406,0.00002374,1353.00000000,0
1531217705784,1531217705781,3489407,0.00002374,359.00000000,0
1531217705805,1531217705802,3489408,0.00002375,262.00000000,0
1531217718762,1531217718758,3489409,0.00002376,119.00000000,1
1531217718876,1531217718872,3489410,0.00002376,908.00000000,1
1531217718901,1531217718896,3489411,0.00002375,372.00000000,1
1531217740661,1531217740656,3489412,0.00002375,71.00000000,1
1531217741755,1531217741749,3489413,0.00002376,71.00000000,1
1531217742651,1531217742645,3489414,0.00002375,71.00000000,1
1531217743551,1531217743547,3489415,0.00002375,71.00000000,1
1531217744446,1531217744442,3489416,0.00002376,71.00000000,1
1531217745351,1531217745347,3489417,0.00002375,71.00000000,1
1531217746254,1531217746250,3489418,0.00002375,71.00000000,1
1531217747155,1531217747150,3489419,0.00002376,71.00000000,1
1531217748060,1531217748056,3489420,0.00002375,71.00000000,1
1531217748962,1531217748958,3489421,0.00002375,71.00000000,1
1531217765802,1531217765798,3489422,0.00002376,43.00000000,1
1531217774273,1531217774270,3489423,0.00002375,33.00000000,1
1531217777415,1531217777411,3489424,0.00002376,43.00000000,0
1531217804256,1531217804253,3489425,0.00002384,187.00000000,0
1531217804429,1531217804425,3489426,0.00002384,153.00000000,1
1531217805595,1531217805591,3489427,0.00002384,499.00000000,1
1531217805595,1531217805591,3489428,0.00002375,919.00000000,1
1531217813947,1531217813943,3489429,0.00002386,46.00000000,0
1531217820282,1531217820277,3489430,0.00002376,283.00000000,1
1531217820282,1531217820277,3489431,0.00002375,3456.00000000,1
1531217828716,1531217828713,3489432,0.00002375,401.00000000,1
1531217857619,1531217857614,3489433,0.00002376,1289.00000000,1
1531217857646,1531217857642,3489434,0.00002376,830.00000000,1
1531217875849,1531217875844,3489435,0.00002380,1415.00000000,0
1531217875859,1531217875855,3489436,0.00002376,345.00000000,1
1531217875881,1531217875876,3489437,0.00002376,745.00000000,1
1531217885623,1531217885618,3489438,0.00002377,1481.00000000,1
1531217885653,1531217885647,3489439,0.00002377,823.00000000,1
1531217908329,1531217908322,3489440,0.00002384,283.00000000,0
1531217916722,1531217916717,3489441,0.00002385,971.00000000,1
1531217929031,1531217929026,3489442,0.00002385,1017.00000000,0
1531217930107,1531217930103,3489443,0.00002384,1909.00000000,1
1531217930132,1531217930127,3489444,0.00002385,638.00000000,0
1531217930654,1531217930649,3489445,0.00002385,20.00000000,1
1531217934198,1531217934193,3489446,0.00002387,41.00000000,0
1531217936076,1531217936073,3489447,0.00002386,1417.00000000,1
1531217936094,1531217936090,3489448,0.00002385,492.00000000,1
1531217940480,1531217940475,3489449,0.00002384,80.00000000,1
1531217945541,1531217945537,3489450,0.00002385,84.00000000,0
1531217957146,1531217957141,3489451,0.00002384,262.00000000,1
1531217976160,1531217976155,3489452,0.00002385,1150.00000000,0
1531217976973,1531217976968,3489453,0.00002385,2526.00000000,0
1531217997677,1531217997673,3489454,0.00002386,767.00000000,1
1531218086837,1531218086832,3489455,0.00002386,177.00000000,0
1531218113807,1531218113802,3489456,0.00002385,651.00000000,1
1531218113807,1531218113802,3489457,0.00002384,119.00000000,1
1531218119615,1531218119610,3489458,0.00002386,345.00000000,0
1531218127906,1531218127902,3489459,0.00002386,239.00000000,1
1531218127909,1531218127904,3489460,0.00002386,112.00000000,1
1531218131992,1531218131988,3489461,0.00002384,127.00000000,1
1531218132502,1531218132498,3489462,0.00002384,239.00000000,1
1531218138789,1531218138786,3489463,0.00002384,239.00000000,1
1531218165690,1531218165684,3489464,0.00002387,3022.00000000,0
1531218165690,1531218165684,3489465,0.00002396,775.00000000,0
1531218165690,1531218165684,3489466,0.00002397,14.00000000,0
1531218165690,1531218165684,3489467,0.00002399,3037.00000000,0
1531218178528,1531218178523,3489468,0.00002399,110.00000000,0
1531218178528,1531218178523,3489469,0.00002400,1572.00000000,0
1531218181120,1531218181115,3489470,0.00002394,418.00000000,0
1531218181137,1531218181133,3489471,0.00002389,161.00000000,1
1531218194590,1531218194584,3489472,0.00002400,421.00000000,0
1531218201747,1531218201741,3489473,0.00002394,2164.00000000,0
1531218201766,1531218201762,3489474,0.00002389,826.00000000,1
1531218217047,1531218217044,3489475,0.00002400,66.00000000,0
1531218217275,1531218217270,3489476,0.00002389,800.00000000,1
1531218221792,1531218221788,3489477,0.00002389,139.00000000,0
1531218257507,1531218257502,3489478,0.00002389,584.00000000,0
1531218259753,1531218259749,3489479,0.00002388,1257.00000000,1
1531218259767,1531218259762,3489480,0.00002388,1601.00000000,0
1531218259784,1531218259779,3489481,0.00002388,56.00000000,1
1531218259800,1531218259796,3489482,0.00002388,1201.00000000,1
1531218269325,1531218269320,3489483,0.00002388,972.00000000,1
1531218292247,1531218292244,3489484,0.00002388,1126.00000000,0
1531218292267,1531218292263,3489485,0.00002388,954.00000000,0
1531218297071,1531218297066,3489486,0.00002389,41.00000000,0
1531218304904,1531218304899,3489487,0.00002388,589.00000000,1
1531218304920,1531218304916,3489488,0.00002388,435.00000000,0
1531218304927,1531218304923,3489489,0.00002388,589.00000000,1
1531218328881,1531218328876,3489490,0.00002388,1.00000000,0
1531218374453,1531218374448,3489491,0.00002388,582.00000000,0
1531218384514,1531218384509,3489492,0.00002388,209.00000000,0
1531218404575,1531218404571,3489493,0.00002388,808.00000000,0
1531218523839,1531218523835,3489494,0.00002388,250.00000000,0
1531218524769,1531218524764,3489495,0.00002388,418.00000000,0
1531218604855,1531218604851,3489496,0.00002387,64.00000000,1
1531218622903,1531218622899,3489497,0.00002387,20.00000000,1
1531218624002,1531218623997,3489498,0.00002387,20.00000000,1
1531218624900,1531218624895,3489499,0.00002387,20.00000000,1
1531218625801,1531218625796,3489500,0.00002387,20.00000000,1
1531218626723,1531218626719,3489501,0.00002387,20.00000000,1
1531218627620,1531218627614,3489502,0.00002387,20.00000000,1
1531218628666,1531218628659,3489503,0.00002387,20.00000000,1
1531218628848,1531218628844,3489504,0.00002387,2281.00000000,1
1531218629578,1531218629573,3489505,0.00002385,20.00000000,1
1531218630477,1531218630472,3489506,0.00002385,20.00000000,1
1531218631370,1531218631365,3489507,0.00002385,20.00000000,1
1531218637539,1531218637535,3489508,0.00002386,1233.00000000,0
1531218639259,1531218639254,3489509,0.00002385,858.00000000,1
1531218645510,1531218645506,3489510,0.00002384,6.00000000,1
1531218653550,1531218653545,3489511,0.00002384,12.00000000,1
1531218659957,1531218659951,3489512,0.00002384,677.00000000,1
1531218665388,1531218665384,3489513,0.00002379,927.00000000,0
1531218665399,1531218665395,3489514,0.00002383,521.00000000,0
1531218665416,1531218665412,3489515,0.00002383,446.00000000,0
1531218666456,1531218666436,3489516,0.00002376,1135.00000000,1
1531218683603,1531218683598,3489517,0.00002377,66.00000000,1
1531218697234,1531218697228,3489518,0.00002380,1160.00000000,0
1531218697242,1531218697238,3489519,0.00002377,1267.00000000,1
1531218697255,1531218697251,3489520,0.00002377,951.00000000,1
1531218708851,1531218708847,3489521,0.00002383,66.00000000,0
1531218708851,1531218708847,3489522,0.00002386,353.00000000,0
1531218719617,1531218719612,3489523,0.00002379,3254.00000000,0
1531218719631,1531218719626,3489524,0.00002377,298.00000000,1
1531218719641,1531218719636,3489525,0.00002377,1242.00000000,1
1531218746513,1531218746507,3489526,0.00002376,500.00000000,1
1531218770054,1531218770048,3489527,0.00002378,252.00000000,1
1531218770054,1531218770048,3489528,0.00002377,127.00000000,1
1531218781391,1531218781387,3489529,0.00002378,49.00000000,1
1531218799973,1531218799968,3489530,0.00002378,24.00000000,0
1531218818370,1531218818366,3489531,0.00002380,1874.00000000,0
1531218818385,1531218818381,3489532,0.00002378,910.00000000,1
1531218855094,1531218855088,3489533,0.00002382,263.00000000,1
1531218885015,1531218885010,3489534,0.00002381,207.00000000,0
1531218885015,1531218885010,3489535,0.00002382,33.00000000,0
1531218891718,1531218891714,3489536,0.00002380,231.00000000,0
1531218891737,1531218891731,3489537,0.00002378,211.00000000,1
1531218891761,1531218891757,3489538,0.00002378,196.00000000,1
1531218897922,1531218897918,3489539,0.00002377,243.00000000,1
1531218898693,1531218898688,3489540,0.00002377,139.00000000,1
1531218902757,1531218902753,3489541,0.00002376,243.00000000,1
1531218902897,1531218902892,3489542,0.00002376,103.00000000,1
1531218903954,1531218903949,3489543,0.00002376,243.00000000,1
1531218924044,1531218924040,3489544,0.00002376,357.00000000,1
1531218936655,1531218936650,3489545,0.00002379,1040.00000000,0
1531218936667,1531218936663,3489546,0.00002377,542.00000000,1
1531218958124,1531218958118,3489547,0.00002379,338.00000000,0
1531218967223,1531218967218,3489548,0.00002378,686.00000000,0
1531218967235,1531218967231,3489549,0.00002377,365.00000000,1
1531218981323,1531218981319,3489550,0.00002379,908.00000000,0
1531218995238,1531218995231,3489551,0.00002378,2010.00000000,0
1531218995252,1531218995247,3489552,0.00002377,607.00000000,1
1531218995265,1531218995261,3489553,0.00002377,1241.00000000,1
1531219019111,1531219019107,3489554,0.00002377,669.00000000,1
1531219019129,1531219019123,3489555,0.00002377,778.00000000,1
1531219026042,1531219026036,3489556,0.00002378,1149.00000000,0
1531219026059,1531219026053,3489557,0.00002377,969.00000000,1
1531219026073,1531219026068,3489558,0.00002377,518.00000000,1
1531219040910,1531219040906,3489559,0.00002378,3479.00000000,0
1531219040926,1531219040921,3489560,0.00002377,1370.00000000,1
1531219054630,1531219054624,3489561,0.00002377,1437.00000000,1
1531219068968,1531219068963,3489562,0.00002378,444.00000000,0
1531219068987,1531219068983,3489563,0.00002379,216.00000000,0
1531219082942,1531219082937,3489564,0.00002379,78.00000000,1
1531219129372,1531219129370,3489565,0.00002380,164.00000000,0
1531219129372,1531219129370,3489566,0.00002382,2813.00000000,0
1531219141221,1531219141216,3489567,0.00002388,2977.00000000,0
1531219142293,1531219142288,3489568,0.00002389,44.00000000,0
1531219146761,1531219146756,3489569,0.00002400,1774.00000000,0
1531219160955,1531219160951,3489570,0.00002399,1016.00000000,0
1531219164769,1531219164763,3489571,0.00002390,49.00000000,1
1531219165327,1531219165322,3489572,0.00002390,32.00000000,1
1531219165887,1531219165883,3489573,0.00002390,17.00000000,1
1531219166535,1531219166530,3489574,0.00002380,27.00000000,1
1531219167114,1531219167108,3489575,0.00002380,97.00000000,1
1531219167845,1531219167841,3489576,0.00002380,9.00000000,1
1531219168248,1531219168244,3489577,0.00002380,24.00000000,1
1531219168907,1531219168902,3489578,0.00002380,23.00000000,1
1531219169422,1531219169416,3489579,0.00002380,17.00000000,1
1531219170174,1531219170170,3489580,0.00002380,20.00000000,1
1531219170655,1531219170650,3489581,0.00002380,38.00000000,1
1531219171182,1531219171177,3489582,0.00002380,10.00000000,1
1531219171722,1531219171718,3489583,0.00002379,19.00000000,1
1531219172492,1531219172488,3489584,0.00002380,23.00000000,1
1531219173058,1531219173053,3489585,0.00002380,27.00000000,1
1531219174518,1531219174514,3489586,0.00002389,54.00000000,0
1531219174534,1531219174528,3489587,0.00002389,1495.00000000,0
1531219175076,1531219175072,3489588,0.00002379,31.00000000,1
1531219177274,1531219177268,3489589,0.00002380,25.00000000,1
1531219182229,1531219182224,3489590,0.00002380,111.00000000,1
1531219183498,1531219183493,3489591,0.00002380,63.00000000,1
1531219187189,1531219187184,3489592,0.00002380,11.00000000,1
1531219190551,1531219190546,3489593,0.00002380,11.00000000,1
1531219193991,1531219193987,3489594,0.00002380,23.00000000,1
1531219194810,1531219194805,3489595,0.00002384,2241.00000000,0
1531219194824,1531219194818,3489596,0.00002389,942.00000000,0
1531219197750,1531219197746,3489597,0.00002380,33.00000000,1
1531219199773,1531219199769,3489598,0.00002380,46.00000000,1
1531219203092,1531219203086,3489599,0.00002380,23.00000000,1
1531219205492,1531219205486,3489600,0.00002380,17.00000000,1
1531219207574,1531219207571,3489601,0.00002380,25.00000000,1
1531219210039,1531219210029,3489602,0.00002380,9.00000000,1
1531219213103,1531219213098,3489603,0.00002380,35.00000000,1
1531219214468,1531219214463,3489604,0.00002380,25.00000000,1
1531219215339,1531219215335,3489605,0.00002380,10.00000000,1
1531219216062,1531219216060,3489606,0.00002380,19.00000000,1
1531219216640,1531219216635,3489607,0.00002380,20.00000000,1
1531219217558,1531219217554,3489608,0.00002380,24.00000000,1
1531219218323,1531219218317,3489609,0.00002380,26.00000000,1
1531219219191,1531219219186,3489610,0.00002380,10.00000000,1
1531219219694,1531219219690,3489611,0.00002389,1278.00000000,0
1531219219718,1531219219713,3489612,0.00002389,42.00000000,0
1531219219944,1531219219942,3489613,0.00002380,21.00000000,1
1531219220795,1531219220789,3489614,0.00002380,13.00000000,1
1531219221586,1531219221581,3489615,0.00002380,153.00000000,1
1531219251712,1531219251709,3489616,0.00002384,1454.00000000,0
1531219251729,1531219251724,3489617,0.00002389,742.00000000,0
1531219310691,1531219310686,3489618,0.00002387,98.00000000,0
1531219310692,1531219310688,3489619,0.00002389,575.00000000,0
1531219313806,1531219313800,3489620,0.00002381,701.00000000,1
1531219313821,1531219313816,3489621,0.00002381,1468.00000000,1
1531219339551,1531219339545,3489622,0.00002381,321.00000000,1
1531219339568,1531219339564,3489623,0.00002381,1174.00000000,1
1531219341886,1531219341881,3489624,0.00002387,147.00000000,0
1531219441178,1531219441173,3489625,0.00002383,67.00000000,1
1531219445482,1531219445477,3489626,0.00002383,100.00000000,1
1531219451285,1531219451281,3489627,0.00002388,508.00000000,0
1531219451285,1531219451281,3489628,0.00002389,1536.00000000,0
1531219462351,1531219462345,3489629,0.00002385,1329.00000000,1
1531219462370,1531219462367,3489630,0.00002385,592.00000000,1
1531219480654,1531219480650,3489631,0.00002384,92.00000000,1
1531219498384,1531219498380,3489632,0.00002388,575.00000000,0
1531219512091,1531219512087,3489633,0.00002389,107.00000000,0
1531219611112,1531219611107,3489634,0.00002389,1033.00000000,0
1531219611145,1531219611141,3489635,0.00002389,1249.00000000,0
1531219626909,1531219626905,3489636,0.00002390,53.00000000,0
1531219626909,1531219626905,3489637,0.00002400,9.00000000,0
1531219644824,1531219644820,3489638,0.00002399,416.00000000,0
1531219646077,1531219646073,3489639,0.00002391,666.00000000,1
1531219646095,1531219646090,3489640,0.00002391,1155.00000000,1
1531219669965,1531219669959,3489641,0.00002394,2339.00000000,0
1531219669975,1531219669971,3489642,0.00002398,854.00000000,0
1531219683320,1531219683318,3489643,0.00002398,494.00000000,0
1531219683346,1531219683342,3489644,0.00002398,110.00000000,0
1531219695769,1531219695764,3489645,0.00002390,24.00000000,1
1531219696210,1531219696206,3489646,0.00002389,32.00000000,1
1531219696941,1531219696936,3489647,0.00002389,43.00000000,1
1531219697180,1531219697174,3489648,0.00002389,24.00000000,1
1531219697282,1531219697278,3489649,0.00002389,22.00000000,1
1531219697823,1531219697817,3489650,0.00002389,10.00000000,1
1531219697823,1531219697817,3489651,0.00002388,11.00000000,1
1531219698215,1531219698210,3489652,0.00002390,73.00000000,1
1531219698846,1531219698841,3489653,0.00002390,19.00000000,1
1531219699202,1531219699196,3489654,0.00002388,22.00000000,1
1531219699891,1531219699884,3489655,0.00002388,17.00000000,1
1531219700583,1531219700577,3489656,0.00002388,128.00000000,1
1531219701087,1531219701085,3489657,0.00002388,42.00000000,1
1531219701716,1531219701711,3489658,0.00002388,19.00000000,1
1531219702618,1531219702615,3489659,0.00002388,20.00000000,1
1531219703243,1531219703240,3489660,0.00002388,18.00000000,1
1531219703913,1531219703907,3489661,0.00002388,75.00000000,1
1531219704707,1531219704701,3489662,0.00002388,21.00000000,1
1531219705103,1531219705098,3489663,0.00002388,24.00000000,1
1531219705608,1531219705602,3489664,0.00002388,23.00000000,1
1531219706530,1531219706525,3489665,0.00002388,9.00000000,1
1531219706962,1531219706958,3489666,0.00002388,131.00000000,1
1531219707820,1531219707815,3489667,0.00002388,15.00000000,1
1531219708322,1531219708317,3489668,0.00002388,21.00000000,1
1531219708962,1531219708959,3489669,0.00002388,30.00000000,1
1531219709551,1531219709545,3489670,0.00002388,24.00000000,1
1531219710006,1531219710003,3489671,0.00002388,52.00000000,1
1531219710396,1531219710391,3489672,0.00002388,40.00000000,1
1531219710977,1531219710971,3489673,0.00002388,32.00000000,1
1531219711547,1531219711543,3489674,0.00002388,16.00000000,1
1531219712042,1531219712038,3489675,0.00002388,18.00000000,1
1531219712639,1531219712633,3489676,0.00002388,18.00000000,1
1531219713230,1531219713224,3489677,0.00002388,29.00000000,1
1531219713740,1531219713735,3489678,0.00002388,27.00000000,1
1531219714424,1531219714420,3489679,0.00002388,39.00000000,1
1531219715837,1531219715831,3489680,0.00002388,25.00000000,1
1531219716289,1531219716283,3489681,0.00002388,10.00000000,1
1531219716374,1531219716370,3489682,0.00002388,20.00000000,1
1531219717022,1531219717018,3489683,0.00002388,21.00000000,1
1531219717766,1531219717762,3489684,0.00002388,14.00000000,1
1531219718253,1531219718248,3489685,0.00002388,22.00000000,1
1531219718842,1531219718838,3489686,0.00002388,17.00000000,1
1531219743959,1531219743955,3489687,0.00002389,930.00000000,1
1531219791938,1531219791932,3489688,0.00002392,1147.00000000,1
1531219813866,1531219813862,3489689,0.00002392,1000.00000000,1
1531219813881,1531219813875,3489690,0.00002392,630.00000000,1
1531219821635,1531219821631,3489691,0.00002391,102.00000000,1
1531219854216,1531219854212,3489692,0.00002390,2812.00000000,0
1531219854226,1531219854222,3489693,0.00002389,1268.00000000,1
1531219854245,1531219854240,3489694,0.00002389,1172.00000000,1
1531219880078,1531219880074,3489695,0.00002389,1130.00000000,1
1531219895849,1531219895844,3489696,0.00002389,262.00000000,1
1531219901011,1531219901006,3489697,0.00002390,2815.00000000,0
1531219901026,1531219901020,3489698,0.00002389,758.00000000,1
1531219926764,1531219926758,3489699,0.00002388,1537.00000000,1
1531219926777,1531219926771,3489700,0.00002388,56.00000000,0
1531219926793,1531219926789,3489701,0.00002389,262.00000000,0
1531219943634,1531219943630,3489702,0.00002393,589.00000000,0
1531219943651,1531219943645,3489703,0.00002390,462.00000000,1
1531219943674,1531219943669,3489704,0.00002390,567.00000000,1
1531219943689,1531219943684,3489705,0.00002389,758.00000000,1
1531219985491,1531219985486,3489706,0.00002388,1251.00000000,1
1531219985514,1531219985508,3489707,0.00002388,145.00000000,1
1531219989037,1531219989031,3489708,0.00002388,3.00000000,1
1531219993564,1531219993560,3489709,0.00002388,39.00000000,1
1531220016313,1531220016309,3489710,0.00002387,675.00000000,1
1531220016339,1531220016334,3489711,0.00002388,3.00000000,0
1531220036581,1531220036575,3489712,0.00002392,1764.00000000,0
1531220036600,1531220036596,3489713,0.00002389,486.00000000,1
1531220036611,1531220036606,3489714,0.00002389,1176.00000000,1
1531220036632,1531220036626,3489715,0.00002388,39.00000000,1
1531220036643,1531220036638,3489716,0.00002387,675.00000000,1
1531220061343,1531220061339,3489717,0.00002392,556.00000000,0
1531220061361,1531220061356,3489718,0.00002389,90.00000000,1
1531220061380,1531220061374,3489719,0.00002389,232.00000000,1
1531220066936,1531220066930,3489720,0.00002388,491.00000000,1
1531220066936,1531220066930,3489721,0.00002387,1020.00000000,1
1531220094177,1531220094171,3489722,0.00002393,394.00000000,0
1531220094198,1531220094194,3489723,0.00002388,135.00000000,1
1531220122346,1531220122340,3489724,0.00002393,2209.00000000,0
1531220122358,1531220122352,3489725,0.00002389,256.00000000,1
1531220122376,1531220122371,3489726,0.00002389,1435.00000000,1
1531220127566,1531220127562,3489727,0.00002389,1087.00000000,1
1531220127590,1531220127585,3489728,0.00002389,250.00000000,1
1531220151272,1531220151267,3489729,0.00002390,644.00000000,1
1531220153914,1531220153910,3489730,0.00002398,92.00000000,0
1531220153914,1531220153910,3489731,0.00002399,158.00000000,0
1531220158491,1531220158489,3489732,0.00002391,48.00000000,1
1531220158839,1531220158833,3489733,0.00002391,11.00000000,1
1531220159391,1531220159385,3489734,0.00002391,33.00000000,1
1531220159956,1531220159951,3489735,0.00002390,10.00000000,1
1531220160569,1531220160564,3489736,0.00002390,9.00000000,1
1531220161203,1531220161198,3489737,0.00002390,24.00000000,1
1531220161735,1531220161729,3489738,0.00002390,24.00000000,1
1531220162297,1531220162291,3489739,0.00002390,74.00000000,1
1531220162910,1531220162907,3489740,0.00002390,19.00000000,1
1531220163491,1531220163485,3489741,0.00002390,23.00000000,1
1531220163925,1531220163920,3489742,0.00002390,21.00000000,1
1531220164548,1531220164543,3489743,0.00002390,20.00000000,1
1531220165142,1531220165137,3489744,0.00002390,47.00000000,1
1531220165803,1531220165797,3489745,0.00002390,23.00000000,1
1531220166391,1531220166388,3489746,0.00002390,38.00000000,1
1531220166760,1531220166756,3489747,0.00002390,26.00000000,1
1531220167354,1531220167349,3489748,0.00002390,11.00000000,1
1531220167891,1531220167887,3489749,0.00002390,25.00000000,1
1531220168712,1531220168709,3489750,0.00002390,57.00000000,1
1531220169062,1531220169058,3489751,0.00002390,25.00000000,1
1531220169684,1531220169680,3489752,0.00002390,113.00000000,1
1531220170048,1531220170043,3489753,0.00002390,26.00000000,1
1531220170661,1531220170656,3489754,0.00002390,19.00000000,1
1531220171246,1531220171241,3489755,0.00002391,34.00000000,1
1531220171733,1531220171728,3489756,0.00002391,21.00000000,1
1531220172190,1531220172185,3489757,0.00002391,9.00000000,1
1531220172784,1531220172778,3489758,0.00002391,13.00000000,1
1531220172784,1531220172778,3489759,0.00002390,321.00000000,1
1531220173109,1531220173103,3489760,0.00002390,4.00000000,1
1531220173109,1531220173103,3489761,0.00002388,15.00000000,1
1531220173511,1531220173505,3489762,0.00002388,9.00000000,1
1531220173910,1531220173905,3489763,0.00002388,24.00000000,1
1531220174333,1531220174328,3489764,0.00002388,46.00000000,1
1531220174617,1531220174612,3489765,0.00002388,82.00000000,1
1531220174881,1531220174875,3489766,0.00002388,17.00000000,1
1531220175337,1531220175333,3489767,0.00002388,18.00000000,1
1531220175644,1531220175639,3489768,0.00002388,459.00000000,1
1531220176293,1531220176288,3489769,0.00002388,20.00000000,1
1531220176849,1531220176844,3489770,0.00002388,27.00000000,1
1531220177307,1531220177306,3489771,0.00002388,77.00000000,1
1531220185471,1531220185466,3489772,0.00002388,3141.00000000,1
1531220243409,1531220243404,3489773,0.00002388,228.00000000,0
1531220257509,1531220257503,3489774,0.00002393,1381.00000000,0
1531220257521,1531220257517,3489775,0.00002388,463.00000000,1
1531220257544,1531220257538,3489776,0.00002388,1256.00000000,1
1531220264566,1531220264543,3489777,0.00002388,55.00000000,1
1531220264569,1531220264558,3489778,0.00002388,583.00000000,1
1531220268702,1531220268695,3489779,0.00002387,815.00000000,1
1531220268702,1531220268695,3489780,0.00002379,1052.00000000,1
1531220268702,1531220268695,3489781,0.00002377,841.00000000,1
1531220268702,1531220268695,3489782,0.00002376,194.00000000,1
1531220285314,1531220285310,3489783,0.00002386,3040.00000000,0
1531220285330,1531220285326,3489784,0.00002377,577.00000000,1
1531220285346,1531220285344,3489785,0.00002377,1236.00000000,1
1531220319760,1531220319754,3489786,0.00002384,22.00000000,1
1531220329303,1531220329299,3489787,0.00002385,872.00000000,1
1531220362146,1531220362140,3489788,0.00002386,67.00000000,1
1531220389727,1531220389723,3489789,0.00002391,615.00000000,0
1531220389743,1531220389737,3489790,0.00002386,372.00000000,1
1531220389759,1531220389754,3489791,0.00002386,342.00000000,1
1531220453182,1531220453177,3489792,0.00002386,47.00000000,0
1531220474146,1531220474142,3489793,0.00002387,1481.00000000,1
1531220474161,1531220474157,3489794,0.00002387,647.00000000,1
1531220497426,1531220497421,3489795,0.00002387,529.00000000,1
1531220497449,1531220497444,3489796,0.00002387,903.00000000,1
1531220504251,1531220504245,3489797,0.00002391,1588.00000000,0
1531220504263,1531220504259,3489798,0.00002387,1151.00000000,1
1531220527256,1531220527252,3489799,0.00002388,1144.00000000,1
1531220542648,1531220542646,3489800,0.00002388,846.00000000,1
1531220556025,1531220556019,3489801,0.00002389,42.00000000,1
1531220583589,1531220583584,3489802,0.00002393,2208.00000000,0
1531220583612,1531220583607,3489803,0.00002390,1284.00000000,1
1531220614572,1531220614567,3489804,0.00002393,659.00000000,0
1531220614587,1531220614583,3489805,0.00002390,42.00000000,1
1531220614609,1531220614605,3489806,0.00002390,333.00000000,1
1531220619912,1531220619908,3489807,0.00002393,674.00000000,0
1531220619929,1531220619925,3489808,0.00002390,248.00000000,1
1531220660642,1531220660638,3489809,0.00002394,1465.00000000,1
1531220660661,1531220660657,3489810,0.00002394,694.00000000,1
1531220668871,1531220668866,3489811,0.00002395,2300.00000000,0
1531220668889,1531220668883,3489812,0.00002394,852.00000000,1
1531220673890,1531220673884,3489813,0.00002394,92.00000000,0
1531220679281,1531220679275,3489814,0.00002397,238.00000000,0
1531220681695,1531220681690,3489815,0.00002394,38.00000000,1
1531220682247,1531220682245,3489816,0.00002394,29.00000000,1
1531220682694,1531220682689,3489817,0.00002394,15.00000000,1
1531220683514,1531220683509,3489818,0.00002394,12.00000000,1
1531220683514,1531220683509,3489819,0.00002390,12.00000000,1
1531220684062,1531220684057,3489820,0.00002390,19.00000000,1
1531220684754,1531220684751,3489821,0.00002390,24.00000000,1
1531220685392,1531220685388,3489822,0.00002390,92.00000000,1
1531220686068,1531220686065,3489823,0.00002390,24.00000000,1
1531220686432,1531220686426,3489824,0.00002390,24.00000000,1
1531220687087,1531220687082,3489825,0.00002390,25.00000000,1
1531220687874,1531220687869,3489826,0.00002390,22.00000000,1
1531220688255,1531220688250,3489827,0.00002390,19.00000000,1
1531220689108,1531220689102,3489828,0.00002390,47.00000000,1
1531220689752,1531220689748,3489829,0.00002390,24.00000000,1
1531220690304,1531220690298,3489830,0.00002390,16.00000000,1
1531220690827,1531220690821,3489831,0.00002390,19.00000000,1
1531220691281,1531220691276,3489832,0.00002390,11.00000000,1
1531220692031,1531220692025,3489833,0.00002390,23.00000000,1
1531220692031,1531220692025,3489834,0.00002386,4.00000000,1
1531220692743,1531220692737,3489835,0.00002386,19.00000000,1
1531220693283,1531220693277,3489836,0.00002386,63.00000000,1
1531220694157,1531220694149,3489837,0.00002386,22.00000000,1
1531220694749,1531220694743,3489838,0.00002386,25.00000000,1
1531220695799,1531220695795,3489839,0.00002386,21.00000000,1
1531220697114,1531220697109,3489840,0.00002386,12.00000000,1
1531220704842,1531220704837,3489841,0.00002387,274.00000000,1
1531220767827,1531220767822,3489842,0.00002393,3615.00000000,0
1531220767839,1531220767835,3489843,0.00002390,1494.00000000,1
1531220787300,1531220787295,3489844,0.00002397,11.00000000,0
1531220791676,1531220791670,3489845,0.00002389,1090.00000000,1
1531220791694,1531220791689,3489846,0.00002389,176.00000000,1
1531220806149,1531220806144,3489847,0.00002397,592.00000000,0
1531220806200,1531220806197,3489848,0.00002399,129.00000000,0
1531220811278,1531220811274,3489849,0.00002393,2912.00000000,0
1531220811292,1531220811287,3489850,0.00002388,865.00000000,1
1531220811319,1531220811315,3489851,0.00002388,1165.00000000,1
1531220813010,1531220813004,3489852,0.00002388,730.00000000,1
1531220813728,1531220813724,3489853,0.00002387,102.00000000,1
1531220866720,1531220866715,3489854,0.00002387,72.00000000,0
1531220917481,1531220917477,3489855,0.00002394,729.00000000,0
1531220917488,1531220917483,3489856,0.00002390,90.00000000,1
1531220917506,1531220917502,3489857,0.00002390,553.00000000,1
1531220928269,1531220928265,3489858,0.00002390,2712.00000000,1
1531220945684,1531220945680,3489859,0.00002394,1283.00000000,0
1531220945692,1531220945687,3489860,0.00002391,305.00000000,1
1531220945710,1531220945705,3489861,0.00002391,823.00000000,1
1531220959433,1531220959427,3489862,0.00002394,1398.00000000,0
1531220959445,1531220959440,3489863,0.00002391,143.00000000,1
1531220959461,1531220959455,3489864,0.00002391,1345.00000000,1
1531220978139,1531220978135,3489865,0.00002391,868.00000000,1
1531221004827,1531221004823,3489866,0.00002394,697.00000000,0
1531221004846,1531221004840,3489867,0.00002391,1151.00000000,1
1531221004861,1531221004857,3489868,0.00002391,634.00000000,1
1531221135925,1531221135919,3489869,0.00002390,3.00000000,1
1531221149782,1531221149776,3489870,0.00002390,289.00000000,1
1531221149782,1531221149776,3489871,0.00002386,21.00000000,1
1531221149782,1531221149776,3489872,0.00002381,50.00000000,1
1531221149782,1531221149776,3489873,0.00002380,2095.00000000,1
1531221149805,1531221149800,3489874,0.00002380,367.00000000,0
1531221149811,1531221149806,3489875,0.00002380,367.00000000,0
1531221149854,1531221149849,3489876,0.00002380,367.00000000,0
1531221150653,1531221150647,3489877,0.00002380,48.00000000,0
1531221151628,1531221151623,3489878,0.00002378,156.00000000,1
1531221151652,1531221151648,3489879,0.00002378,268.00000000,0
1531221172295,1531221172289,3489880,0.00002377,51.00000000,1
1531221172295,1531221172289,3489881,0.00002376,56.00000000,1
1531221172295,1531221172289,3489882,0.00002367,351.00000000,1
1531221172295,1531221172289,3489883,0.00002361,342.00000000,1
1531221172295,1531221172289,3489884,0.00002359,1029.00000000,1
1531221172295,1531221172289,3489885,0.00002356,1262.00000000,1
1531221172295,1531221172289,3489886,0.00002353,939.00000000,1
1531221172665,1531221172662,3489887,0.00002362,128.00000000,0
1531221172682,1531221172676,3489888,0.00002362,304.00000000,0
1531221172685,1531221172679,3489889,0.00002362,128.00000000,0
1531221172685,1531221172679,3489890,0.00002362,303.00000000,0
1531221172721,1531221172715,3489891,0.00002362,76.00000000,0
1531221181342,1531221181337,3489892,0.00002367,127.00000000,1
1531221209140,1531221209135,3489893,0.00002366,426.00000000,1
1531221217339,1531221217335,3489894,0.00002367,773.00000000,1
1531221217360,1531221217355,3489895,0.00002367,365.00000000,1
