event_time,trade_time,trade_id,price,quantity,maker
1531210373095,1531210373092,2236223,0.00003081,218.00000000,0
1531210373945,1531210373941,2236224,0.00003076,975.00000000,1
1531210373945,1531210373941,2236225,0.00003074,1696.00000000,1
1531210374752,1531210374748,2236226,0.00003080,165.00000000,0
1531210374809,1531210374805,2236227,0.00003080,33.00000000,0
1531210375806,1531210375802,2236228,0.00003080,58.00000000,0
1531210375806,1531210375802,2236229,0.00003083,19.00000000,0
1531210376769,1531210376765,2236230,0.00003083,49.00000000,0
1531210416113,1531210416108,2236231,0.00003083,1997.00000000,0
1531210416113,1531210416108,2236232,0.00003084,1866.00000000,0
1531210416113,1531210416108,2236233,0.00003091,34.00000000,0
1531210416113,1531210416108,2236234,0.00003093,368.00000000,0
1531210416113,1531210416108,2236235,0.00003094,1008.00000000,0
1531210416421,1531210416421,2236236,0.00003091,49.00000000,1
1531210419229,1531210419226,2236237,0.00003091,88.00000000,1
1531210442741,1531210442736,2236238,0.00003087,256.00000000,1
1531210465194,1531210465190,2236239,0.00003090,256.00000000,0
1531210469343,1531210469339,2236240,0.00003093,53.00000000,0
1531210471242,1531210471238,2236241,0.00003092,256.00000000,0
1531210471242,1531210471238,2236242,0.00003094,406.00000000,0
1531210471242,1531210471238,2236243,0.00003095,267.00000000,0
1531210472286,1531210472283,2236244,0.00003091,256.00000000,1
1531210472286,1531210472283,2236245,0.00003090,118.00000000,1
1531210476931,1531210476926,2236246,0.00003095,352.00000000,0
1531210476931,1531210476926,2236247,0.00003097,302.00000000,0
1531210479021,1531210479016,2236248,0.00003097,217.00000000,0
1531210479267,1531210479262,2236249,0.00003097,188.00000000,0
1531210483887,1531210483882,2236250,0.00003093,58.00000000,1
1531210493422,1531210493417,2236251,0.00003097,188.00000000,0
1531210498117,1531210498111,2236252,0.00003098,345.00000000,0
1531210498117,1531210498111,2236253,0.00003099,162.00000000,0
1531210498117,1531210498111,2236254,0.00003100,14083.00000000,0
1531210498365,1531210498361,2236255,0.00003101,256.00000000,0
1531210498365,1531210498361,2236256,0.00003101,322.00000000,0
1531210502096,1531210502091,2236257,0.00003103,196.00000000,0
1531210502102,1531210502102,2236258,0.00003103,100.00000000,1
1531210504820,1531210504816,2236259,0.00003105,187.00000000,0
1531210509728,1531210509724,2236260,0.00003105,9.00000000,0
1531210510081,1531210510074,2236261,0.00003107,325.00000000,0
1531210510081,1531210510074,2236262,0.00003109,212.00000000,0
1531210510081,1531210510074,2236263,0.00003110,3524.00000000,0
1531210510081,1531210510074,2236264,0.00003115,7278.00000000,0
1531210510668,1531210510663,2236265,0.00003106,197.00000000,1
1531210510957,1531210510953,2236266,0.00003114,187.00000000,0
1531210510957,1531210510953,2236267,0.00003115,2397.00000000,0
1531210514446,1531210514441,2236268,0.00003115,7867.00000000,0
1531210514468,1531210514462,2236269,0.00003115,81.00000000,1
1531210514544,1531210514541,2236270,0.00003115,1899.00000000,1
1531210514687,1531210514683,2236271,0.00003117,55.00000000,0
1531210514703,1531210514703,2236272,0.00003115,347.00000000,1
1531210515107,1531210515104,2236273,0.00003115,493.00000000,1
1531210515141,1531210515137,2236274,0.00003115,347.00000000,1
1531210517098,1531210517094,2236275,0.00003116,139.00000000,1
1531210517402,1531210517397,2236276,0.00003119,2.00000000,0
1531210518063,1531210518057,2236277,0.00003119,187.00000000,0
1531210518406,1531210518401,2236278,0.00003119,1476.00000000,0
1531210518764,1531210518761,2236279,0.00003119,33.00000000,0
1531210520409,1531210520409,2236280,0.00003119,174.00000000,0
1531210520585,1531210520581,2236281,0.00003119,576.00000000,0
1531210522369,1531210522365,2236282,0.00003121,194.00000000,1
1531210525146,1531210525142,2236283,0.00003125,187.00000000,0
1531210525235,1531210525229,2236284,0.00003125,82.00000000,1
1531210525307,1531210525304,2236285,0.00003125,65.00000000,1
1531210525315,1531210525311,2236286,0.00003125,65.00000000,1
1531210526728,1531210526723,2236287,0.00003126,741.00000000,0
1531210526874,1531210526869,2236288,0.00003125,41.00000000,1
1531210527463,1531210527458,2236289,0.00003125,41.00000000,1
1531210527862,1531210527855,2236290,0.00003126,379.00000000,0
1531210527862,1531210527855,2236291,0.00003127,584.00000000,0
1531210527862,1531210527855,2236292,0.00003129,422.00000000,0
1531210527862,1531210527855,2236293,0.00003132,33.00000000,0
1531210527862,1531210527855,2236294,0.00003133,1419.00000000,0
1531210527862,1531210527855,2236295,0.00003138,38.00000000,0
1531210528549,1531210528546,2236296,0.00003138,1174.00000000,0
1531210528581,1531210528577,2236297,0.00003139,443.00000000,1
1531210529309,1531210529304,2236298,0.00003139,171.00000000,1
1531210529338,1531210529334,2236299,0.00003139,188.00000000,1
1531210531063,1531210531059,2236300,0.00003139,810.00000000,1
1531210531212,1531210531208,2236301,0.00003140,89.00000000,0
1531210531212,1531210531208,2236302,0.00003147,451.00000000,0
1531210532518,1531210532514,2236303,0.00003139,230.00000000,1
1531210532711,1531210532708,2236304,0.00003139,896.00000000,1
1531210533034,1531210533030,2236305,0.00003139,160.00000000,1
1531210533106,1531210533101,2236306,0.00003139,232.00000000,1
1531210533289,1531210533285,2236307,0.00003139,226.00000000,1
1531210533393,1531210533388,2236308,0.00003139,879.00000000,1
1531210533398,1531210533394,2236309,0.00003139,120.00000000,1
1531210533468,1531210533466,2236310,0.00003139,296.00000000,1
1531210534785,1531210534779,2236311,0.00003126,1075.00000000,1
1531210534785,1531210534779,2236312,0.00003125,743.00000000,1
1531210535028,1531210535025,2236313,0.00003139,225.00000000,0
1531210536733,1531210536729,2236314,0.00003136,199.00000000,0
1531210536733,1531210536729,2236315,0.00003137,927.00000000,0
1531210536733,1531210536729,2236316,0.00003138,332.00000000,0
1531210537307,1531210537303,2236317,0.00003127,261.00000000,1
1531210537554,1531210537548,2236318,0.00003130,42.00000000,1
1531210537604,1531210537600,2236319,0.00003130,822.00000000,1
1531210537947,1531210537942,2236320,0.00003138,35.00000000,0
1531210537982,1531210537976,2236321,0.00003138,145.00000000,0
1531210537982,1531210537976,2236322,0.00003139,517.00000000,0
1531210538361,1531210538356,2236323,0.00003146,79.00000000,0
1531210538473,1531210538468,2236324,0.00003146,81.00000000,0
1531210538654,1531210538649,2236325,0.00003139,325.00000000,1
1531210539149,1531210539145,2236326,0.00003139,719.00000000,1
1531210539149,1531210539145,2236327,0.00003130,2516.00000000,1
1531210539741,1531210539737,2236328,0.00003132,82.00000000,1
1531210540111,1531210540107,2236329,0.00003132,79.00000000,1
1531210540111,1531210540107,2236330,0.00003131,40.00000000,1
1531210540668,1531210540664,2236331,0.00003131,82.00000000,1
1531210541361,1531210541356,2236332,0.00003139,161.00000000,0
1531210541361,1531210541356,2236333,0.00003140,89.00000000,0
1531210542177,1531210542172,2236334,0.00003131,60.00000000,1
1531210543589,1531210543585,2236335,0.00003139,59.00000000,0
1531210544433,1531210544430,2236336,0.00003138,33.00000000,0
1531210546137,1531210546133,2236337,0.00003138,50.00000000,0
1531210546563,1531210546556,2236338,0.00003130,241.00000000,1
1531210547584,1531210547578,2236339,0.00003130,961.00000000,1
1531210548504,1531210548500,2236340,0.00003133,215.00000000,0
1531210548575,1531210548570,2236341,0.00003133,1698.00000000,0
1531210548962,1531210548957,2236342,0.00003133,611.00000000,0
1531210548984,1531210548984,2236343,0.00003136,19.00000000,0
1531210551117,1531210551113,2236344,0.00003135,393.00000000,0
1531210554466,1531210554466,2236345,0.00003130,96.00000000,1
1531210555589,1531210555585,2236346,0.00003135,3173.00000000,1
1531210560244,1531210560241,2236347,0.00003135,489.00000000,0
1531210560244,1531210560241,2236348,0.00003136,763.00000000,0
1531210560244,1531210560241,2236349,0.00003140,1196.00000000,0
1531210560568,1531210560563,2236350,0.00003140,1456.00000000,0
1531210562834,1531210562831,2236351,0.00003133,164.00000000,1
1531210570002,1531210569997,2236352,0.00003136,385.00000000,1
1531210578172,1531210578166,2236353,0.00003146,65.00000000,0
1531210581288,1531210581282,2236354,0.00003146,99.00000000,0
1531210581288,1531210581282,2236355,0.00003147,102.00000000,0
1531210582049,1531210582045,2236356,0.00003141,649.00000000,1
1531210582603,1531210582597,2236357,0.00003140,97.00000000,1
1531210585571,1531210585567,2236358,0.00003141,186.00000000,0
1531210585945,1531210585940,2236359,0.00003137,479.00000000,1
1531210585945,1531210585940,2236360,0.00003135,14111.00000000,1
1531210587594,1531210587590,2236361,0.00003135,3319.00000000,1
1531210588033,1531210588030,2236362,0.00003133,908.00000000,1
1531210588389,1531210588383,2236363,0.00003137,240.00000000,1
1531210588886,1531210588881,2236364,0.00003133,723.00000000,1
1531210590271,1531210590266,2236365,0.00003126,193.00000000,1
1531210590356,1531210590352,2236366,0.00003126,600.00000000,1
1531210590404,1531210590399,2236367,0.00003125,33.00000000,1
1531210590722,1531210590718,2236368,0.00003125,33.00000000,0
1531210591588,1531210591583,2236369,0.00003123,65.00000000,1
1531210593584,1531210593580,2236370,0.00003121,36.00000000,1
1531210594598,1531210594595,2236371,0.00003119,37.00000000,1
1531210594685,1531210594680,2236372,0.00003119,19.00000000,1
1531210594685,1531210594680,2236373,0.00003115,78.00000000,1
1531210606070,1531210606064,2236374,0.00003119,192.00000000,1
1531210606070,1531210606064,2236375,0.00003115,5391.00000000,1
1531210607072,1531210607068,2236376,0.00003116,649.00000000,1
1531210607072,1531210607068,2236377,0.00003115,68.00000000,1
1531210611428,1531210611422,2236378,0.00003118,1476.00000000,0
1531210611428,1531210611422,2236379,0.00003120,73.00000000,0
1531210611428,1531210611422,2236380,0.00003121,186.00000000,0
1531210611428,1531210611422,2236381,0.00003138,56.00000000,0
1531210611428,1531210611422,2236382,0.00003140,66.00000000,0
1531210611428,1531210611422,2236383,0.00003147,1914.00000000,0
1531210611428,1531210611422,2236384,0.00003150,1797.00000000,0
1531210611723,1531210611716,2236385,0.00003118,960.00000000,1
1531210611723,1531210611716,2236386,0.00003116,192.00000000,1
1531210611723,1531210611716,2236387,0.00003115,649.00000000,1
1531210611723,1531210611716,2236388,0.00003110,546.00000000,1
1531210611723,1531210611716,2236389,0.00003108,33.00000000,1
1531210611743,1531210611742,2236390,0.00003108,295.00000000,0
1531210611743,1531210611742,2236391,0.00003108,219.00000000,0
1531210611745,1531210611742,2236392,0.00003108,219.00000000,0
1531210611891,1531210611885,2236393,0.00003108,252.00000000,0
1531210611968,1531210611963,2236394,0.00003108,192.00000000,0
1531210612272,1531210612267,2236395,0.00003108,192.00000000,0
1531210612297,1531210612294,2236396,0.00003108,47.00000000,0
1531210612838,1531210612835,2236397,0.00003107,252.00000000,0
1531210612968,1531210612964,2236398,0.00003108,1818.00000000,0
1531210613329,1531210613324,2236399,0.00003108,462.00000000,0
1531210613632,1531210613627,2236400,0.00003108,1457.00000000,0
1531210613965,1531210613960,2236401,0.00003108,1458.00000000,0
1531210615489,1531210615485,2236402,0.00003108,45.00000000,0
1531210616533,1531210616529,2236403,0.00003108,67.00000000,0
1531210616948,1531210616944,2236404,0.00003105,156.00000000,1
1531210617141,1531210617135,2236405,0.00003105,48.00000000,1
1531210617141,1531210617135,2236406,0.00003101,76.00000000,1
1531210617141,1531210617135,2236407,0.00003100,20949.00000000,1
1531210617171,1531210617166,2236408,0.00003100,1705.00000000,0
1531210617176,1531210617172,2236409,0.00003100,883.00000000,0
1531210617453,1531210617449,2236410,0.00003100,682.00000000,0
1531210618139,1531210618135,2236411,0.00003100,425.00000000,0
1531210618466,1531210618460,2236412,0.00003100,681.00000000,0
1531210618598,1531210618595,2236413,0.00003099,381.00000000,0
1531210619651,1531210619645,2236414,0.00003099,12.00000000,0
1531210619915,1531210619911,2236415,0.00003100,13.00000000,0
1531210621076,1531210621070,2236416,0.00003096,54.00000000,0
1531210621076,1531210621070,2236417,0.00003098,202.00000000,0
1531210621101,1531210621096,2236418,0.00003098,38.00000000,0
1531210621113,1531210621109,2236419,0.00003098,16.00000000,0
1531210621113,1531210621109,2236420,0.00003100,602.00000000,0
1531210621577,1531210621572,2236421,0.00003100,200.00000000,0
1531210622108,1531210622107,2236422,0.00003100,310.00000000,0
1531210622453,1531210622449,2236423,0.00003100,540.00000000,0
1531210622843,1531210622838,2236424,0.00003098,218.00000000,1
1531210623836,1531210623832,2236425,0.00003094,1.00000000,1
1531210624298,1531210624293,2236426,0.00003094,120.00000000,1
1531210625071,1531210625067,2236427,0.00003094,454.00000000,0
1531210625463,1531210625458,2236428,0.00003093,192.00000000,1
1531210625748,1531210625743,2236429,0.00003093,192.00000000,1
1531210626216,1531210626212,2236430,0.00003093,192.00000000,1
1531210626438,1531210626434,2236431,0.00003094,404.00000000,0
1531210626491,1531210626487,2236432,0.00003100,7.00000000,0
1531210626744,1531210626744,2236433,0.00003093,192.00000000,1
1531210626854,1531210626850,2236434,0.00003100,454.00000000,0
1531210627093,1531210627089,2236435,0.00003100,977.00000000,0
1531210627843,1531210627838,2236436,0.00003099,41.00000000,0
1531210628061,1531210628056,2236437,0.00003093,192.00000000,1
1531210629793,1531210629786,2236438,0.00003098,256.00000000,0
1531210629793,1531210629786,2236439,0.00003099,352.00000000,0
1531210632523,1531210632520,2236440,0.00003100,6669.00000000,0
1531210634588,1531210634584,2236441,0.00003093,2.00000000,1
1531210634588,1531210634584,2236442,0.00003090,388.00000000,1
1531210635647,1531210635644,2236443,0.00003100,629.00000000,0
1531210637280,1531210637275,2236444,0.00003100,259.00000000,0
1531210638376,1531210638373,2236445,0.00003100,95.00000000,0
1531210638795,1531210638793,2236446,0.00003100,95.00000000,0
1531210641077,1531210641072,2236447,0.00003100,225.00000000,0
1531210641802,1531210641797,2236448,0.00003100,424.00000000,0
1531210648984,1531210648980,2236449,0.00003100,217.00000000,0
1531210650491,1531210650486,2236450,0.00003100,432.00000000,0
1531210651676,1531210651673,2236451,0.00003100,995.00000000,0
1531210656792,1531210656787,2236452,0.00003100,225.00000000,0
1531210661782,1531210661778,2236453,0.00003090,1704.00000000,1
1531210673358,1531210673353,2236454,0.00003100,132.00000000,0
1531210673596,1531210673592,2236455,0.00003095,17.00000000,1
1531210674076,1531210674072,2236456,0.00003095,9.00000000,1
1531210674629,1531210674624,2236457,0.00003095,9.00000000,1
1531210675069,1531210675066,2236458,0.00003095,26.00000000,1
1531210675452,1531210675448,2236459,0.00003095,12.00000000,1
1531210675914,1531210675910,2236460,0.00003095,14.00000000,1
1531210676406,1531210676402,2236461,0.00003095,7.00000000,1
1531210676926,1531210676921,2236462,0.00003095,9.00000000,1
1531210677373,1531210677369,2236463,0.00003095,7.00000000,1
1531210678036,1531210678032,2236464,0.00003095,9.00000000,1
1531210678651,1531210678648,2236465,0.00003095,12.00000000,1
1531210678850,1531210678846,2236466,0.00003095,1304.00000000,1
1531210678894,1531210678889,2236467,0.00003095,223.00000000,0
1531210679099,1531210679095,2236468,0.00003094,17.00000000,1
1531210679667,1531210679662,2236469,0.00003094,8.00000000,1
1531210680098,1531210680094,2236470,0.00003094,10.00000000,1
1531210680577,1531210680572,2236471,0.00003094,6.00000000,1
1531210680577,1531210680572,2236472,0.00003092,3.00000000,1
1531210680972,1531210680968,2236473,0.00003092,8.00000000,1
1531210681137,1531210681133,2236474,0.00003095,65.00000000,0
1531210681477,1531210681472,2236475,0.00003092,9.00000000,1
1531210682003,1531210681998,2236476,0.00003092,8.00000000,1
1531210682658,1531210682653,2236477,0.00003092,25.00000000,1
1531210683172,1531210683168,2236478,0.00003092,10.00000000,1
1531210683638,1531210683634,2236479,0.00003092,25.00000000,1
1531210684127,1531210684122,2236480,0.00003092,11.00000000,1
1531210684386,1531210684382,2236481,0.00003095,225.00000000,0
1531210684635,1531210684632,2236482,0.00003092,12.00000000,1
1531210685211,1531210685206,2236483,0.00003092,8.00000000,1
1531210685321,1531210685316,2236484,0.00003092,145.00000000,1
1531210691570,1531210691565,2236485,0.00003095,1.00000000,0
1531210691570,1531210691565,2236486,0.00003104,41.00000000,0
1531210692310,1531210692306,2236487,0.00003103,393.00000000,0
1531210692310,1531210692306,2236488,0.00003104,35.00000000,0
1531210692310,1531210692306,2236489,0.00003107,34.00000000,0
1531210692310,1531210692306,2236490,0.00003108,6556.00000000,0
1531210692444,1531210692441,2236491,0.00003108,3155.00000000,0
1531210692547,1531210692544,2236492,0.00003108,6969.00000000,0
1531210696351,1531210696346,2236493,0.00003108,6332.00000000,0
1531210700711,1531210700706,2236494,0.00003108,468.00000000,0
1531210703171,1531210703165,2236495,0.00003108,393.00000000,0
1531210703675,1531210703671,2236496,0.00003108,421.00000000,0
1531210707322,1531210707318,2236497,0.00003108,600.00000000,0
1531210711178,1531210711174,2236498,0.00003108,135.00000000,0
1531210713087,1531210713082,2236499,0.00003104,393.00000000,1
1531210714770,1531210714766,2236500,0.00003103,68.00000000,0
1531210714770,1531210714766,2236501,0.00003108,532.00000000,0
1531210715650,1531210715647,2236502,0.00003108,348.00000000,0
1531210715785,1531210715781,2236503,0.00003108,3195.00000000,0
1531210716783,1531210716779,2236504,0.00003108,393.00000000,0
1531210717539,1531210717532,2236505,0.00003108,208.00000000,0
1531210718558,1531210718554,2236506,0.00003108,219.00000000,0
1531210719771,1531210719767,2236507,0.00003108,39.00000000,0
1531210731750,1531210731745,2236508,0.00003115,69.00000000,0
1531210737289,1531210737285,2236509,0.00003115,4.00000000,1
1531210739183,1531210739179,2236510,0.00003117,38.00000000,0
1531210741856,1531210741851,2236511,0.00003120,1332.00000000,0
1531210743447,1531210743443,2236512,0.00003118,33.00000000,1
1531210743447,1531210743443,2236513,0.00003117,88.00000000,1
1531210743851,1531210743849,2236514,0.00003120,81.00000000,0
1531210744430,1531210744426,2236515,0.00003117,39.00000000,1
1531210749969,1531210749964,2236516,0.00003112,740.00000000,1
1531210753595,1531210753592,2236517,0.00003116,33.00000000,0
1531210754662,1531210754656,2236518,0.00003116,33.00000000,0
1531210756139,1531210756137,2236519,0.00003116,314.00000000,0
1531210756139,1531210756137,2236520,0.00003118,137.00000000,0
1531210756139,1531210756137,2236521,0.00003120,166.00000000,0
1531210763672,1531210763668,2236522,0.00003119,224.00000000,0
1531210769416,1531210769412,2236523,0.00003119,69.00000000,0
1531210770923,1531210770919,2236524,0.00003119,97.00000000,0
1531210770924,1531210770919,2236525,0.00003120,330.00000000,0
1531210771204,1531210771200,2236526,0.00003120,550.00000000,0
1531210771645,1531210771642,2236527,0.00003120,291.00000000,0
1531210771962,1531210771959,2236528,0.00003120,224.00000000,0
1531210776195,1531210776191,2236529,0.00003113,253.00000000,1
1531210776195,1531210776191,2236530,0.00003112,224.00000000,1
1531210776195,1531210776191,2236531,0.00003110,972.00000000,1
1531210776632,1531210776628,2236532,0.00003119,380.00000000,0
1531210776632,1531210776628,2236533,0.00003120,2707.00000000,0
1531210788464,1531210788462,2236534,0.00003119,253.00000000,0
1531210788464,1531210788462,2236535,0.00003120,102.00000000,0
1531210790117,1531210790112,2236536,0.00003120,88.00000000,0
1531210791632,1531210791628,2236537,0.00003120,22.00000000,0
1531210793236,1531210793232,2236538,0.00003120,6.00000000,0
1531210795667,1531210795667,2236539,0.00003114,352.00000000,1
1531210796668,1531210796664,2236540,0.00003120,352.00000000,0
1531210810004,1531210809998,2236541,0.00003120,414.00000000,0
1531210815316,1531210815311,2236542,0.00003120,199.00000000,0
1531210817112,1531210817105,2236543,0.00003111,380.00000000,1
1531210817112,1531210817105,2236544,0.00003110,34.00000000,1
1531210817112,1531210817105,2236545,0.00003109,161.00000000,1
1531210817112,1531210817105,2236546,0.00003103,33.00000000,1
1531210817112,1531210817105,2236547,0.00003102,56.00000000,1
1531210817112,1531210817105,2236548,0.00003098,210.00000000,1
1531210817112,1531210817105,2236549,0.00003092,231.00000000,1
1531210817112,1531210817105,2236550,0.00003090,348.00000000,1
1531210817124,1531210817119,2236551,0.00003090,374.00000000,0
1531210817145,1531210817140,2236552,0.00003120,202.00000000,0
1531210818934,1531210818930,2236553,0.00003104,138.00000000,0
1531210820017,1531210820012,2236554,0.00003111,93.00000000,0
1531210820950,1531210820946,2236555,0.00003119,380.00000000,0
1531210820950,1531210820946,2236556,0.00003120,104.00000000,0
1531210831951,1531210831947,2236557,0.00003119,326.00000000,0
1531210838565,1531210838560,2236558,0.00003117,1632.00000000,0
1531210850877,1531210850873,2236559,0.00003106,253.00000000,1
1531210851501,1531210851496,2236560,0.00003111,843.00000000,0
1531210854588,1531210854589,2236561,0.00003110,348.00000000,0
1531210862061,1531210862059,2236562,0.00003111,592.00000000,0
1531210864319,1531210864316,2236563,0.00003110,1638.00000000,1
1531210873711,1531210873708,2236564,0.00003102,222.00000000,1
1531210886802,1531210886797,2236565,0.00003103,214.00000000,1
1531210886802,1531210886797,2236566,0.00003100,633.00000000,1
1531210886802,1531210886797,2236567,0.00003097,194.00000000,1
1531210886802,1531210886797,2236568,0.00003093,139.00000000,1
1531210886802,1531210886797,2236569,0.00003088,33.00000000,1
1531210886802,1531210886797,2236570,0.00003086,153.00000000,1
1531210886832,1531210886828,2236571,0.00003086,69.00000000,0
1531210886846,1531210886840,2236572,0.00003086,10.00000000,0
1531210891494,1531210891489,2236573,0.00003107,253.00000000,0
1531210891598,1531210891589,2236574,0.00003108,139.00000000,0
1531210891598,1531210891589,2236575,0.00003113,214.00000000,0
1531210891598,1531210891589,2236576,0.00003116,80.00000000,0
1531210891598,1531210891589,2236577,0.00003118,291.00000000,0
1531210891598,1531210891589,2236578,0.00003119,5669.00000000,0
1531210891598,1531210891589,2236579,0.00003120,33901.00000000,0
1531210891815,1531210891809,2236580,0.00003120,3189.00000000,0
1531210896814,1531210896809,2236581,0.00003120,10.00000000,0
1531210901778,1531210901774,2236582,0.00003107,76.00000000,1
1531210903461,1531210903457,2236583,0.00003118,523.00000000,0
1531210904620,1531210904611,2236584,0.00003117,76.00000000,0
1531210921185,1531210921179,2236585,0.00003117,33.00000000,0
1531210921254,1531210921250,2236586,0.00003111,173.00000000,1
1531210924626,1531210924620,2236587,0.00003117,136.00000000,0
1531210926798,1531210926794,2236588,0.00003117,81.00000000,0
1531210927903,1531210927898,2236589,0.00003117,81.00000000,0
1531210929360,1531210929356,2236590,0.00003117,77.00000000,0
1531210930293,1531210930287,2236591,0.00003118,2122.00000000,0
1531210930293,1531210930287,2236592,0.00003120,915.00000000,0
1531210930806,1531210930801,2236593,0.00003120,3194.00000000,0
1531210932509,1531210932507,2236594,0.00003117,35.00000000,1
1531210934464,1531210934460,2236595,0.00003120,187.00000000,0
1531210934604,1531210934600,2236596,0.00003120,3199.00000000,0
1531210935200,1531210935195,2236597,0.00003120,1772.00000000,0
1531210935337,1531210935333,2236598,0.00003120,56.00000000,0
1531210937504,1531210937499,2236599,0.00003120,12651.00000000,0
1531210938658,1531210938655,2236600,0.00003120,253.00000000,0
1531210938666,1531210938662,2236601,0.00003120,380.00000000,0
1531210939279,1531210939276,2236602,0.00003120,4044.00000000,0
1531210939466,1531210939462,2236603,0.00003120,187.00000000,0
1531210939758,1531210939757,2236604,0.00003120,8065.00000000,0
1531210940620,1531210940615,2236605,0.00003121,703.00000000,0
1531210940840,1531210940831,2236606,0.00003124,192.00000000,0
1531210940840,1531210940831,2236607,0.00003127,33.00000000,0
1531210940840,1531210940831,2236608,0.00003130,74.00000000,0
1531210940840,1531210940831,2236609,0.00003132,195.00000000,0
1531210940840,1531210940831,2236610,0.00003138,47.00000000,0
1531210940840,1531210940831,2236611,0.00003139,1618.00000000,0
1531210940840,1531210940831,2236612,0.00003140,59.00000000,0
1531210940840,1531210940831,2236613,0.00003142,1721.00000000,0
1531210941471,1531210941467,2236614,0.00003142,1269.00000000,0
1531210944630,1531210944625,2236615,0.00003125,1054.00000000,1
1531210944766,1531210944762,2236616,0.00003130,546.00000000,0
1531210946662,1531210946661,2236617,0.00003129,411.00000000,0
1531210953572,1531210953567,2236618,0.00003138,80.00000000,0
1531210954146,1531210954143,2236619,0.00003137,325.00000000,0
1531210956128,1531210956123,2236620,0.00003131,566.00000000,1
1531210956128,1531210956123,2236621,0.00003130,2043.00000000,1
1531210956263,1531210956258,2236622,0.00003131,222.00000000,1
1531210956263,1531210956258,2236623,0.00003130,278.00000000,1
1531210956698,1531210956694,2236624,0.00003130,566.00000000,1
1531210956866,1531210956859,2236625,0.00003131,222.00000000,0
1531210957302,1531210957298,2236626,0.00003144,195.00000000,0
1531210960111,1531210960107,2236627,0.00003131,27.00000000,1
1531210962593,1531210962590,2236628,0.00003138,65.00000000,1
1531210962593,1531210962590,2236629,0.00003131,13.00000000,1
1531210963525,1531210963522,2236630,0.00003131,57.00000000,1
1531210964510,1531210964510,2236631,0.00003131,582.00000000,0
1531210964510,1531210964510,2236632,0.00003139,2699.00000000,0
1531210964510,1531210964510,2236633,0.00003140,2723.00000000,0
1531210964839,1531210964834,2236634,0.00003140,56.00000000,1
1531210969531,1531210969526,2236635,0.00003140,188.00000000,0
1531210969955,1531210969950,2236636,0.00003140,100.00000000,0
1531210971082,1531210971077,2236637,0.00003139,253.00000000,0
1531210971082,1531210971077,2236638,0.00003140,6811.00000000,0
1531210974501,1531210974497,2236639,0.00003139,188.00000000,0
1531210980648,1531210980645,2236640,0.00003137,380.00000000,0
1531210980648,1531210980645,2236641,0.00003139,253.00000000,0
1531210982814,1531210982809,2236642,0.00003139,300.00000000,1
1531210984166,1531210984161,2236643,0.00003140,61.00000000,0
1531210984404,1531210984400,2236644,0.00003140,32100.00000000,0
1531210985231,1531210985230,2236645,0.00003140,140.00000000,0
1531210985647,1531210985643,2236646,0.00003140,18.00000000,0
1531210985709,1531210985706,2236647,0.00003139,4192.00000000,1
1531210987702,1531210987697,2236648,0.00003138,69.00000000,0
1531210992051,1531210992047,2236649,0.00003139,32.00000000,0
1531211000236,1531211000231,2236650,0.00003139,87.00000000,0
1531211014348,1531211014342,2236651,0.00003138,70.00000000,0
1531211022355,1531211022351,2236652,0.00003138,1.00000000,0
1531211022822,1531211022817,2236653,0.00003131,896.00000000,1
1531211025329,1531211025325,2236654,0.00003138,667.00000000,0
1531211025336,1531211025333,2236655,0.00003138,72.00000000,0
1531211025353,1531211025352,2236656,0.00003139,313.00000000,0
1531211028468,1531211028464,2236657,0.00003138,250.00000000,1
1531211029784,1531211029780,2236658,0.00003139,767.00000000,0
1531211032212,1531211032208,2236659,0.00003138,304.00000000,1
1531211032848,1531211032842,2236660,0.00003138,43.00000000,1
1531211033531,1531211033527,2236661,0.00003131,18.00000000,1
1531211044829,1531211044823,2236662,0.00003139,69.00000000,0
1531211070834,1531211070828,2236663,0.00003134,253.00000000,1
1531211070834,1531211070828,2236664,0.00003133,958.00000000,1
1531211070834,1531211070828,2236665,0.00003131,1742.00000000,1
1531211070859,1531211070851,2236666,0.00003130,226.00000000,0
1531211071494,1531211071490,2236667,0.00003130,464.00000000,0
1531211090695,1531211090691,2236668,0.00003129,55.00000000,0
1531211090749,1531211090745,2236669,0.00003126,32.00000000,1
1531211094051,1531211094046,2236670,0.00003126,188.00000000,0
1531211099115,1531211099110,2236671,0.00003129,188.00000000,0
1531211108263,1531211108263,2236672,0.00003126,376.00000000,1
1531211130217,1531211130213,2236673,0.00003125,188.00000000,0
1531211135157,1531211135153,2236674,0.00003124,188.00000000,0
1531211135675,1531211135670,2236675,0.00003121,602.00000000,1
1531211136622,1531211136617,2236676,0.00003120,249.00000000,1
1531211138626,1531211138619,2236677,0.00003119,194.00000000,1
1531211140167,1531211140162,2236678,0.00003120,171.00000000,0
1531211145280,1531211145275,2236679,0.00003121,188.00000000,0
1531211146303,1531211146299,2236680,0.00003121,97.00000000,0
1531211150255,1531211150251,2236681,0.00003121,188.00000000,0
1531211155177,1531211155174,2236682,0.00003121,159.00000000,0
1531211160171,1531211160167,2236683,0.00003121,188.00000000,0
1531211165275,1531211165271,2236684,0.00003121,188.00000000,0
1531211167848,1531211167843,2236685,0.00003119,614.00000000,1
1531211167848,1531211167843,2236686,0.00003117,56.00000000,1
1531211167848,1531211167843,2236687,0.00003115,121.00000000,1
1531211167848,1531211167843,2236688,0.00003106,34.00000000,1
1531211167848,1531211167843,2236689,0.00003105,143.00000000,1
1531211167848,1531211167843,2236690,0.00003104,269.00000000,1
1531211167848,1531211167843,2236691,0.00003103,38.00000000,1
1531211167848,1531211167843,2236692,0.00003102,166.00000000,1
1531211167848,1531211167843,2236693,0.00003101,177.00000000,1
1531211167848,1531211167843,2236694,0.00003100,1753.00000000,1
1531211167863,1531211167860,2236695,0.00003100,5065.00000000,0
1531211167893,1531211167888,2236696,0.00003100,5065.00000000,0
1531211167901,1531211167898,2236697,0.00003100,322.00000000,0
1531211170174,1531211170169,2236698,0.00003100,374.00000000,0
1531211170191,1531211170187,2236699,0.00003100,188.00000000,0
1531211170526,1531211170520,2236700,0.00003100,373.00000000,0
1531211171498,1531211171494,2236701,0.00003100,380.00000000,0
1531211172093,1531211172089,2236702,0.00003100,236.00000000,0
1531211172869,1531211172865,2236703,0.00003100,427.00000000,0
1531211173492,1531211173487,2236704,0.00003100,423.00000000,0
1531211175190,1531211175186,2236705,0.00003100,190.00000000,0
1531211180328,1531211180324,2236706,0.00003100,109.00000000,0
1531211180544,1531211180539,2236707,0.00003100,326.00000000,0
1531211181720,1531211181714,2236708,0.00003100,293.00000000,0
1531211184591,1531211184586,2236709,0.00003094,1459.00000000,1
1531211184591,1531211184586,2236710,0.00003090,76.00000000,1
1531211184591,1531211184586,2236711,0.00003088,194.00000000,1
1531211184591,1531211184586,2236712,0.00003086,98.00000000,1
1531211184591,1531211184586,2236713,0.00003085,857.00000000,1
1531211185195,1531211185191,2236714,0.00003099,190.00000000,0
1531211186558,1531211186553,2236715,0.00003099,377.00000000,0
1531211187503,1531211187498,2236716,0.00003089,68.00000000,1
1531211188903,1531211188897,2236717,0.00003099,365.00000000,0
1531211190311,1531211190307,2236718,0.00003100,190.00000000,0
1531211195205,1531211195202,2236719,0.00003098,191.00000000,0
1531211199443,1531211199438,2236720,0.00003094,55.00000000,0
1531211200275,1531211200271,2236721,0.00003100,191.00000000,0
1531211201872,1531211201868,2236722,0.00003087,410.00000000,1
1531211202888,1531211202885,2236723,0.00003099,191.00000000,0
1531211203294,1531211203289,2236724,0.00003087,505.00000000,1
1531211203294,1531211203289,2236725,0.00003085,119.00000000,1
1531211210283,1531211210278,2236726,0.00003097,190.00000000,0
1531211215227,1531211215223,2236727,0.00003093,76.00000000,0
1531211219946,1531211219940,2236728,0.00003090,1791.00000000,1
1531211219946,1531211219940,2236729,0.00003088,2768.00000000,1
1531211220035,1531211220029,2236730,0.00003088,39.00000000,0
1531211220838,1531211220833,2236731,0.00003088,1861.00000000,0
1531211221851,1531211221846,2236732,0.00003088,163.00000000,0
1531211223685,1531211223681,2236733,0.00003087,208.00000000,1
1531211223685,1531211223681,2236734,0.00003086,104.00000000,1
1531211235588,1531211235585,2236735,0.00003095,208.00000000,0
1531211235588,1531211235585,2236736,0.00003100,9397.00000000,0
1531211235980,1531211235981,2236737,0.00003100,1822.00000000,0
1531211248297,1531211248297,2236738,0.00003100,924.00000000,0
1531211251042,1531211251038,2236739,0.00003100,5812.00000000,0
1531211251108,1531211251103,2236740,0.00003107,77.00000000,0
1531211251108,1531211251103,2236741,0.00003110,87.00000000,0
1531211255292,1531211255288,2236742,0.00003109,365.00000000,0
1531211255292,1531211255288,2236743,0.00003110,287.00000000,0
1531211261291,1531211261286,2236744,0.00003110,306.00000000,0
1531211266499,1531211266495,2236745,0.00003110,18.00000000,0
1531211272871,1531211272866,2236746,0.00003110,219.00000000,0
1531211274090,1531211274086,2236747,0.00003110,1291.00000000,0
1531211289602,1531211289596,2236748,0.00003112,230.00000000,0
1531211289602,1531211289596,2236749,0.00003113,33.00000000,0
1531211289602,1531211289596,2236750,0.00003116,3358.00000000,0
1531211289602,1531211289596,2236751,0.00003117,177.00000000,0
1531211289602,1531211289596,2236752,0.00003118,6092.00000000,0
1531211289602,1531211289596,2236753,0.00003119,110.00000000,0
1531211314898,1531211314893,2236754,0.00003114,365.00000000,1
1531211314910,1531211314906,2236755,0.00003110,363.00000000,1
1531211325695,1531211325696,2236756,0.00003114,33.00000000,0
1531211328252,1531211328247,2236757,0.00003114,238.00000000,0
1531211328252,1531211328247,2236758,0.00003118,143.00000000,0
1531211328252,1531211328247,2236759,0.00003119,10.00000000,0
1531211335255,1531211335251,2236760,0.00003117,365.00000000,0
1531211335255,1531211335251,2236761,0.00003119,35.00000000,0
1531211337814,1531211337810,2236762,0.00003118,365.00000000,0
1531211340564,1531211340559,2236763,0.00003119,3991.00000000,0
1531211358308,1531211358305,2236764,0.00003118,61.00000000,0
1531211380803,1531211380798,2236765,0.00003110,609.00000000,1
1531211380803,1531211380798,2236766,0.00003107,365.00000000,1
1531211380807,1531211380802,2236767,0.00003103,609.00000000,1
1531211380811,1531211380805,2236768,0.00003103,355.00000000,1
1531211380811,1531211380805,2236769,0.00003088,250.00000000,1
1531211381054,1531211381049,2236770,0.00003093,268.00000000,0
1531211430036,1531211430031,2236771,0.00003107,365.00000000,0
1531211430036,1531211430031,2236772,0.00003110,2684.00000000,0
1531211430036,1531211430031,2236773,0.00003111,669.00000000,0
1531211430036,1531211430031,2236774,0.00003118,35.00000000,0
1531211430036,1531211430031,2236775,0.00003119,919.00000000,0
1531211430036,1531211430031,2236776,0.00003120,239.00000000,0
1531211430036,1531211430031,2236777,0.00003124,195.00000000,0
1531211430113,1531211430108,2236778,0.00003124,41.00000000,1
1531211430134,1531211430129,2236779,0.00003124,4.00000000,1
1531211430143,1531211430138,2236780,0.00003101,40.00000000,1
1531211430760,1531211430755,2236781,0.00003108,45.00000000,0
1531211430760,1531211430755,2236782,0.00003109,41.00000000,0
1531211432257,1531211432257,2236783,0.00003104,100.00000000,1
1531211435122,1531211435117,2236784,0.00003125,100.00000000,0
1531211438439,1531211438432,2236785,0.00003108,885.00000000,1
1531211439771,1531211439770,2236786,0.00003125,480.00000000,0
1531211441825,1531211441819,2236787,0.00003124,2867.00000000,0
1531211441825,1531211441819,2236788,0.00003125,5626.00000000,0
1531211441981,1531211441977,2236789,0.00003124,1064.00000000,1
1531211442740,1531211442734,2236790,0.00003125,2117.00000000,0
1531211446333,1531211446330,2236791,0.00003124,1000.00000000,1
1531211446787,1531211446783,2236792,0.00003124,663.00000000,1
1531211447364,1531211447358,2236793,0.00003124,365.00000000,0
1531211450886,1531211450883,2236794,0.00003109,355.00000000,1
1531211454195,1531211454163,2236795,0.00003122,2614.00000000,0
1531211458348,1531211458343,2236796,0.00003123,92.00000000,0
1531211461440,1531211461437,2236797,0.00003123,56.00000000,0
1531211461888,1531211461884,2236798,0.00003123,189.00000000,0
1531211462033,1531211462029,2236799,0.00003123,189.00000000,0
1531211465963,1531211465959,2236800,0.00003123,189.00000000,0
1531211472027,1531211472023,2236801,0.00003123,76.00000000,0
1531211476155,1531211476151,2236802,0.00003125,189.00000000,0
1531211481004,1531211481000,2236803,0.00003125,189.00000000,0
1531211486110,1531211486104,2236804,0.00003125,189.00000000,0
1531211486544,1531211486539,2236805,0.00003125,186.00000000,0
1531211491001,1531211490996,2236806,0.00003125,96.00000000,0
1531211493352,1531211493347,2236807,0.00003123,100.00000000,1
1531211493352,1531211493347,2236808,0.00003116,777.00000000,1
1531211493353,1531211493347,2236809,0.00003110,166.00000000,1
1531211493353,1531211493347,2236810,0.00003102,1426.00000000,1
1531211493353,1531211493347,2236811,0.00003101,33.00000000,1
1531211493353,1531211493347,2236812,0.00003100,36.00000000,1
1531211493353,1531211493347,2236813,0.00003096,1007.00000000,1
1531211494799,1531211494793,2236814,0.00003122,354.00000000,0
1531211496144,1531211496140,2236815,0.00003123,189.00000000,0
1531211496774,1531211496771,2236816,0.00003122,2447.00000000,0
1531211508915,1531211508910,2236817,0.00003120,588.00000000,0
1531211519970,1531211519967,2236818,0.00003125,692.00000000,0
1531211521244,1531211521241,2236819,0.00003125,230.00000000,0
1531211531183,1531211531178,2236820,0.00003120,348.00000000,1
1531211531195,1531211531190,2236821,0.00003103,348.00000000,1
1531211531200,1531211531194,2236822,0.00003103,341.00000000,1
1531211536198,1531211536192,2236823,0.00003115,190.00000000,0
1531211541243,1531211541239,2236824,0.00003115,158.00000000,0
1531211545163,1531211545157,2236825,0.00003120,349.00000000,0
1531211545163,1531211545157,2236826,0.00003123,3.00000000,0
1531211545874,1531211545869,2236827,0.00003116,33.00000000,1
1531211547392,1531211547386,2236828,0.00003111,33.00000000,1
1531211562931,1531211562926,2236829,0.00003115,33.00000000,0
1531211588758,1531211588755,2236830,0.00003119,939.00000000,0
1531211591138,1531211591134,2236831,0.00003123,95.00000000,0
1531211597641,1531211597637,2236832,0.00003122,18.00000000,1
1531211606796,1531211606792,2236833,0.00003122,431.00000000,1
1531211607524,1531211607516,2236834,0.00003123,155.00000000,0
1531211607524,1531211607516,2236835,0.00003125,2804.00000000,0
1531211607524,1531211607516,2236836,0.00003126,1315.00000000,0
1531211607524,1531211607516,2236837,0.00003130,197.00000000,0
1531211607524,1531211607516,2236838,0.00003134,659.00000000,0
1531211607524,1531211607516,2236839,0.00003140,306.00000000,0
1531211607524,1531211607516,2236840,0.00003144,794.00000000,0
1531211607524,1531211607516,2236841,0.00003147,2765.00000000,0
1531211607524,1531211607516,2236842,0.00003148,201.00000000,0
1531211607524,1531211607516,2236843,0.00003149,4110.00000000,0
1531211608038,1531211608034,2236844,0.00003149,9090.00000000,0
1531211608948,1531211608945,2236845,0.00003128,162.00000000,1
1531211610825,1531211610818,2236846,0.00003129,696.00000000,1
1531211615150,1531211615144,2236847,0.00003133,68.00000000,1
1531211623016,1531211623013,2236848,0.00003137,567.00000000,1
1531211627503,1531211627499,2236849,0.00003144,41.00000000,1
1531211627826,1531211627821,2236850,0.00003146,33.00000000,1
1531211630221,1531211630216,2236851,0.00003133,55.00000000,1
1531211635277,1531211635272,2236852,0.00003146,165.00000000,0
1531211635346,1531211635342,2236853,0.00003136,194.00000000,1
1531211640498,1531211640495,2236854,0.00003133,36.00000000,1
1531211647383,1531211647378,2236855,0.00003142,81.00000000,0
1531211650282,1531211650277,2236856,0.00003142,74.00000000,0
1531211668103,1531211668098,2236857,0.00003142,7.00000000,0
1531211673998,1531211673994,2236858,0.00003143,58.00000000,1
1531211683599,1531211683587,2236859,0.00003129,229.00000000,1
1531211683599,1531211683587,2236860,0.00003127,960.00000000,1
1531211683599,1531211683587,2236861,0.00003122,468.00000000,1
1531211683599,1531211683587,2236862,0.00003121,55.00000000,1
1531211683599,1531211683587,2236863,0.00003120,220.00000000,1
1531211683599,1531211683587,2236864,0.00003118,44.00000000,1
1531211683599,1531211683587,2236865,0.00003116,117.00000000,1
1531211683599,1531211683587,2236866,0.00003115,221.00000000,1
1531211683599,1531211683587,2236867,0.00003114,79.00000000,1
1531211683599,1531211683587,2236868,0.00003113,584.00000000,1
1531211683599,1531211683587,2236869,0.00003111,457.00000000,1
1531211683599,1531211683587,2236870,0.00003110,902.00000000,1
1531211683599,1531211683587,2236871,0.00003109,362.00000000,1
1531211683599,1531211683587,2236872,0.00003108,270.00000000,1
1531211683599,1531211683587,2236873,0.00003107,1364.00000000,1
1531211684121,1531211684116,2236874,0.00003119,1123.00000000,0
1531211684197,1531211684194,2236875,0.00003127,190.00000000,0
1531211684214,1531211684209,2236876,0.00003130,21.00000000,1
1531211684596,1531211684591,2236877,0.00003125,47.00000000,0
1531211685369,1531211685364,2236878,0.00003125,211.00000000,0
1531211685479,1531211685476,2236879,0.00003126,50.00000000,0
1531211686358,1531211686353,2236880,0.00003125,530.00000000,0
1531211689852,1531211689847,2236881,0.00003124,249.00000000,0
1531211694176,1531211694171,2236882,0.00003124,170.00000000,0
1531211701972,1531211701967,2236883,0.00003125,372.00000000,0
1531211703026,1531211703022,2236884,0.00003125,152.00000000,0
1531211704530,1531211704525,2236885,0.00003126,207.00000000,0
1531211706590,1531211706584,2236886,0.00003125,105.00000000,0
1531211714174,1531211714170,2236887,0.00003125,250.00000000,1
1531211714174,1531211714170,2236888,0.00003121,176.00000000,1
1531211715350,1531211715345,2236889,0.00003127,82.00000000,0
1531211720923,1531211720918,2236890,0.00003124,87.00000000,0
1531211728219,1531211728214,2236891,0.00003124,15.00000000,0
1531211735412,1531211735406,2236892,0.00003125,192.00000000,0
1531211742522,1531211742515,2236893,0.00003125,1.00000000,0
1531211742522,1531211742515,2236894,0.00003129,190.00000000,0
1531211742522,1531211742515,2236895,0.00003130,354.00000000,0
1531211747136,1531211747132,2236896,0.00003131,165.00000000,0
1531211748773,1531211748769,2236897,0.00003133,79.00000000,0
1531211748773,1531211748769,2236898,0.00003134,3.00000000,0
1531211754347,1531211754343,2236899,0.00003122,4.00000000,1
1531211756324,1531211756320,2236900,0.00003121,4.00000000,1
1531211757311,1531211757308,2236901,0.00003121,107.00000000,1
1531211757322,1531211757317,2236902,0.00003120,65.00000000,1
1531211757366,1531211757361,2236903,0.00003122,210.00000000,1
1531211757366,1531211757361,2236904,0.00003117,36.00000000,1
1531211757844,1531211757839,2236905,0.00003132,189.00000000,0
1531211758371,1531211758367,2236906,0.00003129,210.00000000,0
1531211758371,1531211758367,2236907,0.00003130,225.00000000,0
1531211758371,1531211758367,2236908,0.00003132,165.00000000,0
1531211758371,1531211758367,2236909,0.00003133,250.00000000,0
1531211758371,1531211758367,2236910,0.00003134,41.00000000,0
1531211758371,1531211758367,2236911,0.00003135,76.00000000,0
1531211758371,1531211758367,2236912,0.00003136,239.00000000,0
1531211758371,1531211758367,2236913,0.00003137,27.00000000,0
1531211759508,1531211759505,2236914,0.00003137,72.00000000,0
1531211759508,1531211759505,2236915,0.00003138,174.00000000,0
1531211765996,1531211765993,2236916,0.00003138,1351.00000000,0
1531211769227,1531211769223,2236917,0.00003127,250.00000000,1
1531211781731,1531211781728,2236918,0.00003127,354.00000000,1
1531211782728,1531211782697,2236919,0.00003127,224.00000000,1
1531211789218,1531211789213,2236920,0.00003139,33.00000000,1
1531211797793,1531211797790,2236921,0.00003137,354.00000000,0
1531211798747,1531211798741,2236922,0.00003138,94.00000000,1
1531211804511,1531211804504,2236923,0.00003136,71.00000000,0
1531211806354,1531211806349,2236924,0.00003137,414.00000000,0
1531211806354,1531211806349,2236925,0.00003139,4969.00000000,0
1531211806356,1531211806352,2236926,0.00003139,423.00000000,1
1531211809039,1531211809034,2236927,0.00003130,1347.00000000,1
1531211809321,1531211809317,2236928,0.00003134,71.00000000,0
1531211810370,1531211810366,2236929,0.00003134,40.00000000,0
1531211810370,1531211810366,2236930,0.00003135,71.00000000,0
1531211811808,1531211811803,2236931,0.00003139,354.00000000,0
1531211816293,1531211816292,2236932,0.00003140,320.00000000,0
1531211819209,1531211819205,2236933,0.00003140,2081.00000000,0
1531211820734,1531211820729,2236934,0.00003140,162.00000000,0
1531211822008,1531211822005,2236935,0.00003139,1732.00000000,0
1531211830354,1531211830351,2236936,0.00003139,2818.00000000,0
1531211836351,1531211836346,2236937,0.00003135,68.00000000,1
1531211837594,1531211837588,2236938,0.00003139,581.00000000,0
1531211837594,1531211837588,2236939,0.00003140,7482.00000000,0
1531211840381,1531211840377,2236940,0.00003143,130.00000000,0
1531211840381,1531211840377,2236941,0.00003144,162.00000000,0
1531211842863,1531211842858,2236942,0.00003140,243.00000000,1
1531211843047,1531211843044,2236943,0.00003140,121.00000000,0
1531211843047,1531211843044,2236944,0.00003145,72.00000000,0
1531211845797,1531211845790,2236945,0.00003146,495.00000000,0
1531211845797,1531211845790,2236946,0.00003148,1005.00000000,0
1531211847352,1531211847346,2236947,0.00003148,3697.00000000,0
1531211848491,1531211848486,2236948,0.00003148,714.00000000,0
1531211848491,1531211848486,2236949,0.00003149,3249.00000000,0
1531211848624,1531211848620,2236950,0.00003149,981.00000000,0
1531211848624,1531211848620,2236951,0.00003150,213.00000000,0
1531211849405,1531211849400,2236952,0.00003150,68.00000000,1
1531211851582,1531211851576,2236953,0.00003152,67.00000000,0
1531211851582,1531211851576,2236954,0.00003153,286.00000000,0
1531211853585,1531211853582,2236955,0.00003152,53.00000000,1
1531211854354,1531211854350,2236956,0.00003155,862.00000000,0
1531211854354,1531211854350,2236957,0.00003157,585.00000000,0
1531211857014,1531211857008,2236958,0.00003160,343.00000000,0
1531211857014,1531211857008,2236959,0.00003162,560.00000000,0
1531211866768,1531211866764,2236960,0.00003156,243.00000000,1
1531211866768,1531211866764,2236961,0.00003155,1019.00000000,1
1531211866899,1531211866894,2236962,0.00003162,3361.00000000,0
1531211866941,1531211866939,2236963,0.00003162,233.00000000,1
1531211866946,1531211866942,2236964,0.00003162,32.00000000,1
1531211867219,1531211867214,2236965,0.00003164,4567.00000000,0
1531211867219,1531211867214,2236966,0.00003165,667.00000000,0
1531211867228,1531211867222,2236967,0.00003162,1189.00000000,1
1531211869434,1531211869429,2236968,0.00003163,929.00000000,1
1531211870047,1531211870042,2236969,0.00003163,64.00000000,0
1531211870094,1531211870088,2236970,0.00003156,80.00000000,1
1531211870141,1531211870137,2236971,0.00003163,32.00000000,0
1531211872089,1531211872086,2236972,0.00003163,286.00000000,0
1531211872261,1531211872257,2236973,0.00003163,5.00000000,1
1531211878602,1531211878598,2236974,0.00003163,303.00000000,1
1531211882532,1531211882528,2236975,0.00003160,243.00000000,0
1531211882532,1531211882528,2236976,0.00003161,1307.00000000,0
1531211887138,1531211887133,2236977,0.00003160,34.00000000,1
1531211887138,1531211887133,2236978,0.00003152,119.00000000,1
1531211887138,1531211887133,2236979,0.00003150,32.00000000,1
1531211887138,1531211887133,2236980,0.00003140,285.00000000,1
1531211887603,1531211887598,2236981,0.00003160,338.00000000,0
1531211887603,1531211887598,2236982,0.00003161,1320.00000000,0
1531211890212,1531211890208,2236983,0.00003160,80.00000000,0
1531211890807,1531211890802,2236984,0.00003160,177.00000000,0
1531211890807,1531211890802,2236985,0.00003161,736.00000000,0
1531211895749,1531211895743,2236986,0.00003161,1659.00000000,0
1531211897285,1531211897279,2236987,0.00003161,376.00000000,0
1531211897397,1531211897394,2236988,0.00003160,580.00000000,0
1531211898359,1531211898356,2236989,0.00003151,50.00000000,1
1531211898435,1531211898432,2236990,0.00003160,521.00000000,0
1531211913745,1531211913740,2236991,0.00003159,589.00000000,0
1531211931348,1531211931343,2236992,0.00003155,243.00000000,0
1531211931348,1531211931343,2236993,0.00003157,5174.00000000,0
1531211931348,1531211931343,2236994,0.00003158,3565.00000000,0
1531211932684,1531211932677,2236995,0.00003158,13.00000000,0
1531211938734,1531211938729,2236996,0.00003158,495.00000000,0
1531211948266,1531211948263,2236997,0.00003155,467.00000000,0
1531211952115,1531211952110,2236998,0.00003155,577.00000000,0
1531211956578,1531211956573,2236999,0.00003155,659.00000000,0
1531211962602,1531211962597,2237000,0.00003155,670.00000000,0
1531211962602,1531211962597,2237001,0.00003157,2259.00000000,0
1531211965541,1531211965537,2237002,0.00003157,243.00000000,0
1531211966382,1531211966378,2237003,0.00003157,985.00000000,0
1531211966382,1531211966378,2237004,0.00003162,56.00000000,0
1531211966382,1531211966378,2237005,0.00003163,128.00000000,0
1531211967769,1531211967764,2237006,0.00003157,40.00000000,0
1531211971004,1531211971000,2237007,0.00003165,64.00000000,0
1531211971004,1531211971000,2237008,0.00003167,118.00000000,0
1531211972581,1531211972575,2237009,0.00003167,43.00000000,0
1531211972581,1531211972575,2237010,0.00003168,1739.00000000,0
1531211972581,1531211972575,2237011,0.00003171,796.00000000,0
1531211972581,1531211972575,2237012,0.00003174,65.00000000,0
1531211972581,1531211972575,2237013,0.00003175,84.00000000,0
1531211976705,1531211976700,2237014,0.00003168,6.00000000,1
1531211977599,1531211977595,2237015,0.00003174,80.00000000,0
1531211979066,1531211979062,2237016,0.00003174,163.00000000,0
1531211979066,1531211979062,2237017,0.00003175,73.00000000,0
1531211979066,1531211979062,2237018,0.00003178,3400.00000000,0
1531211981476,1531211981472,2237019,0.00003172,1212.00000000,0
1531211986371,1531211986367,2237020,0.00003172,3014.00000000,1
1531211986371,1531211986367,2237021,0.00003168,338.00000000,1
1531211986371,1531211986367,2237022,0.00003167,95.00000000,1
1531211986371,1531211986367,2237023,0.00003159,593.00000000,1
1531211986384,1531211986380,2237024,0.00003159,1001.00000000,0
1531211988343,1531211988339,2237025,0.00003175,70.00000000,0
1531211988376,1531211988372,2237026,0.00003175,233.00000000,1
1531211989235,1531211989230,2237027,0.00003163,309.00000000,1
1531211991844,1531211991840,2237028,0.00003172,338.00000000,0
1531211991844,1531211991840,2237029,0.00003173,383.00000000,0
1531211991844,1531211991840,2237030,0.00003175,50.00000000,0
1531211991844,1531211991840,2237031,0.00003178,121.00000000,0
1531211998623,1531211998618,2237032,0.00003177,69.00000000,0
1531212000160,1531212000154,2237033,0.00003176,64.00000000,1
1531212000160,1531212000154,2237034,0.00003174,86.00000000,1
1531212004110,1531212004106,2237035,0.00003165,2.00000000,1
1531212004265,1531212004260,2237036,0.00003165,32.00000000,1
1531212006438,1531212006433,2237037,0.00003177,139.00000000,0
1531212007491,1531212007486,2237038,0.00003174,67.00000000,1
1531212009898,1531212009895,2237039,0.00003174,164.00000000,1
1531212012212,1531212012208,2237040,0.00003177,32.00000000,0
1531212013891,1531212013886,2237041,0.00003177,64.00000000,0
1531212020909,1531212020904,2237042,0.00003174,178.00000000,1
1531212020917,1531212020911,2237043,0.00003178,4197.00000000,0
1531212020921,1531212020915,2237044,0.00003178,178.00000000,1
1531212020924,1531212020920,2237045,0.00003178,171.00000000,1
1531212020929,1531212020924,2237046,0.00003178,2151.00000000,1
1531212020930,1531212020925,2237047,0.00003178,39.00000000,1
1531212020939,1531212020935,2237048,0.00003178,1894.00000000,1
1531212020993,1531212020991,2237049,0.00003178,19.00000000,1
1531212021998,1531212021993,2237050,0.00003163,163.00000000,1
1531212022684,1531212022678,2237051,0.00003174,185.00000000,0
1531212022968,1531212022964,2237052,0.00003174,105.00000000,0
1531212023811,1531212023806,2237053,0.00003174,1258.00000000,0
1531212027712,1531212027708,2237054,0.00003177,180.00000000,0
1531212031792,1531212031787,2237055,0.00003178,925.00000000,0
1531212034081,1531212034077,2237056,0.00003179,918.00000000,0
1531212034293,1531212034288,2237057,0.00003179,149.00000000,0
1531212034293,1531212034288,2237058,0.00003180,4.00000000,0
1531212035406,1531212035400,2237059,0.00003180,468.00000000,0
1531212036682,1531212036676,2237060,0.00003181,243.00000000,0
1531212037678,1531212037673,2237061,0.00003181,338.00000000,0
1531212038572,1531212038567,2237062,0.00003181,91.00000000,0
1531212041559,1531212041552,2237063,0.00003181,3558.00000000,0
1531212041559,1531212041552,2237064,0.00003182,1435.00000000,0
1531212041559,1531212041552,2237065,0.00003184,943.00000000,0
1531212041559,1531212041552,2237066,0.00003186,429.00000000,0
1531212041559,1531212041552,2237067,0.00003187,1027.00000000,0
1531212041559,1531212041552,2237068,0.00003188,380.00000000,0
1531212041559,1531212041552,2237069,0.00003189,942.00000000,0
1531212041559,1531212041552,2237070,0.00003190,141.00000000,0
1531212041559,1531212041552,2237071,0.00003191,1531.00000000,0
1531212049744,1531212049742,2237072,0.00003189,189.00000000,0
1531212050068,1531212050063,2237073,0.00003192,91.00000000,0
1531212050081,1531212050077,2237074,0.00003193,39.00000000,0
1531212050085,1531212050081,2237075,0.00003193,52.00000000,0
1531212050086,1531212050082,2237076,0.00003193,248.00000000,0
1531212050093,1531212050091,2237077,0.00003193,234.00000000,0
1531212050112,1531212050108,2237078,0.00003193,249.00000000,0
1531212051202,1531212051197,2237079,0.00003189,7.00000000,1
1531212051289,1531212051286,2237080,0.00003189,11.00000000,1
1531212051316,1531212051312,2237081,0.00003189,10.00000000,1
1531212051389,1531212051387,2237082,0.00003189,24.00000000,1
1531212051416,1531212051411,2237083,0.00003189,9.00000000,1
1531212051454,1531212051451,2237084,0.00003189,24.00000000,1
1531212051488,1531212051483,2237085,0.00003189,7.00000000,1
1531212051589,1531212051584,2237086,0.00003193,100.00000000,0
1531212051739,1531212051735,2237087,0.00003189,7.00000000,1
1531212051740,1531212051736,2237088,0.00003189,90.00000000,1
1531212051740,1531212051736,2237089,0.00003185,10.00000000,1
1531212051856,1531212051853,2237090,0.00003185,8.00000000,1
1531212053025,1531212053021,2237091,0.00003193,32.00000000,0
1531212053444,1531212053440,2237092,0.00003193,764.00000000,1
1531212055438,1531212055434,2237093,0.00003186,34.00000000,1
1531212057287,1531212057284,2237094,0.00003190,237.00000000,0
1531212065249,1531212065246,2237095,0.00003194,63.00000000,1
1531212065842,1531212065837,2237096,0.00003194,104.00000000,1
1531212066646,1531212066643,2237097,0.00003195,3117.00000000,0
1531212068422,1531212068418,2237098,0.00003195,802.00000000,0
1531212068592,1531212068589,2237099,0.00003195,50.00000000,1
1531212068768,1531212068764,2237100,0.00003195,8.00000000,1
1531212068811,1531212068809,2237101,0.00003195,9.00000000,1
1531212068853,1531212068848,2237102,0.00003195,7.00000000,1
1531212068880,1531212068876,2237103,0.00003195,16.00000000,1
1531212068947,1531212068943,2237104,0.00003195,11.00000000,1
1531212068992,1531212068988,2237105,0.00003195,8.00000000,1
1531212069165,1531212069160,2237106,0.00003195,8.00000000,1
1531212069226,1531212069220,2237107,0.00003195,6.00000000,1
1531212069261,1531212069257,2237108,0.00003195,13.00000000,1
1531212069309,1531212069304,2237109,0.00003195,6.00000000,1
1531212069433,1531212069428,2237110,0.00003195,11.00000000,1
1531212069495,1531212069489,2237111,0.00003195,25.00000000,1
1531212069510,1531212069506,2237112,0.00003195,8.00000000,1
1531212069538,1531212069533,2237113,0.00003195,8.00000000,1
1531212069573,1531212069568,2237114,0.00003195,16.00000000,1
1531212071337,1531212071330,2237115,0.00003196,1458.00000000,0
1531212071337,1531212071330,2237116,0.00003197,866.00000000,0
1531212071337,1531212071330,2237117,0.00003198,797.00000000,0
1531212077990,1531212077983,2237118,0.00003196,225.00000000,1
1531212077990,1531212077983,2237119,0.00003195,768.00000000,1
1531212078400,1531212078396,2237120,0.00003198,1563.00000000,0
1531212079579,1531212079576,2237121,0.00003198,1563.00000000,0
1531212080763,1531212080759,2237122,0.00003198,2774.00000000,0
1531212080909,1531212080905,2237123,0.00003198,1562.00000000,0
1531212081720,1531212081714,2237124,0.00003196,3322.00000000,1
1531212081720,1531212081714,2237125,0.00003195,1221.00000000,1
1531212081720,1531212081714,2237126,0.00003194,2262.00000000,1
1531212081720,1531212081714,2237127,0.00003186,5889.00000000,1
1531212083023,1531212083018,2237128,0.00003196,243.00000000,0
1531212083023,1531212083018,2237129,0.00003197,1320.00000000,0
1531212083187,1531212083183,2237130,0.00003197,100.00000000,0
1531212083571,1531212083567,2237131,0.00003197,2060.00000000,0
1531212083571,1531212083567,2237132,0.00003198,1443.00000000,0
1531212085472,1531212085466,2237133,0.00003198,337.00000000,0
1531212085472,1531212085466,2237134,0.00003199,569.00000000,0
1531212085472,1531212085466,2237135,0.00003200,2212.00000000,0
1531212088436,1531212088433,2237136,0.00003200,4068.00000000,0
1531212090386,1531212090381,2237137,0.00003200,914.00000000,0
1531212091838,1531212091834,2237138,0.00003199,280.00000000,1
1531212093281,1531212093276,2237139,0.00003200,79.00000000,0
1531212101348,1531212101342,2237140,0.00003199,2894.00000000,0
1531212101348,1531212101342,2237141,0.00003200,5628.00000000,0
1531212101756,1531212101751,2237142,0.00003201,56.00000000,0
1531212101813,1531212101809,2237143,0.00003202,243.00000000,0
1531212103771,1531212103767,2237144,0.00003202,378.00000000,0
1531212104860,1531212104855,2237145,0.00003203,32.00000000,0
1531212107847,1531212107843,2237146,0.00003205,91.00000000,0
1531212108436,1531212108432,2237147,0.00003205,486.00000000,0
1531212108436,1531212108432,2237148,0.00003209,27.00000000,0
1531212110927,1531212110921,2237149,0.00003209,11.00000000,0
1531212115024,1531212115020,2237150,0.00003208,91.00000000,0
1531212117010,1531212117007,2237151,0.00003209,93.00000000,0
1531212117383,1531212117379,2237152,0.00003209,4393.00000000,0
1531212117383,1531212117379,2237153,0.00003211,1001.00000000,0
1531212117383,1531212117379,2237154,0.00003218,113.00000000,0
1531212117770,1531212117764,2237155,0.00003218,76.00000000,0
1531212117770,1531212117764,2237156,0.00003219,858.00000000,0
1531212117770,1531212117764,2237157,0.00003221,629.00000000,0
1531212117770,1531212117764,2237158,0.00003222,73.00000000,0
1531212117770,1531212117764,2237159,0.00003223,191.00000000,0
1531212117770,1531212117764,2237160,0.00003225,460.00000000,0
1531212117770,1531212117764,2237161,0.00003226,33.00000000,0
1531212117770,1531212117764,2237162,0.00003228,719.00000000,0
1531212117770,1531212117764,2237163,0.00003229,54.00000000,0
1531212120130,1531212120126,2237164,0.00003218,42.00000000,1
1531212120139,1531212120134,2237165,0.00003218,21.00000000,1
1531212120796,1531212120790,2237166,0.00003213,240.00000000,1
1531212121577,1531212121573,2237167,0.00003215,110.00000000,0
1531212121577,1531212121573,2237168,0.00003216,63.00000000,0
1531212121577,1531212121573,2237169,0.00003230,36.00000000,0
1531212121644,1531212121640,2237170,0.00003224,26.00000000,1
1531212121785,1531212121781,2237171,0.00003224,253.00000000,1
1531212122131,1531212122131,2237172,0.00003224,302.00000000,1
1531212124051,1531212124045,2237173,0.00003217,151.00000000,1
1531212124051,1531212124045,2237174,0.00003216,32.00000000,1
1531212124051,1531212124045,2237175,0.00003215,71.00000000,1
1531212125696,1531212125692,2237176,0.00003222,29.00000000,1
1531212126174,1531212126167,2237177,0.00003222,2540.00000000,1
1531212126206,1531212126202,2237178,0.00003224,817.00000000,0
1531212126723,1531212126719,2237179,0.00003227,91.00000000,0
1531212126854,1531212126850,2237180,0.00003227,60.00000000,0
1531212126854,1531212126850,2237181,0.00003228,32.00000000,0
1531212126854,1531212126850,2237182,0.00003230,864.00000000,0
1531212127924,1531212127921,2237183,0.00003229,31.00000000,0
1531212129293,1531212129287,2237184,0.00003224,1974.00000000,1
1531212130646,1531212130641,2237185,0.00003228,185.00000000,0
1531212131750,1531212131747,2237186,0.00003224,40.00000000,1
1531212133291,1531212133286,2237187,0.00003227,243.00000000,0
1531212133291,1531212133286,2237188,0.00003228,153.00000000,0
1531212133291,1531212133286,2237189,0.00003230,217.00000000,0
1531212133573,1531212133570,2237190,0.00003225,352.00000000,1
1531212136003,1531212136000,2237191,0.00003230,2434.00000000,0
1531212136135,1531212136130,2237192,0.00003229,32.00000000,1
1531212137441,1531212137437,2237193,0.00003230,2839.00000000,0
1531212138051,1531212138047,2237194,0.00003230,199.00000000,1
1531212138051,1531212138047,2237195,0.00003227,134.00000000,1
1531212139647,1531212139641,2237196,0.00003226,376.00000000,1
1531212140403,1531212140398,2237197,0.00003226,177.00000000,1
1531212142177,1531212142173,2237198,0.00003230,241.00000000,0
1531212142562,1531212142558,2237199,0.00003225,34.00000000,1
1531212143576,1531212143572,2237200,0.00003225,229.00000000,1
1531212143952,1531212143946,2237201,0.00003230,1002.00000000,0
1531212145047,1531212145042,2237202,0.00003224,379.00000000,1
1531212148664,1531212148659,2237203,0.00003229,32.00000000,0
1531212151942,1531212151938,2237204,0.00003225,63.00000000,1
1531212152580,1531212152574,2237205,0.00003228,32.00000000,0
1531212153375,1531212153370,2237206,0.00003228,32.00000000,0
1531212153492,1531212153488,2237207,0.00003225,80.00000000,1
1531212153691,1531212153687,2237208,0.00003228,44.00000000,0
1531212153806,1531212153801,2237209,0.00003230,32.00000000,0
1531212153842,1531212153837,2237210,0.00003230,157.00000000,0
1531212155339,1531212155334,2237211,0.00003225,3011.00000000,1
1531212162504,1531212162501,2237212,0.00003225,404.00000000,1
1531212163357,1531212163353,2237213,0.00003225,1181.00000000,1
1531212164760,1531212164754,2237214,0.00003225,3194.00000000,1
1531212165772,1531212165771,2237215,0.00003224,100.00000000,1
1531212167728,1531212167720,2237216,0.00003220,48.00000000,1
1531212167728,1531212167720,2237217,0.00003219,32.00000000,1
1531212167728,1531212167720,2237218,0.00003215,82.00000000,1
1531212167728,1531212167720,2237219,0.00003211,63.00000000,1
1531212167728,1531212167720,2237220,0.00003208,54.00000000,1
1531212167728,1531212167720,2237221,0.00003205,32.00000000,1
1531212167728,1531212167720,2237222,0.00003199,89.00000000,1
1531212167728,1531212167720,2237223,0.00003198,299.00000000,1
1531212167728,1531212167720,2237224,0.00003197,580.00000000,1
1531212167728,1531212167720,2237225,0.00003196,189.00000000,1
1531212167728,1531212167720,2237226,0.00003195,97.00000000,1
1531212168093,1531212168088,2237227,0.00003213,34.00000000,0
1531212168837,1531212168836,2237228,0.00003217,32.00000000,0
1531212168854,1531212168848,2237229,0.00003202,1101.00000000,1
1531212168854,1531212168848,2237230,0.00003200,99.00000000,1
1531212168854,1531212168848,2237231,0.00003199,466.00000000,1
1531212168854,1531212168848,2237232,0.00003198,514.00000000,1
1531212168854,1531212168848,2237233,0.00003196,943.00000000,1
1531212170508,1531212170504,2237234,0.00003204,79.00000000,1
1531212170508,1531212170504,2237235,0.00003203,146.00000000,1
1531212175186,1531212175182,2237236,0.00003206,326.00000000,1
1531212175820,1531212175816,2237237,0.00003206,601.00000000,1
1531212175820,1531212175816,2237238,0.00003197,186.00000000,1
1531212175820,1531212175816,2237239,0.00003194,6070.00000000,1
1531212175845,1531212175842,2237240,0.00003197,2559.00000000,0
1531212175851,1531212175847,2237241,0.00003197,312.00000000,0
1531212175877,1531212175876,2237242,0.00003197,603.00000000,0
1531212175894,1531212175890,2237243,0.00003197,25.00000000,0
1531212183265,1531212183260,2237244,0.00003202,514.00000000,0
1531212183898,1531212183894,2237245,0.00003202,909.00000000,1
1531212183898,1531212183894,2237246,0.00003200,9.00000000,1
1531212185986,1531212185980,2237247,0.00003200,342.00000000,1
1531212189708,1531212189704,2237248,0.00003200,66.00000000,0
1531212191205,1531212191202,2237249,0.00003202,41.00000000,0
1531212193986,1531212193982,2237250,0.00003202,746.00000000,0
1531212193986,1531212193982,2237251,0.00003203,99.00000000,0
1531212193986,1531212193982,2237252,0.00003204,79.00000000,0
1531212203985,1531212203980,2237253,0.00003201,181.00000000,1
1531212204368,1531212204364,2237254,0.00003201,242.00000000,1
1531212204485,1531212204481,2237255,0.00003203,157.00000000,1
1531212205072,1531212205067,2237256,0.00003202,77.00000000,1
1531212205072,1531212205067,2237257,0.00003201,44.00000000,1
1531212205072,1531212205067,2237258,0.00003200,196.00000000,1
1531212205465,1531212205462,2237259,0.00003200,273.00000000,1
1531212205852,1531212205848,2237260,0.00003200,245.00000000,1
1531212206292,1531212206288,2237261,0.00003201,77.00000000,1
1531212206292,1531212206288,2237262,0.00003200,198.00000000,1
1531212206677,1531212206672,2237263,0.00003200,153.00000000,1
1531212207053,1531212207049,2237264,0.00003200,77.00000000,1
1531212207058,1531212207055,2237265,0.00003200,153.00000000,1
1531212207739,1531212207734,2237266,0.00003200,154.00000000,1
1531212209787,1531212209784,2237267,0.00003200,765.00000000,1
1531212210796,1531212210791,2237268,0.00003198,213.00000000,1
1531212211803,1531212211799,2237269,0.00003197,579.00000000,1
1531212212615,1531212212612,2237270,0.00003197,70.00000000,0
1531212212807,1531212212802,2237271,0.00003195,53.00000000,1
1531212214524,1531212214520,2237272,0.00003195,467.00000000,0
1531212214524,1531212214520,2237273,0.00003196,101.00000000,0
1531212221805,1531212221801,2237274,0.00003194,33.00000000,1
1531212223801,1531212223797,2237275,0.00003193,94.00000000,1
1531212224349,1531212224346,2237276,0.00003192,25.00000000,1
1531212224809,1531212224805,2237277,0.00003192,38.00000000,1
1531212233058,1531212233054,2237278,0.00003188,186.00000000,0
1531212233058,1531212233054,2237279,0.00003195,1224.00000000,0
1531212234079,1531212234073,2237280,0.00003187,317.00000000,1
1531212240482,1531212240478,2237281,0.00003186,95.00000000,1
1531212241393,1531212241388,2237282,0.00003180,165.00000000,1
1531212241537,1531212241532,2237283,0.00003180,289.00000000,0
1531212243129,1531212243125,2237284,0.00003177,153.00000000,1
1531212244151,1531212244147,2237285,0.00003177,154.00000000,1
1531212247221,1531212247216,2237286,0.00003177,1334.00000000,1
1531212247221,1531212247216,2237287,0.00003176,70.00000000,1
1531212247221,1531212247216,2237288,0.00003175,282.00000000,1
1531212247221,1531212247216,2237289,0.00003174,1580.00000000,1
1531212247221,1531212247216,2237290,0.00003173,48.00000000,1
1531212250900,1531212250894,2237291,0.00003175,3.00000000,1
1531212252366,1531212252362,2237292,0.00003175,99.00000000,1
1531212253134,1531212253128,2237293,0.00003175,625.00000000,1
1531212253134,1531212253128,2237294,0.00003173,111.00000000,1
1531212253155,1531212253150,2237295,0.00003170,188.00000000,0
1531212253181,1531212253178,2237296,0.00003182,188.00000000,0
1531212257247,1531212257243,2237297,0.00003174,244.00000000,0
1531212262930,1531212262924,2237298,0.00003173,56.00000000,0
1531212262930,1531212262924,2237299,0.00003174,398.00000000,0
1531212270529,1531212270524,2237300,0.00003174,3035.00000000,1
1531212271054,1531212271048,2237301,0.00003174,117.00000000,1
1531212275076,1531212275072,2237302,0.00003180,32.00000000,0
1531212275116,1531212275115,2237303,0.00003180,32.00000000,0
1531212275214,1531212275209,2237304,0.00003180,64.00000000,0
1531212280371,1531212280366,2237305,0.00003178,952.00000000,0
1531212280405,1531212280402,2237306,0.00003178,924.00000000,0
1531212282452,1531212282447,2237307,0.00003178,1267.00000000,0
1531212283635,1531212283631,2237308,0.00003180,481.00000000,0
1531212283635,1531212283631,2237309,0.00003184,2989.00000000,0
1531212283635,1531212283631,2237310,0.00003185,359.00000000,0
1531212286998,1531212286995,2237311,0.00003178,61.00000000,1
1531212287723,1531212287719,2237312,0.00003178,2352.00000000,1
1531212287723,1531212287719,2237313,0.00003175,8207.00000000,1
1531212287932,1531212287926,2237314,0.00003180,3141.00000000,0
1531212287932,1531212287926,2237315,0.00003184,210.00000000,0
1531212287932,1531212287926,2237316,0.00003185,17.00000000,0
1531212287954,1531212287948,2237317,0.00003186,674.00000000,1
1531212288134,1531212288129,2237318,0.00003186,666.00000000,1
1531212298424,1531212298420,2237319,0.00003184,3171.00000000,0
1531212298424,1531212298420,2237320,0.00003185,1919.00000000,0
1531212303947,1531212303944,2237321,0.00003183,1217.00000000,0
1531212308935,1531212308932,2237322,0.00003185,1217.00000000,0
1531212313558,1531212313552,2237323,0.00003185,2729.00000000,0
1531212315883,1531212315879,2237324,0.00003185,446.00000000,0
1531212316285,1531212316281,2237325,0.00003181,317.00000000,1
1531212316285,1531212316281,2237326,0.00003180,2074.00000000,1
1531212319935,1531212319931,2237327,0.00003186,1069.00000000,1
1531212320202,1531212320198,2237328,0.00003186,1586.00000000,1
1531212320204,1531212320201,2237329,0.00003186,370.00000000,1
1531212325029,1531212325024,2237330,0.00003186,175.00000000,1
1531212329099,1531212329095,2237331,0.00003186,325.00000000,0
1531212330758,1531212330756,2237332,0.00003187,214.00000000,0
1531212332960,1531212332955,2237333,0.00003187,3285.00000000,0
1531212335352,1531212335349,2237334,0.00003188,317.00000000,1
1531212335352,1531212335349,2237335,0.00003187,2820.00000000,1
1531212335837,1531212335831,2237336,0.00003187,3200.00000000,1
1531212336943,1531212336937,2237337,0.00003188,695.00000000,1
1531212340877,1531212340874,2237338,0.00003188,2505.00000000,1
1531212340877,1531212340874,2237339,0.00003187,1324.00000000,1
1531212341805,1531212341802,2237340,0.00003187,264.00000000,1
1531212356230,1531212356226,2237341,0.00003188,2413.00000000,1
1531212361635,1531212361633,2237342,0.00003192,64.00000000,0
1531212361677,1531212361673,2237343,0.00003193,32.00000000,0
1531212361730,1531212361726,2237344,0.00003194,47.00000000,0
1531212361778,1531212361773,2237345,0.00003200,492.00000000,0
1531212366367,1531212366364,2237346,0.00003202,530.00000000,0
1531212374993,1531212374989,2237347,0.00003203,410.00000000,0
1531212378858,1531212378853,2237348,0.00003203,64.00000000,0
1531212379224,1531212379219,2237349,0.00003203,2462.00000000,0
1531212380360,1531212380356,2237350,0.00003203,686.00000000,0
1531212380360,1531212380356,2237351,0.00003204,134.00000000,0
1531212384519,1531212384511,2237352,0.00003204,88.00000000,0
1531212384519,1531212384511,2237353,0.00003208,1897.00000000,0
1531212384519,1531212384511,2237354,0.00003209,124.00000000,0
1531212384519,1531212384511,2237355,0.00003210,535.00000000,0
1531212384519,1531212384511,2237356,0.00003215,96.00000000,0
1531212384519,1531212384511,2237357,0.00003216,512.00000000,0
1531212384519,1531212384511,2237358,0.00003217,97.00000000,0
1531212384519,1531212384511,2237359,0.00003219,308.00000000,0
1531212384519,1531212384511,2237360,0.00003220,3291.00000000,0
1531212384519,1531212384511,2237361,0.00003223,391.00000000,0
1531212384519,1531212384511,2237362,0.00003225,55.00000000,0
1531212384519,1531212384511,2237363,0.00003228,189.00000000,0
1531212384519,1531212384511,2237364,0.00003229,239.00000000,0
1531212384519,1531212384511,2237365,0.00003230,412.00000000,0
1531212386869,1531212386866,2237366,0.00003206,213.00000000,1
1531212389103,1531212389100,2237367,0.00003208,323.00000000,1
1531212390585,1531212390581,2237368,0.00003225,3097.00000000,0
1531212390585,1531212390581,2237369,0.00003226,536.00000000,0
1531212390585,1531212390581,2237370,0.00003227,462.00000000,0
1531212391892,1531212391887,2237371,0.00003210,393.00000000,1
1531212392517,1531212392514,2237372,0.00003212,80.00000000,1
1531212392517,1531212392514,2237373,0.00003211,297.00000000,1
1531212394382,1531212394376,2237374,0.00003212,444.00000000,1
1531212395654,1531212395650,2237375,0.00003213,475.00000000,1
1531212395690,1531212395685,2237376,0.00003213,455.00000000,1
1531212395723,1531212395720,2237377,0.00003213,47.00000000,1
1531212396139,1531212396134,2237378,0.00003222,32.00000000,0
1531212396368,1531212396364,2237379,0.00003222,157.00000000,0
1531212396856,1531212396851,2237380,0.00003213,238.00000000,1
1531212396902,1531212396898,2237381,0.00003221,32.00000000,0
1531212397334,1531212397329,2237382,0.00003220,87.00000000,0
1531212397334,1531212397329,2237383,0.00003221,2487.00000000,0
1531212398713,1531212398708,2237384,0.00003219,404.00000000,0
1531212401727,1531212401723,2237385,0.00003212,238.00000000,1
1531212408452,1531212408448,2237386,0.00003208,32.00000000,1
1531212408452,1531212408448,2237387,0.00003207,196.00000000,1
1531212409294,1531212409291,2237388,0.00003207,70.00000000,1
1531212410612,1531212410607,2237389,0.00003215,2917.00000000,0
1531212410612,1531212410607,2237390,0.00003216,2989.00000000,0
1531212415766,1531212415765,2237391,0.00003215,157.00000000,0
1531212415842,1531212415836,2237392,0.00003215,32.00000000,0
1531212415908,1531212415905,2237393,0.00003215,38.00000000,0
1531212418974,1531212418971,2237394,0.00003212,94.00000000,1
1531212418974,1531212418971,2237395,0.00003207,3185.00000000,1
1531212424200,1531212424195,2237396,0.00003213,146.00000000,0
1531212425564,1531212425559,2237397,0.00003210,382.00000000,1
1531212426957,1531212426952,2237398,0.00003210,19.00000000,1
1531212428805,1531212428802,2237399,0.00003208,786.00000000,1
1531212429794,1531212429789,2237400,0.00003207,1029.00000000,1
1531212434839,1531212434834,2237401,0.00003208,128.00000000,0
1531212434839,1531212434834,2237402,0.00003213,187.00000000,0
1531212445491,1531212445488,2237403,0.00003213,97.00000000,0
1531212446063,1531212446057,2237404,0.00003214,714.00000000,0
1531212446101,1531212446096,2237405,0.00003214,1861.00000000,1
1531212446203,1531212446198,2237406,0.00003214,1243.00000000,1
1531212447174,1531212447169,2237407,0.00003214,549.00000000,1
1531212448222,1531212448218,2237408,0.00003214,381.00000000,1
1531212448723,1531212448718,2237409,0.00003214,408.00000000,1
1531212449426,1531212449422,2237410,0.00003214,410.00000000,1
1531212450322,1531212450317,2237411,0.00003214,6271.00000000,1
1531212450713,1531212450709,2237412,0.00003214,386.00000000,1
1531212451283,1531212451280,2237413,0.00003214,336.00000000,1
1531212454206,1531212454201,2237414,0.00003221,130.00000000,0
1531212454206,1531212454201,2237415,0.00003223,64.00000000,0
1531212454206,1531212454201,2237416,0.00003230,1580.00000000,0
1531212456865,1531212456860,2237417,0.00003228,3.00000000,0
1531212461473,1531212461468,2237418,0.00003227,392.00000000,0
1531212465172,1531212465169,2237419,0.00003226,124.00000000,0
1531212471549,1531212471545,2237420,0.00003227,18.00000000,0
1531212472292,1531212472285,2237421,0.00003220,500.00000000,1
1531212472292,1531212472285,2237422,0.00003217,201.00000000,1
1531212472292,1531212472285,2237423,0.00003216,3367.00000000,1
1531212476807,1531212476802,2237424,0.00003229,32.00000000,1
1531212476853,1531212476848,2237425,0.00003219,317.00000000,1
1531212477279,1531212477275,2237426,0.00003219,594.00000000,0
1531212478073,1531212478070,2237427,0.00003218,35.00000000,1
1531212482503,1531212482499,2237428,0.00003226,2048.00000000,0
1531212482689,1531212482684,2237429,0.00003227,6126.00000000,0
1531212482895,1531212482892,2237430,0.00003226,254.00000000,1
1531212483471,1531212483468,2237431,0.00003227,12.00000000,0
1531212483919,1531212483914,2237432,0.00003226,850.00000000,1
1531212486182,1531212486177,2237433,0.00003227,420.00000000,0
1531212494510,1531212494505,2237434,0.00003226,183.00000000,0
1531212501397,1531212501395,2237435,0.00003226,200.00000000,0
1531212506343,1531212506340,2237436,0.00003220,1423.00000000,1
1531212507655,1531212507651,2237437,0.00003220,1500.00000000,1
1531212509153,1531212509150,2237438,0.00003224,1215.00000000,0
1531212509153,1531212509150,2237439,0.00003226,238.00000000,0
1531212509800,1531212509797,2237440,0.00003226,1779.00000000,1
1531212512827,1531212512823,2237441,0.00003226,999.00000000,1
1531212518447,1531212518442,2237442,0.00003227,151.00000000,0
1531212521364,1531212521360,2237443,0.00003227,436.00000000,0
1531212523244,1531212523240,2237444,0.00003227,108.00000000,0
1531212523530,1531212523525,2237445,0.00003227,148.00000000,0
1531212524770,1531212524765,2237446,0.00003228,27.00000000,0
1531212526589,1531212526584,2237447,0.00003228,166.00000000,0
1531212526589,1531212526584,2237448,0.00003230,742.00000000,0
1531212526641,1531212526639,2237449,0.00003230,7456.00000000,0
1531212531567,1531212531563,2237450,0.00003232,328.00000000,0
1531212532779,1531212532774,2237451,0.00003230,500.00000000,1
1531212534922,1531212534917,2237452,0.00003232,2070.00000000,0
1531212536131,1531212536127,2237453,0.00003232,1135.00000000,0
1531212536181,1531212536177,2237454,0.00003233,1280.00000000,1
1531212536487,1531212536483,2237455,0.00003233,350.00000000,1
1531212536854,1531212536849,2237456,0.00003234,96.00000000,0
1531212541716,1531212541710,2237457,0.00003235,703.00000000,0
1531212544767,1531212544762,2237458,0.00003234,34.00000000,1
1531212545407,1531212545401,2237459,0.00003235,799.00000000,0
1531212545748,1531212545745,2237460,0.00003235,2999.00000000,0
1531212545846,1531212545843,2237461,0.00003234,77.00000000,1
1531212546201,1531212546197,2237462,0.00003235,193.00000000,0
1531212546363,1531212546359,2237463,0.00003235,809.00000000,0
1531212547734,1531212547730,2237464,0.00003235,207.00000000,0
1531212548157,1531212548153,2237465,0.00003235,264.00000000,0
1531212548232,1531212548229,2237466,0.00003235,804.00000000,0
1531212549471,1531212549466,2237467,0.00003235,187.00000000,0
1531212549550,1531212549545,2237468,0.00003235,1237.00000000,0
1531212552321,1531212552317,2237469,0.00003234,57.00000000,1
1531212554262,1531212554258,2237470,0.00003234,1454.00000000,1
1531212554262,1531212554258,2237471,0.00003232,410.00000000,1
1531212555545,1531212555541,2237472,0.00003235,28183.00000000,0
1531212557694,1531212557690,2237473,0.00003236,31.00000000,1
1531212559536,1531212559531,2237474,0.00003238,64.00000000,0
1531212559925,1531212559922,2237475,0.00003238,5.00000000,0
1531212559925,1531212559922,2237476,0.00003240,1169.00000000,0
1531212560193,1531212560187,2237477,0.00003240,9086.00000000,0
1531212560193,1531212560187,2237478,0.00003241,32.00000000,0
1531212560213,1531212560211,2237479,0.00003241,44.00000000,1
1531212560573,1531212560569,2237480,0.00003242,32.00000000,0
1531212560823,1531212560818,2237481,0.00003245,32.00000000,0
1531212561567,1531212561560,2237482,0.00003246,829.00000000,0
1531212561567,1531212561560,2237483,0.00003247,32.00000000,0
1531212562933,1531212562928,2237484,0.00003248,224.00000000,0
1531212564096,1531212564089,2237485,0.00003248,1076.00000000,0
1531212564096,1531212564089,2237486,0.00003249,141.00000000,0
1531212564096,1531212564089,2237487,0.00003250,2256.00000000,0
1531212564396,1531212564393,2237488,0.00003250,450.00000000,0
1531212566508,1531212566502,2237489,0.00003247,314.00000000,1
1531212566508,1531212566502,2237490,0.00003246,35.00000000,1
1531212567838,1531212567833,2237491,0.00003250,2978.00000000,0
1531212569062,1531212569058,2237492,0.00003249,234.00000000,0
1531212569070,1531212569064,2237493,0.00003249,2101.00000000,0
1531212569273,1531212569269,2237494,0.00003249,1653.00000000,0
1531212572043,1531212572037,2237495,0.00003250,1291.00000000,0
1531212572714,1531212572709,2237496,0.00003250,267.00000000,1
1531212574796,1531212574791,2237497,0.00003251,816.00000000,0
1531212574796,1531212574791,2237498,0.00003252,50.00000000,0
1531212577556,1531212577550,2237499,0.00003255,802.00000000,0
1531212577804,1531212577800,2237500,0.00003252,142.00000000,1
1531212579340,1531212579337,2237501,0.00003255,380.00000000,1
1531212579585,1531212579581,2237502,0.00003255,35.00000000,1
1531212579760,1531212579756,2237503,0.00003255,372.00000000,1
1531212579783,1531212579777,2237504,0.00003255,64.00000000,1
1531212580996,1531212580992,2237505,0.00003258,73.00000000,0
1531212580996,1531212580992,2237506,0.00003260,248.00000000,0
1531212580996,1531212580992,2237507,0.00003261,483.00000000,0
1531212581395,1531212581391,2237508,0.00003255,916.00000000,1
1531212582222,1531212582217,2237509,0.00003255,40.00000000,1
1531212584161,1531212584158,2237510,0.00003258,352.00000000,1
1531212585473,1531212585467,2237511,0.00003260,4430.00000000,0
1531212585473,1531212585467,2237512,0.00003261,651.00000000,0
1531212585731,1531212585726,2237513,0.00003258,511.00000000,1
1531212586369,1531212586365,2237514,0.00003256,2962.00000000,0
1531212586377,1531212586372,2237515,0.00003257,599.00000000,0
1531212586679,1531212586675,2237516,0.00003255,4.00000000,1
1531212587825,1531212587822,2237517,0.00003257,199.00000000,0
1531212588293,1531212588289,2237518,0.00003257,280.00000000,0
1531212589210,1531212589205,2237519,0.00003257,6742.00000000,0
1531212589495,1531212589490,2237520,0.00003252,6.00000000,1
1531212590193,1531212590188,2237521,0.00003257,93.00000000,0
1531212590251,1531212590245,2237522,0.00003257,57.00000000,0
1531212590251,1531212590245,2237523,0.00003262,205.00000000,0
1531212592495,1531212592490,2237524,0.00003258,32.00000000,1
1531212592728,1531212592723,2237525,0.00003257,316.00000000,0
1531212592767,1531212592763,2237526,0.00003257,56.00000000,0
1531212596294,1531212596290,2237527,0.00003262,24.00000000,0
1531212596294,1531212596290,2237528,0.00003264,37.00000000,0
1531212596294,1531212596290,2237529,0.00003268,709.00000000,0
1531212598458,1531212598454,2237530,0.00003259,273.00000000,1
1531212598458,1531212598454,2237531,0.00003258,2756.00000000,1
1531212599179,1531212599175,2237532,0.00003268,4000.00000000,0
1531212599727,1531212599722,2237533,0.00003268,10915.00000000,0
1531212601891,1531212601887,2237534,0.00003268,178.00000000,0
1531212604141,1531212604137,2237535,0.00003268,108.00000000,0
1531212604646,1531212604641,2237536,0.00003268,1809.00000000,1
1531212606805,1531212606802,2237537,0.00003268,55.00000000,1
1531212611774,1531212611770,2237538,0.00003264,184.00000000,1
1531212612401,1531212612397,2237539,0.00003264,130.00000000,0
1531212612402,1531212612397,2237540,0.00003265,390.00000000,0
1531212613607,1531212613603,2237541,0.00003265,31.00000000,0
1531212614119,1531212614115,2237542,0.00003262,396.00000000,1
1531212614125,1531212614122,2237543,0.00003265,86.00000000,0
1531212614143,1531212614139,2237544,0.00003265,25.00000000,0
1531212616573,1531212616568,2237545,0.00003264,847.00000000,0
1531212617810,1531212617805,2237546,0.00003264,155.00000000,0
1531212619389,1531212619384,2237547,0.00003264,3789.00000000,0
1531212619389,1531212619384,2237548,0.00003265,5543.00000000,0
1531212619573,1531212619569,2237549,0.00003265,447.00000000,1
1531212620248,1531212620244,2237550,0.00003265,3463.00000000,1
1531212620248,1531212620244,2237551,0.00003262,21.00000000,1
1531212620248,1531212620244,2237552,0.00003261,92.00000000,1
1531212620248,1531212620244,2237553,0.00003260,436.00000000,1
1531212620248,1531212620244,2237554,0.00003259,4637.00000000,1
1531212629247,1531212629241,2237555,0.00003260,208.00000000,1
1531212629247,1531212629241,2237556,0.00003259,179.00000000,1
1531212629247,1531212629241,2237557,0.00003258,1103.00000000,1
1531212629247,1531212629241,2237558,0.00003257,318.00000000,1
1531212630853,1531212630849,2237559,0.00003257,34.00000000,0
1531212630963,1531212630958,2237560,0.00003257,145.00000000,0
1531212630998,1531212630993,2237561,0.00003255,32.00000000,1
1531212631675,1531212631671,2237562,0.00003255,184.00000000,1
1531212631961,1531212631956,2237563,0.00003255,98.00000000,1
1531212631961,1531212631956,2237564,0.00003254,93.00000000,1
1531212631961,1531212631956,2237565,0.00003252,18.00000000,1
1531212632839,1531212632834,2237566,0.00003252,18.00000000,1
1531212632839,1531212632834,2237567,0.00003251,31.00000000,1
1531212632852,1531212632846,2237568,0.00003250,848.00000000,0
1531212638041,1531212638035,2237569,0.00003250,1080.00000000,1
1531212638055,1531212638050,2237570,0.00003250,1916.00000000,0
1531212646767,1531212646762,2237571,0.00003255,196.00000000,0
1531212647344,1531212647339,2237572,0.00003256,75.00000000,0
1531212652038,1531212652035,2237573,0.00003254,184.00000000,0
1531212654661,1531212654657,2237574,0.00003251,187.00000000,1
1531212654661,1531212654657,2237575,0.00003250,142.00000000,1
1531212655613,1531212655607,2237576,0.00003256,121.00000000,0
1531212655613,1531212655607,2237577,0.00003257,81.00000000,0
1531212655613,1531212655607,2237578,0.00003264,2.00000000,0
1531212657843,1531212657837,2237579,0.00003251,495.00000000,1
1531212659107,1531212659101,2237580,0.00003255,559.00000000,0
1531212671692,1531212671686,2237581,0.00003251,2342.00000000,1
1531212674860,1531212674855,2237582,0.00003251,858.00000000,1
1531212674867,1531212674863,2237583,0.00003251,858.00000000,1
1531212674868,1531212674863,2237584,0.00003251,858.00000000,1
1531212674925,1531212674920,2237585,0.00003253,313.00000000,0
1531212675001,1531212674999,2237586,0.00003251,234.00000000,1
1531212675690,1531212675687,2237587,0.00003251,1278.00000000,1
1531212675756,1531212675752,2237588,0.00003251,923.00000000,1
1531212675849,1531212675845,2237589,0.00003251,314.00000000,1
1531212677268,1531212677263,2237590,0.00003253,697.00000000,0
1531212678730,1531212678725,2237591,0.00003253,41.00000000,1
1531212678730,1531212678725,2237592,0.00003251,330.00000000,1
1531212678730,1531212678725,2237593,0.00003250,2129.00000000,1
1531212680009,1531212680004,2237594,0.00003252,231.00000000,0
1531212682041,1531212682036,2237595,0.00003250,804.00000000,1
1531212682103,1531212682098,2237596,0.00003250,174.00000000,0
1531212682654,1531212682648,2237597,0.00003248,714.00000000,1
1531212682654,1531212682648,2237598,0.00003247,93.00000000,1
1531212682949,1531212682946,2237599,0.00003247,1973.00000000,0
1531212683403,1531212683401,2237600,0.00003247,137.00000000,0
1531212684706,1531212684702,2237601,0.00003247,6245.00000000,0
1531212684706,1531212684702,2237602,0.00003250,1492.00000000,0
1531212684706,1531212684702,2237603,0.00003253,234.00000000,0
1531212684706,1531212684702,2237604,0.00003254,1008.00000000,0
1531212684706,1531212684702,2237605,0.00003255,20.00000000,0
1531212684730,1531212684726,2237606,0.00003262,1520.00000000,1
1531212685111,1531212685107,2237607,0.00003262,2839.00000000,1
1531212685111,1531212685107,2237608,0.00003240,155.00000000,1
1531212685111,1531212685107,2237609,0.00003237,54.00000000,1
1531212685111,1531212685107,2237610,0.00003236,163.00000000,1
1531212685111,1531212685107,2237611,0.00003236,799.00000000,1
1531212685911,1531212685908,2237612,0.00003244,184.00000000,0
1531212686143,1531212686138,2237613,0.00003254,40.00000000,1
1531212688047,1531212688042,2237614,0.00003254,907.00000000,1
1531212694541,1531212694537,2237615,0.00003254,61.00000000,1
1531212701236,1531212701231,2237616,0.00003243,234.00000000,1
1531212701236,1531212701231,2237617,0.00003242,314.00000000,1
1531212701963,1531212701959,2237618,0.00003249,78.00000000,0
1531212704459,1531212704455,2237619,0.00003240,151.00000000,1
1531212704829,1531212704823,2237620,0.00003240,376.00000000,1
1531212711510,1531212711507,2237621,0.00003248,291.00000000,0
1531212716079,1531212716075,2237622,0.00003237,197.00000000,1
1531212716079,1531212716075,2237623,0.00003236,2732.00000000,1
1531212718110,1531212718106,2237624,0.00003245,314.00000000,0
1531212718110,1531212718106,2237625,0.00003246,234.00000000,0
1531212718130,1531212718127,2237626,0.00003236,100.00000000,1
1531212718311,1531212718307,2237627,0.00003248,314.00000000,1
1531212718311,1531212718307,2237628,0.00003236,1315.00000000,1
1531212723069,1531212723064,2237629,0.00003244,187.00000000,0
1531212723970,1531212723966,2237630,0.00003244,47.00000000,0
1531212724414,1531212724410,2237631,0.00003247,187.00000000,0
1531212727495,1531212727489,2237632,0.00003246,197.00000000,0
1531212727495,1531212727489,2237633,0.00003247,34.00000000,0
1531212727495,1531212727489,2237634,0.00003250,33.00000000,0
1531212728024,1531212728020,2237635,0.00003250,82.00000000,0
1531212728840,1531212728835,2237636,0.00003250,72.00000000,0
1531212730573,1531212730569,2237637,0.00003251,340.00000000,0
1531212732142,1531212732137,2237638,0.00003255,198.00000000,0
1531212736034,1531212736031,2237639,0.00003242,326.00000000,1
1531212739552,1531212739547,2237640,0.00003254,197.00000000,0
1531212751963,1531212751961,2237641,0.00003254,129.00000000,0
1531212751963,1531212751961,2237642,0.00003255,5.00000000,0
1531212755780,1531212755775,2237643,0.00003253,126.00000000,0
1531212755780,1531212755775,2237644,0.00003255,668.00000000,0
1531212756281,1531212756278,2237645,0.00003255,361.00000000,0
1531212760134,1531212760131,2237646,0.00003255,94.00000000,0
1531212775774,1531212775769,2237647,0.00003255,6683.00000000,0
1531212775774,1531212775769,2237648,0.00003256,1980.00000000,0
1531212776218,1531212776214,2237649,0.00003256,314.00000000,0
1531212776224,1531212776218,2237650,0.00003256,234.00000000,0
1531212778687,1531212778684,2237651,0.00003256,196.00000000,0
1531212778833,1531212778830,2237652,0.00003257,94.00000000,0
1531212787955,1531212787949,2237653,0.00003259,234.00000000,1
1531212787955,1531212787949,2237654,0.00003257,206.00000000,1
1531212787955,1531212787949,2237655,0.00003256,263.00000000,1
1531212795969,1531212795965,2237656,0.00003256,885.00000000,1
1531212802812,1531212802809,2237657,0.00003256,155.00000000,0
1531212806368,1531212806363,2237658,0.00003257,234.00000000,0
1531212806709,1531212806704,2237659,0.00003257,314.00000000,0
1531212807627,1531212807622,2237660,0.00003257,201.00000000,0
1531212817284,1531212817279,2237661,0.00003257,420.00000000,0
1531212819726,1531212819721,2237662,0.00003257,32.00000000,0
1531212820320,1531212820317,2237663,0.00003257,388.00000000,0
1531212821811,1531212821806,2237664,0.00003257,7158.00000000,0
1531212840966,1531212840962,2237665,0.00003262,314.00000000,1
1531212842385,1531212842381,2237666,0.00003261,371.00000000,0
1531212842911,1531212842906,2237667,0.00003261,65.00000000,0
1531212842911,1531212842906,2237668,0.00003267,62.00000000,0
1531212842911,1531212842906,2237669,0.00003269,33.00000000,0
1531212842911,1531212842906,2237670,0.00003270,426.00000000,0
1531212842911,1531212842906,2237671,0.00003272,31.00000000,0
1531212842911,1531212842906,2237672,0.00003273,31.00000000,0
1531212842911,1531212842906,2237673,0.00003274,31.00000000,0
1531212842938,1531212842933,2237674,0.00003274,101.00000000,1
1531212843458,1531212843455,2237675,0.00003274,1835.00000000,1
1531212843471,1531212843468,2237676,0.00003274,314.00000000,1
1531212843476,1531212843472,2237677,0.00003274,6.00000000,1
1531212843538,1531212843534,2237678,0.00003274,462.00000000,0
1531212843538,1531212843534,2237679,0.00003278,462.00000000,0
1531212843807,1531212843802,2237680,0.00003257,5.00000000,1
1531212846183,1531212846179,2237681,0.00003263,210.00000000,1
1531212846183,1531212846179,2237682,0.00003261,70.00000000,1
1531212847111,1531212847107,2237683,0.00003278,5156.00000000,0
1531212847204,1531212847199,2237684,0.00003278,210.00000000,1
1531212847541,1531212847538,2237685,0.00003279,838.00000000,0
1531212852396,1531212852392,2237686,0.00003280,55.00000000,0
1531212853462,1531212853457,2237687,0.00003280,750.00000000,0
1531212858687,1531212858681,2237688,0.00003280,723.00000000,0
1531212860208,1531212860205,2237689,0.00003280,390.00000000,0
1531212860960,1531212860956,2237690,0.00003280,156.00000000,0
1531212863506,1531212863502,2237691,0.00003280,152.00000000,0
1531212865269,1531212865265,2237692,0.00003280,803.00000000,0
1531212866497,1531212866492,2237693,0.00003281,32.00000000,0
1531212866636,1531212866632,2237694,0.00003281,44.00000000,1
1531212866719,1531212866714,2237695,0.00003281,40.00000000,1
1531212868855,1531212868850,2237696,0.00003281,79.00000000,1
1531212869239,1531212869234,2237697,0.00003282,365.00000000,0
1531212870669,1531212870663,2237698,0.00003283,353.00000000,0
1531212876761,1531212876757,2237699,0.00003283,101.00000000,0
1531212877594,1531212877589,2237700,0.00003284,131.00000000,0
1531212879738,1531212879735,2237701,0.00003285,31.00000000,0
1531212879738,1531212879735,2237702,0.00003286,213.00000000,0
1531212879938,1531212879933,2237703,0.00003286,64.00000000,1
1531212880150,1531212880147,2237704,0.00003287,118.00000000,0
1531212880257,1531212880253,2237705,0.00003285,934.00000000,1
1531212883891,1531212883886,2237706,0.00003286,309.00000000,1
1531212884577,1531212884575,2237707,0.00003285,375.00000000,1
1531212884591,1531212884588,2237708,0.00003286,309.00000000,0
1531212885971,1531212885966,2237709,0.00003284,37.00000000,1
1531212885971,1531212885966,2237710,0.00003283,192.00000000,1
1531212888012,1531212888007,2237711,0.00003286,233.00000000,0
1531212888012,1531212888007,2237712,0.00003287,59.00000000,0
1531212888152,1531212888146,2237713,0.00003287,179.00000000,1
1531212888248,1531212888243,2237714,0.00003287,221.00000000,1
1531212888666,1531212888662,2237715,0.00003286,88.00000000,0
1531212889060,1531212889056,2237716,0.00003286,313.00000000,1
1531212889060,1531212889056,2237717,0.00003280,62.00000000,1
1531212889591,1531212889586,2237718,0.00003285,206.00000000,0
1531212890615,1531212890610,2237719,0.00003286,313.00000000,0
1531212890697,1531212890691,2237720,0.00003285,159.00000000,1
1531212891626,1531212891622,2237721,0.00003285,237.00000000,1
1531212893776,1531212893771,2237722,0.00003286,33.00000000,0
1531212893776,1531212893771,2237723,0.00003287,329.00000000,0
1531212894124,1531212894116,2237724,0.00003287,218.00000000,0
1531212894124,1531212894116,2237725,0.00003288,282.00000000,0
1531212894124,1531212894116,2237726,0.00003290,461.00000000,0
1531212894124,1531212894116,2237727,0.00003291,50.00000000,0
1531212894124,1531212894116,2237728,0.00003293,63.00000000,0
1531212894124,1531212894116,2237729,0.00003295,31.00000000,0
1531212894124,1531212894116,2237730,0.00003296,31.00000000,0
1531212894124,1531212894116,2237731,0.00003297,32.00000000,0
1531212894124,1531212894116,2237732,0.00003299,206.00000000,0
1531212894136,1531212894132,2237733,0.00003299,2954.00000000,1
1531212894148,1531212894144,2237734,0.00003280,1849.00000000,1
1531212899159,1531212899153,2237735,0.00003285,215.00000000,1
1531212899159,1531212899153,2237736,0.00003284,972.00000000,1
1531212899655,1531212899649,2237737,0.00003286,233.00000000,1
1531212899655,1531212899649,2237738,0.00003285,156.00000000,1
1531212899655,1531212899649,2237739,0.00003284,404.00000000,1
1531212899655,1531212899649,2237740,0.00003283,92.00000000,1
1531212899655,1531212899649,2237741,0.00003280,658.00000000,1
1531212903932,1531212903928,2237742,0.00003294,185.00000000,0
1531212904016,1531212904011,2237743,0.00003287,185.00000000,1
1531212906110,1531212906105,2237744,0.00003293,233.00000000,0
1531212907155,1531212907151,2237745,0.00003294,314.00000000,0
1531212907476,1531212907471,2237746,0.00003280,720.00000000,1
1531212917753,1531212917749,2237747,0.00003294,215.00000000,0
1531212917753,1531212917749,2237748,0.00003295,156.00000000,0
1531212917753,1531212917749,2237749,0.00003296,3787.00000000,0
1531212920145,1531212920142,2237750,0.00003295,215.00000000,0
1531212921164,1531212921160,2237751,0.00003295,31.00000000,0
1531212921184,1531212921180,2237752,0.00003295,31.00000000,0
1531212921575,1531212921570,2237753,0.00003295,31.00000000,0
1531212921812,1531212921806,2237754,0.00003295,201.00000000,1
1531212922007,1531212922002,2237755,0.00003295,31.00000000,1
1531212925078,1531212925073,2237756,0.00003296,1807.00000000,0
1531212925078,1531212925073,2237757,0.00003297,2951.00000000,0
1531212925078,1531212925073,2237758,0.00003298,62.00000000,0
1531212925078,1531212925073,2237759,0.00003300,8421.00000000,0
1531212926821,1531212926816,2237760,0.00003300,2770.00000000,0
1531212935120,1531212935114,2237761,0.00003300,2947.00000000,0
1531212935360,1531212935354,2237762,0.00003300,184.00000000,0
1531212935360,1531212935354,2237763,0.00003302,222.00000000,0
1531212935360,1531212935354,2237764,0.00003305,187.00000000,0
1531212935360,1531212935354,2237765,0.00003306,31.00000000,0
1531212935360,1531212935354,2237766,0.00003307,400.00000000,0
1531212936474,1531212936470,2237767,0.00003293,2227.00000000,1
1531212941361,1531212941355,2237768,0.00003304,31.00000000,0
1531212943489,1531212943485,2237769,0.00003304,690.00000000,0
1531212943822,1531212943816,2237770,0.00003304,1506.00000000,0
1531212943822,1531212943816,2237771,0.00003307,159.00000000,0
1531212943822,1531212943816,2237772,0.00003309,3396.00000000,0
1531212943822,1531212943816,2237773,0.00003311,31.00000000,0
1531212943822,1531212943816,2237774,0.00003312,153.00000000,0
1531212943822,1531212943816,2237775,0.00003313,222.00000000,0
1531212943822,1531212943816,2237776,0.00003320,33.00000000,0
1531212944448,1531212944442,2237777,0.00003306,216.00000000,1
1531212944673,1531212944668,2237778,0.00003307,182.00000000,1
1531212944673,1531212944668,2237779,0.00003306,909.00000000,1
1531212948599,1531212948595,2237780,0.00003308,182.00000000,0
1531212949054,1531212949048,2237781,0.00003308,126.00000000,1
1531212949099,1531212949092,2237782,0.00003307,62.00000000,1
1531212949099,1531212949092,2237783,0.00003304,91.00000000,1
1531212949323,1531212949318,2237784,0.00003304,9.00000000,1
1531212949323,1531212949318,2237785,0.00003302,182.00000000,1
1531212949323,1531212949318,2237786,0.00003300,821.00000000,1
1531212951259,1531212951256,2237787,0.00003307,21.00000000,0
1531212953197,1531212953194,2237788,0.00003307,2536.00000000,0
1531212953489,1531212953483,2237789,0.00003308,127.00000000,1
1531212954247,1531212954244,2237790,0.00003309,323.00000000,1
1531212959872,1531212959867,2237791,0.00003307,232.00000000,1
1531212961560,1531212961555,2237792,0.00003317,153.00000000,0
1531212961689,1531212961684,2237793,0.00003317,31.00000000,0
1531212961917,1531212961912,2237794,0.00003317,31.00000000,0
1531212963636,1531212963633,2237795,0.00003310,308.00000000,1
1531212968597,1531212968592,2237796,0.00003310,11.00000000,1
1531212969099,1531212969094,2237797,0.00003310,44.00000000,1
1531212969132,1531212969129,2237798,0.00003313,323.00000000,0
1531212969899,1531212969895,2237799,0.00003314,49.00000000,1
1531212970649,1531212970641,2237800,0.00003319,541.00000000,0
1531212970649,1531212970641,2237801,0.00003320,129.00000000,0
1531212970649,1531212970641,2237802,0.00003322,31.00000000,0
1531212970649,1531212970641,2237803,0.00003324,363.00000000,0
1531212970649,1531212970641,2237804,0.00003325,182.00000000,0
1531212970649,1531212970641,2237805,0.00003327,77.00000000,0
1531212970649,1531212970641,2237806,0.00003329,5291.00000000,0
1531212970649,1531212970641,2237807,0.00003330,1193.00000000,0
1531212970649,1531212970641,2237808,0.00003331,93.00000000,0
1531212970649,1531212970641,2237809,0.00003332,853.00000000,0
1531212970649,1531212970641,2237810,0.00003333,3388.00000000,0
1531212970744,1531212970741,2237811,0.00003314,341.00000000,1
1531212971166,1531212971162,2237812,0.00003314,10.00000000,1
1531212971242,1531212971238,2237813,0.00003314,10.00000000,1
1531212971312,1531212971307,2237814,0.00003314,32.00000000,1
1531212971406,1531212971401,2237815,0.00003315,131.00000000,1
1531212971429,1531212971422,2237816,0.00003315,12.00000000,1
1531212971446,1531212971442,2237817,0.00003315,217.00000000,1
1531212971502,1531212971498,2237818,0.00003315,32.00000000,1
1531212971620,1531212971617,2237819,0.00003315,14.00000000,1
1531212971755,1531212971750,2237820,0.00003316,15.00000000,1
1531212971794,1531212971789,2237821,0.00003316,10.00000000,1
1531212971848,1531212971845,2237822,0.00003316,638.00000000,1
1531212972176,1531212972171,2237823,0.00003332,300.00000000,0
1531212972176,1531212972171,2237824,0.00003333,2688.00000000,0
1531212972741,1531212972738,2237825,0.00003316,67.00000000,1
1531212973543,1531212973538,2237826,0.00003330,734.00000000,0
1531212973866,1531212973861,2237827,0.00003317,167.00000000,1
1531212974035,1531212974031,2237828,0.00003316,471.00000000,1
1531212974155,1531212974150,2237829,0.00003316,3.00000000,1
1531212974156,1531212974150,2237830,0.00003314,471.00000000,1
1531212974798,1531212974794,2237831,0.00003329,167.00000000,0
1531212974798,1531212974794,2237832,0.00003330,14.00000000,0
1531212975187,1531212975184,2237833,0.00003316,210.00000000,1
1531212975187,1531212975184,2237834,0.00003315,2279.00000000,1
1531212975782,1531212975778,2237835,0.00003314,78.00000000,1
1531212975901,1531212975897,2237836,0.00003314,377.00000000,1
1531212976208,1531212976203,2237837,0.00003315,45.00000000,0
1531212976393,1531212976389,2237838,0.00003315,183.00000000,0
