event_time,trade_time,trade_id,price,quantity,maker
1531210442377,1531210442372,3766475,0.00002094,1940.00000000,1
1531210470607,1531210470603,3766476,0.00002093,161.00000000,1
1531210475596,1531210475592,3766477,0.00002087,15041.00000000,1
1531210500623,1531210500619,3766478,0.00002089,597.00000000,0
1531210500632,1531210500631,3766479,0.00002092,383.00000000,0
1531210521599,1531210521595,3766480,0.00002090,368.00000000,0
1531210533674,1531210533669,3766481,0.00002089,317.00000000,0
1531210548998,1531210548993,3766482,0.00002088,844.00000000,1
1531210578331,1531210578327,3766483,0.00002090,1114.00000000,0
1531210578350,1531210578345,3766484,0.00002087,871.00000000,1
1531210624089,1531210624085,3766485,0.00002093,1386.00000000,0
1531210624107,1531210624103,3766486,0.00002093,2165.00000000,0
1531210657200,1531210657194,3766487,0.00002090,7213.00000000,0
1531210657210,1531210657205,3766488,0.00002088,1507.00000000,1
1531210657228,1531210657224,3766489,0.00002088,3031.00000000,1
1531210683701,1531210683695,3766490,0.00002092,94.00000000,0
1531210699725,1531210699721,3766491,0.00002090,8896.00000000,0
1531210699740,1531210699735,3766492,0.00002093,4890.00000000,0
1531210699767,1531210699762,3766493,0.00002093,3200.00000000,0
1531210720456,1531210720451,3766494,0.00002093,182.00000000,0
1531210733226,1531210733222,3766495,0.00002091,6906.00000000,0
1531210733241,1531210733236,3766496,0.00002089,3837.00000000,1
1531210755601,1531210755597,3766497,0.00002088,110.00000000,1
1531210757198,1531210757194,3766498,0.00002088,1154.00000000,0
1531211190824,1531211190820,3766499,0.00002088,5.00000000,0
1531211190824,1531211190820,3766500,0.00002092,110.00000000,0
1531211195543,1531211195538,3766501,0.00002092,4885.00000000,1
1531211196777,1531211196773,3766502,0.00002094,812.00000000,1
1531211204629,1531211204626,3766503,0.00002093,406.00000000,1
1531211226469,1531211226465,3766504,0.00002090,5379.00000000,0
1531211226483,1531211226479,3766505,0.00002088,4559.00000000,1
1531211270702,1531211270697,3766506,0.00002088,10795.00000000,0
1531211270721,1531211270716,3766507,0.00002090,4863.00000000,0
1531211288243,1531211288239,3766508,0.00002088,2461.00000000,0
1531211288259,1531211288255,3766509,0.00002090,1295.00000000,0
1531211288284,1531211288279,3766510,0.00002090,1837.00000000,0
1531211312797,1531211312794,3766511,0.00002090,3239.00000000,1
1531211322227,1531211322222,3766512,0.00002087,244.00000000,1
1531211322227,1531211322222,3766513,0.00002086,5393.00000000,1
1531211354354,1531211354352,3766514,0.00002087,12882.00000000,0
1531211354364,1531211354360,3766515,0.00002091,4473.00000000,0
1531211374011,1531211374006,3766516,0.00002084,48.00000000,1
1531211378224,1531211378220,3766517,0.00002086,9821.00000000,1
1531211404733,1531211404731,3766518,0.00002087,4936.00000000,0
1531211404750,1531211404745,3766519,0.00002090,326.00000000,0
1531211404774,1531211404769,3766520,0.00002090,3797.00000000,0
1531211449962,1531211449958,3766521,0.00002089,1283.00000000,0
1531211460268,1531211460265,3766522,0.00002086,4486.00000000,1
1531211460282,1531211460276,3766523,0.00002086,4188.00000000,1
1531211474116,1531211474110,3766524,0.00002086,689.00000000,1
1531211494492,1531211494488,3766525,0.00002087,3390.00000000,1
1531211525439,1531211525435,3766526,0.00002088,495.00000000,0
1531211525457,1531211525452,3766527,0.00002087,370.00000000,1
1531211534499,1531211534493,3766528,0.00002090,277.00000000,0
1531211535148,1531211535145,3766529,0.00002090,4.00000000,0
1531211535148,1531211535145,3766530,0.00002092,273.00000000,0
1531211555759,1531211555755,3766531,0.00002088,882.00000000,1
1531211555783,1531211555779,3766532,0.00002088,2848.00000000,1
1531211580667,1531211580663,3766533,0.00002089,63.00000000,0
1531211580683,1531211580679,3766534,0.00002091,638.00000000,0
1531211580716,1531211580710,3766535,0.00002091,48.00000000,0
1531211615502,1531211615498,3766536,0.00002090,8535.00000000,0
1531211615521,1531211615520,3766537,0.00002088,4650.00000000,1
1531211615541,1531211615539,3766538,0.00002088,4589.00000000,1
1531211622084,1531211622081,3766539,0.00002089,7089.00000000,0
1531211622097,1531211622093,3766540,0.00002091,3282.00000000,0
1531211658886,1531211658881,3766541,0.00002090,8470.00000000,0
1531211658901,1531211658896,3766542,0.00002088,1611.00000000,1
1531211658923,1531211658918,3766543,0.00002088,3620.00000000,1
1531211736474,1531211736469,3766544,0.00002091,3122.00000000,1
1531211736501,1531211736496,3766545,0.00002091,1466.00000000,1
1531211750231,1531211750227,3766546,0.00002093,1731.00000000,0
1531211750242,1531211750237,3766547,0.00002091,656.00000000,1
1531211784767,1531211784763,3766548,0.00002087,4.00000000,1
1531211825142,1531211825138,3766549,0.00002089,2645.00000000,0
1531211825158,1531211825154,3766550,0.00002090,1821.00000000,0
1531211825169,1531211825165,3766551,0.00002090,1181.00000000,0
1531211840521,1531211840516,3766552,0.00002089,4277.00000000,1
1531211842334,1531211842331,3766553,0.00002094,99.00000000,0
1531211846818,1531211846813,3766554,0.00002088,13.00000000,1
1531211847358,1531211847354,3766555,0.00002088,11.00000000,1
1531211847754,1531211847748,3766556,0.00002088,13.00000000,1
1531211848762,1531211848758,3766557,0.00002088,16.00000000,1
1531211849059,1531211849053,3766558,0.00002088,10.00000000,1
1531211849686,1531211849682,3766559,0.00002088,52.00000000,1
1531211850331,1531211850327,3766560,0.00002088,13.00000000,1
1531211850725,1531211850721,3766561,0.00002088,10.00000000,1
1531211851538,1531211851534,3766562,0.00002088,32.00000000,1
1531211852091,1531211852086,3766563,0.00002088,11.00000000,1
1531211852806,1531211852801,3766564,0.00002088,13.00000000,1
1531211853283,1531211853278,3766565,0.00002088,14.00000000,1
1531211853976,1531211853972,3766566,0.00002088,11.00000000,1
1531211854779,1531211854778,3766567,0.00002088,13.00000000,1
1531211854783,1531211854780,3766568,0.00002088,133.00000000,1
1531211854783,1531211854780,3766569,0.00002087,367.00000000,1
1531211855590,1531211855586,3766570,0.00002087,13.00000000,1
1531211855883,1531211855878,3766571,0.00002087,10.00000000,1
1531211859727,1531211859721,3766572,0.00002087,17.00000000,1
1531211860173,1531211860170,3766573,0.00002087,11.00000000,1
1531211861169,1531211861165,3766574,0.00002087,90.00000000,1
1531211861573,1531211861569,3766575,0.00002087,70.00000000,1
1531211862013,1531211862007,3766576,0.00002087,12.00000000,1
1531211862734,1531211862731,3766577,0.00002087,12.00000000,1
1531211863423,1531211863417,3766578,0.00002087,14.00000000,1
1531211864092,1531211864088,3766579,0.00002087,72.00000000,1
1531211864586,1531211864582,3766580,0.00002087,13.00000000,1
1531211865084,1531211865080,3766581,0.00002087,11.00000000,1
1531211865705,1531211865704,3766582,0.00002087,36.00000000,1
1531211866182,1531211866180,3766583,0.00002087,13.00000000,1
1531211866695,1531211866691,3766584,0.00002087,13.00000000,1
1531211867085,1531211867079,3766585,0.00002087,16.00000000,1
1531211867633,1531211867628,3766586,0.00002087,10.00000000,1
1531211868154,1531211868149,3766587,0.00002087,17.00000000,1
1531211868700,1531211868696,3766588,0.00002087,11.00000000,1
1531211869420,1531211869416,3766589,0.00002087,21.00000000,1
1531211884835,1531211884830,3766590,0.00002091,810.00000000,0
1531211906746,1531211906741,3766591,0.00002088,1757.00000000,1
1531211906769,1531211906765,3766592,0.00002088,1283.00000000,1
1531211930308,1531211930304,3766593,0.00002088,3438.00000000,1
1531211930322,1531211930317,3766594,0.00002088,1967.00000000,1
1531211939114,1531211939109,3766595,0.00002094,5.00000000,0
1531211972756,1531211972752,3766596,0.00002091,879.00000000,1
1531211985756,1531211985752,3766597,0.00002091,680.00000000,1
1531211989767,1531211989762,3766598,0.00002092,6692.00000000,0
1531211989786,1531211989781,3766599,0.00002091,1955.00000000,1
1531212017993,1531212017989,3766600,0.00002087,3213.00000000,1
1531212018019,1531212018014,3766601,0.00002091,680.00000000,0
1531212023152,1531212023146,3766602,0.00002091,110.00000000,1
1531212042298,1531212042295,3766603,0.00002091,1845.00000000,1
1531212043813,1531212043810,3766604,0.00002091,110.00000000,0
1531212069667,1531212069663,3766605,0.00002087,1555.00000000,1
1531212069680,1531212069676,3766606,0.00002087,1871.00000000,1
1531212083874,1531212083871,3766607,0.00002088,1029.00000000,0
1531212096254,1531212096249,3766608,0.00002087,4744.00000000,1
1531212103203,1531212103198,3766609,0.00002090,3429.00000000,0
1531212139348,1531212139345,3766610,0.00002089,3555.00000000,0
1531212162967,1531212162963,3766611,0.00002087,4810.00000000,1
1531212162980,1531212162976,3766612,0.00002087,2947.00000000,1
1531212193639,1531212193635,3766613,0.00002089,5794.00000000,0
1531212193646,1531212193642,3766614,0.00002087,3577.00000000,1
1531212230109,1531212230104,3766615,0.00002089,9199.00000000,0
1531212230125,1531212230121,3766616,0.00002087,4742.00000000,1
1531212241200,1531212241196,3766617,0.00002090,3430.00000000,0
1531212273666,1531212273661,3766618,0.00002089,11620.00000000,0
1531212273685,1531212273681,3766619,0.00002087,4575.00000000,1
1531212288359,1531212288355,3766620,0.00002090,2573.00000000,0
1531212288380,1531212288376,3766621,0.00002090,1710.00000000,0
1531212318898,1531212318894,3766622,0.00002090,3441.00000000,0
1531212344436,1531212344431,3766623,0.00002087,1187.00000000,1
1531212379334,1531212379329,3766624,0.00002088,8726.00000000,0
1531212379343,1531212379341,3766625,0.00002090,4642.00000000,0
1531212402985,1531212402981,3766626,0.00002087,656.00000000,1
1531212424549,1531212424544,3766627,0.00002087,3438.00000000,1
1531212424568,1531212424564,3766628,0.00002087,4845.00000000,1
1531212444155,1531212444150,3766629,0.00002090,1036.00000000,0
1531212469800,1531212469796,3766630,0.00002090,3285.00000000,0
1531212469817,1531212469814,3766631,0.00002090,3791.00000000,0
1531212475913,1531212475910,3766632,0.00002088,603.00000000,1
1531212475938,1531212475932,3766633,0.00002088,2098.00000000,1
1531212525641,1531212525636,3766634,0.00002092,3527.00000000,0
1531212525662,1531212525658,3766635,0.00002092,237.00000000,0
1531212558173,1531212558167,3766636,0.00002092,193.00000000,0
1531212558632,1531212558627,3766637,0.00002089,13769.00000000,0
1531212558644,1531212558638,3766638,0.00002092,2095.00000000,0
1531212558664,1531212558660,3766639,0.00002092,4555.00000000,0
1531212561474,1531212561470,3766640,0.00002092,193.00000000,1
1531212609709,1531212609704,3766641,0.00002086,110.00000000,1
1531212615647,1531212615642,3766642,0.00002085,533.00000000,0
1531212619926,1531212619922,3766643,0.00002083,655.00000000,0
1531212619927,1531212619922,3766644,0.00002083,11650.00000000,0
1531212619943,1531212619938,3766645,0.00002085,2372.00000000,0
1531212619964,1531212619960,3766646,0.00002085,4389.00000000,0
1531212620977,1531212620972,3766647,0.00002086,72.00000000,0
1531212625973,1531212625969,3766648,0.00002086,114.00000000,0
1531212646522,1531212646517,3766649,0.00002085,533.00000000,1
1531212646530,1531212646526,3766650,0.00002085,5735.00000000,0
1531212646537,1531212646533,3766651,0.00002085,533.00000000,1
1531212678135,1531212678130,3766652,0.00002085,137.00000000,0
1531212679308,1531212679304,3766653,0.00002085,244.00000000,0
1531212680101,1531212680097,3766654,0.00002083,221.00000000,0
1531212680115,1531212680111,3766655,0.00002082,2686.00000000,1
1531212680130,1531212680125,3766656,0.00002082,129.00000000,1
1531212680140,1531212680135,3766657,0.00002085,4008.00000000,0
1531212688706,1531212688700,3766658,0.00002085,914.00000000,1
1531212725329,1531212725324,3766659,0.00002083,1865.00000000,0
1531212725343,1531212725338,3766660,0.00002085,746.00000000,0
1531212733891,1531212733887,3766661,0.00002083,1215.00000000,0
1531212733910,1531212733904,3766662,0.00002085,515.00000000,0
1531212740111,1531212740106,3766663,0.00002083,4827.00000000,0
1531212740128,1531212740123,3766664,0.00002085,3921.00000000,0
1531212740143,1531212740138,3766665,0.00002085,2541.00000000,0
1531212785070,1531212785066,3766666,0.00002083,5087.00000000,0
1531212785079,1531212785074,3766667,0.00002085,3028.00000000,0
1531212797897,1531212797894,3766668,0.00002086,430.00000000,0
1531212799986,1531212799981,3766669,0.00002084,311.00000000,0
1531212800003,1531212799998,3766670,0.00002082,1865.00000000,1
1531212800061,1531212800056,3766671,0.00002087,382.00000000,0
1531212800068,1531212800064,3766672,0.00002082,119.00000000,1
1531212815425,1531212815420,3766673,0.00002086,1668.00000000,1
1531212876152,1531212876147,3766674,0.00002088,4541.00000000,0
1531212876169,1531212876164,3766675,0.00002091,1577.00000000,0
1531212884573,1531212884567,3766676,0.00002092,904.00000000,0
1531212884594,1531212884590,3766677,0.00002092,1567.00000000,0
1531212918908,1531212918903,3766678,0.00002088,4401.00000000,0
1531212941093,1531212941088,3766679,0.00002084,1159.00000000,1
1531212978563,1531212978559,3766680,0.00002087,421.00000000,0
1531212978585,1531212978580,3766681,0.00002087,3218.00000000,0
1531212990716,1531212990712,3766682,0.00002089,3885.00000000,0
1531212990739,1531212990734,3766683,0.00002089,2820.00000000,0
1531213008694,1531213008688,3766684,0.00002086,7049.00000000,0
1531213008711,1531213008706,3766685,0.00002084,4638.00000000,1
1531213033039,1531213033033,3766686,0.00002089,2712.00000000,0
1531213033061,1531213033057,3766687,0.00002089,2914.00000000,0
1531213070845,1531213070840,3766688,0.00002089,1421.00000000,0
1531213094226,1531213094220,3766689,0.00002085,1514.00000000,1
1531213128780,1531213128774,3766690,0.00002089,4130.00000000,0
1531213128798,1531213128794,3766691,0.00002089,4972.00000000,0
1531213162782,1531213162777,3766692,0.00002089,3178.00000000,0
1531213175775,1531213175769,3766693,0.00002089,4071.00000000,0
1531213175794,1531213175791,3766694,0.00002089,4381.00000000,0
1531213188221,1531213188218,3766695,0.00002085,5435.00000000,0
1531213188236,1531213188231,3766696,0.00002089,2540.00000000,0
1531213191481,1531213191475,3766697,0.00002089,110.00000000,0
1531213216044,1531213216040,3766698,0.00002089,560.00000000,1
1531213216044,1531213216040,3766699,0.00002085,225.00000000,1
1531213244769,1531213244764,3766700,0.00002092,1390.00000000,0
1531213244793,1531213244787,3766701,0.00002092,4471.00000000,0
1531213264484,1531213264479,3766702,0.00002088,2899.00000000,0
1531213264497,1531213264492,3766703,0.00002086,3723.00000000,1
1531213264513,1531213264510,3766704,0.00002086,1959.00000000,1
1531213282598,1531213282594,3766705,0.00002087,49.00000000,0
1531213282612,1531213282609,3766706,0.00002089,4872.00000000,0
1531213282633,1531213282627,3766707,0.00002089,48.00000000,0
1531213324489,1531213324485,3766708,0.00002087,4106.00000000,0
1531213324496,1531213324491,3766709,0.00002090,2858.00000000,0
1531213324511,1531213324508,3766710,0.00002090,2504.00000000,0
1531213353165,1531213353160,3766711,0.00002089,14.00000000,0
1531213359542,1531213359538,3766712,0.00002086,1576.00000000,1
1531213383829,1531213383824,3766713,0.00002086,4454.00000000,1
1531213397667,1531213397662,3766714,0.00002090,48.00000000,0
1531213444012,1531213444008,3766715,0.00002088,865.00000000,0
1531213444022,1531213444018,3766716,0.00002086,646.00000000,1
1531213467192,1531213467188,3766717,0.00002087,4723.00000000,1
1531213475918,1531213475915,3766718,0.00002091,3.00000000,0
1531213488906,1531213488902,3766719,0.00002088,7629.00000000,0
1531213488920,1531213488916,3766720,0.00002090,4596.00000000,0
1531213511231,1531213511226,3766721,0.00002088,5262.00000000,0
1531213511243,1531213511240,3766722,0.00002090,1294.00000000,0
1531213511259,1531213511255,3766723,0.00002090,4784.00000000,0
1531213535536,1531213535532,3766724,0.00002087,3651.00000000,1
1531213535548,1531213535542,3766725,0.00002087,859.00000000,1
1531213539099,1531213539093,3766726,0.00002090,4442.00000000,0
1531213565945,1531213565942,3766727,0.00002088,1506.00000000,0
1531213565964,1531213565960,3766728,0.00002090,1289.00000000,0
1531213565975,1531213565971,3766729,0.00002090,856.00000000,0
1531213572230,1531213572226,3766730,0.00002088,4789.00000000,0
1531213572238,1531213572234,3766731,0.00002090,3151.00000000,0
1531213595079,1531213595075,3766732,0.00002087,2213.00000000,1
1531213595101,1531213595095,3766733,0.00002087,600.00000000,1
1531213600744,1531213600742,3766734,0.00002090,1074.00000000,0
1531213609036,1531213609030,3766735,0.00002090,2447.00000000,0
1531213609051,1531213609047,3766736,0.00002090,1988.00000000,0
1531213639202,1531213639198,3766737,0.00002087,660.00000000,1
1531213639226,1531213639221,3766738,0.00002087,3949.00000000,1
1531213658915,1531213658910,3766739,0.00002087,684.00000000,1
1531213658937,1531213658933,3766740,0.00002087,4134.00000000,1
1531213669479,1531213669474,3766741,0.00002088,3050.00000000,0
1531213669500,1531213669494,3766742,0.00002090,4612.00000000,0
1531213669525,1531213669519,3766743,0.00002090,1362.00000000,0
1531213673689,1531213673685,3766744,0.00002088,126.00000000,0
1531213673699,1531213673694,3766745,0.00002090,1419.00000000,0
1531213673729,1531213673725,3766746,0.00002090,93.00000000,0
1531213716065,1531213716061,3766747,0.00002087,4041.00000000,1
1531213722491,1531213722486,3766748,0.00002090,4034.00000000,0
1531213722504,1531213722499,3766749,0.00002090,3311.00000000,0
1531213744745,1531213744740,3766750,0.00002088,12562.00000000,0
1531213744759,1531213744754,3766751,0.00002090,613.00000000,0
1531213744777,1531213744772,3766752,0.00002090,4946.00000000,0
1531213776838,1531213776834,3766753,0.00002090,1216.00000000,0
1531213818462,1531213818458,3766754,0.00002088,7021.00000000,0
1531213818471,1531213818468,3766755,0.00002090,130.00000000,0
1531213818486,1531213818482,3766756,0.00002090,2620.00000000,0
1531213843269,1531213843265,3766757,0.00002090,4604.00000000,0
1531213843288,1531213843282,3766758,0.00002090,3204.00000000,0
1531213865714,1531213865710,3766759,0.00002086,1913.00000000,1
1531213872975,1531213872971,3766760,0.00002086,16460.00000000,0
1531213873023,1531213873020,3766761,0.00002084,110.00000000,1
1531213873023,1531213873020,3766762,0.00002082,906.00000000,1
1531213873068,1531213873064,3766763,0.00002082,2429.00000000,1
1531213873068,1531213873064,3766764,0.00002081,6438.00000000,1
1531213873068,1531213873064,3766765,0.00002080,1956.00000000,1
1531213873096,1531213873093,3766766,0.00002080,996.00000000,1
1531213873838,1531213873834,3766767,0.00002082,1696.00000000,1
1531213873838,1531213873834,3766768,0.00002080,1639.00000000,1
1531213874894,1531213874890,3766769,0.00002080,3335.00000000,1
1531213879060,1531213879057,3766770,0.00002082,629.00000000,0
1531213879077,1531213879073,3766771,0.00002085,260.00000000,0
1531213903801,1531213903797,3766772,0.00002084,2258.00000000,0
1531213940622,1531213940618,3766773,0.00002082,571.00000000,0
1531213940639,1531213940634,3766774,0.00002084,253.00000000,0
1531213943445,1531213943442,3766775,0.00002080,2074.00000000,1
1531213944158,1531213944154,3766776,0.00002079,812.00000000,1
1531213964942,1531213964938,3766777,0.00002080,12678.00000000,0
1531214033774,1531214033770,3766778,0.00002079,105.00000000,1
1531214044236,1531214044231,3766779,0.00002080,241.00000000,0
1531214069734,1531214069731,3766780,0.00002079,3419.00000000,1
1531214073926,1531214073922,3766781,0.00002078,1732.00000000,1
1531214073938,1531214073932,3766782,0.00002078,55.00000000,0
1531214073954,1531214073950,3766783,0.00002078,655.00000000,1
1531214073964,1531214073959,3766784,0.00002078,1077.00000000,1
1531214088270,1531214088266,3766785,0.00002077,2270.00000000,1
1531214088270,1531214088266,3766786,0.00002076,10946.00000000,1
1531214088713,1531214088709,3766787,0.00002078,277.00000000,0
1531214090225,1531214090220,3766788,0.00002077,5732.00000000,0
1531214090237,1531214090231,3766789,0.00002078,2740.00000000,0
1531214104663,1531214104658,3766790,0.00002078,277.00000000,1
1531214104686,1531214104680,3766791,0.00002078,4965.00000000,0
1531214104702,1531214104698,3766792,0.00002078,277.00000000,1
1531214129148,1531214129144,3766793,0.00002076,2534.00000000,1
1531214129163,1531214129157,3766794,0.00002076,1509.00000000,0
1531214129178,1531214129172,3766795,0.00002077,3063.00000000,0
1531214129206,1531214129203,3766796,0.00002078,2740.00000000,0
1531214134084,1531214134079,3766797,0.00002078,277.00000000,1
1531214143219,1531214143214,3766798,0.00002076,79.00000000,0
1531214164619,1531214164615,3766799,0.00002075,241.00000000,1
1531214172866,1531214172861,3766800,0.00002075,487.00000000,1
1531214183962,1531214183958,3766801,0.00002078,923.00000000,0
1531214183976,1531214183971,3766802,0.00002078,3536.00000000,0
1531214286112,1531214286108,3766803,0.00002076,888.00000000,0
1531214286143,1531214286139,3766804,0.00002076,445.00000000,0
1531214291113,1531214291108,3766805,0.00002075,54.00000000,1
1531214292546,1531214292541,3766806,0.00002076,216.00000000,0
1531214293907,1531214293903,3766807,0.00002075,5263.00000000,1
1531214293940,1531214293935,3766808,0.00002076,4245.00000000,0
1531214300035,1531214300032,3766809,0.00002079,360.00000000,0
1531214313917,1531214313911,3766810,0.00002077,1599.00000000,1
1531214313939,1531214313935,3766811,0.00002076,216.00000000,1
1531214313964,1531214313958,3766812,0.00002075,5263.00000000,1
1531214330244,1531214330239,3766813,0.00002079,253.00000000,0
1531214346162,1531214346158,3766814,0.00002077,4140.00000000,0
1531214346176,1531214346171,3766815,0.00002076,4433.00000000,1
1531214346195,1531214346190,3766816,0.00002076,1683.00000000,1
1531214388982,1531214388979,3766817,0.00002076,899.00000000,1
1531214420098,1531214420094,3766818,0.00002076,2328.00000000,1
1531214450548,1531214450543,3766819,0.00002077,5130.00000000,0
1531214450557,1531214450553,3766820,0.00002076,908.00000000,1
1531214450575,1531214450571,3766821,0.00002076,3613.00000000,1
1531214470144,1531214470140,3766822,0.00002076,286.00000000,1
1531214470164,1531214470159,3766823,0.00002076,4687.00000000,1
1531214494573,1531214494570,3766824,0.00002076,1004.00000000,1
1531214494591,1531214494586,3766825,0.00002076,509.00000000,1
1531214501746,1531214501742,3766826,0.00002076,7681.00000000,1
1531214511016,1531214511011,3766827,0.00002075,97294.00000000,1
1531214511767,1531214511762,3766828,0.00002074,58.00000000,1
1531214525505,1531214525500,3766829,0.00002073,496.00000000,1
1531214526869,1531214526865,3766830,0.00002074,87.00000000,0
1531214527050,1531214527046,3766831,0.00002073,132.00000000,1
1531214527080,1531214527074,3766832,0.00002073,273.00000000,0
1531214552824,1531214552819,3766833,0.00002072,317.00000000,1
1531214552824,1531214552819,3766834,0.00002069,218.00000000,1
1531214558697,1531214558692,3766835,0.00002073,56.00000000,0
1531214558697,1531214558692,3766836,0.00002074,1785.00000000,0
1531214570083,1531214570079,3766837,0.00002070,4565.00000000,1
1531214572566,1531214572561,3766838,0.00002075,244.00000000,0
1531214595919,1531214595915,3766839,0.00002072,649.00000000,0
1531214612392,1531214612387,3766840,0.00002070,14131.00000000,0
1531214625924,1531214625917,3766841,0.00002071,11951.00000000,0
1531214625941,1531214625937,3766842,0.00002072,4065.00000000,0
1531214659538,1531214659534,3766843,0.00002072,3976.00000000,0
1531214659550,1531214659546,3766844,0.00002071,2582.00000000,1
1531214670279,1531214670276,3766845,0.00002069,934.00000000,1
1531214670299,1531214670296,3766846,0.00002069,1844.00000000,1
1531214685471,1531214685468,3766847,0.00002068,73.00000000,1
1531214692253,1531214692249,3766848,0.00002074,13.00000000,0
1531214692310,1531214692305,3766849,0.00002074,16.00000000,0
1531214692503,1531214692500,3766850,0.00002074,10.00000000,0
1531214692571,1531214692566,3766851,0.00002074,13.00000000,0
1531214692733,1531214692728,3766852,0.00002074,14.00000000,0
1531214692883,1531214692879,3766853,0.00002074,13.00000000,0
1531214692990,1531214692985,3766854,0.00002074,11.00000000,0
1531214693229,1531214693225,3766855,0.00002074,10.00000000,0
1531214693240,1531214693235,3766856,0.00002074,52.00000000,0
1531214693288,1531214693285,3766857,0.00002074,11.00000000,0
1531214693394,1531214693391,3766858,0.00002074,13.00000000,0
1531214693457,1531214693452,3766859,0.00002074,32.00000000,0
1531214693770,1531214693766,3766860,0.00002074,11.00000000,0
1531214694061,1531214694055,3766861,0.00002074,13.00000000,0
1531214703991,1531214703987,3766862,0.00002071,335.00000000,0
1531214704007,1531214704002,3766863,0.00002073,3703.00000000,0
1531214704022,1531214704018,3766864,0.00002073,147.00000000,0
1531214739267,1531214739264,3766865,0.00002072,5369.00000000,0
1531214739281,1531214739278,3766866,0.00002071,2533.00000000,1
1531214748505,1531214748500,3766867,0.00002073,2000.00000000,0
1531214755967,1531214755962,3766868,0.00002071,3224.00000000,1
1531214763895,1531214763890,3766869,0.00002071,24500.00000000,1
1531214763895,1531214763890,3766870,0.00002070,25185.00000000,1
1531214779374,1531214779370,3766871,0.00002069,4282.00000000,1
1531214876411,1531214876407,3766872,0.00002073,10.00000000,0
1531214876478,1531214876474,3766873,0.00002073,12.00000000,0
1531214876532,1531214876528,3766874,0.00002073,11.00000000,0
1531214876580,1531214876576,3766875,0.00002073,90.00000000,0
1531214876773,1531214876770,3766876,0.00002073,11.00000000,0
1531214876827,1531214876821,3766877,0.00002073,21.00000000,0
1531214876878,1531214876873,3766878,0.00002073,17.00000000,0
1531214876929,1531214876925,3766879,0.00002073,10.00000000,0
1531214876985,1531214876981,3766880,0.00002073,16.00000000,0
1531214877031,1531214877027,3766881,0.00002073,13.00000000,0
1531214877169,1531214877164,3766882,0.00002073,13.00000000,0
1531214877240,1531214877236,3766883,0.00002073,36.00000000,0
1531214877283,1531214877279,3766884,0.00002073,11.00000000,0
1531214877343,1531214877340,3766885,0.00002073,13.00000000,0
1531214877425,1531214877419,3766886,0.00002073,72.00000000,0
1531214877476,1531214877472,3766887,0.00002073,14.00000000,0
1531214877555,1531214877549,3766888,0.00002073,12.00000000,0
1531214877613,1531214877608,3766889,0.00002073,3.00000000,0
1531214877613,1531214877608,3766890,0.00002074,67.00000000,0
1531214877672,1531214877668,3766891,0.00002074,17.00000000,0
1531214877733,1531214877730,3766892,0.00002074,13.00000000,0
1531214883931,1531214883925,3766893,0.00002068,37.00000000,1
1531214883931,1531214883925,3766894,0.00002066,1474.00000000,1
1531214883931,1531214883925,3766895,0.00002064,1485.00000000,1
1531214886697,1531214886693,3766896,0.00002063,312.00000000,1
1531214886697,1531214886693,3766897,0.00002062,54.00000000,1
1531214886697,1531214886693,3766898,0.00002061,50.00000000,1
1531214886697,1531214886693,3766899,0.00002059,13.00000000,1
1531214887043,1531214887038,3766900,0.00002063,128.00000000,0
1531214894837,1531214894833,3766901,0.00002066,90.00000000,0
1531214895392,1531214895389,3766902,0.00002066,245.00000000,0
1531214897475,1531214897470,3766903,0.00002065,312.00000000,0
1531214897510,1531214897504,3766904,0.00002063,4856.00000000,1
1531214900254,1531214900249,3766905,0.00002061,1712.00000000,1
1531214915558,1531214915553,3766906,0.00002062,4720.00000000,1
1531214919583,1531214919578,3766907,0.00002065,1468.00000000,0
1531214920793,1531214920788,3766908,0.00002062,465.00000000,0
1531214926096,1531214926093,3766909,0.00002061,4851.00000000,1
1531214929398,1531214929378,3766910,0.00002061,1712.00000000,1
1531214933364,1531214933361,3766911,0.00002061,4851.00000000,1
1531214936388,1531214936383,3766912,0.00002061,1712.00000000,1
1531214941747,1531214941741,3766913,0.00002061,491.00000000,1
1531214944246,1531214944241,3766914,0.00002065,242.00000000,0
1531214944472,1531214944468,3766915,0.00002065,292.00000000,0
1531214950472,1531214950469,3766916,0.00002065,54.00000000,0
1531214953543,1531214953538,3766917,0.00002066,40.00000000,0
1531214953543,1531214953538,3766918,0.00002067,386.00000000,0
1531214953543,1531214953538,3766919,0.00002074,248.00000000,0
1531214956748,1531214956744,3766920,0.00002072,97.00000000,0
1531214959786,1531214959782,3766921,0.00002064,957.00000000,1
1531214959797,1531214959792,3766922,0.00002064,386.00000000,1
1531214964270,1531214964267,3766923,0.00002065,320.00000000,1
1531214964270,1531214964267,3766924,0.00002064,387.00000000,1
1531214964287,1531214964283,3766925,0.00002061,3800.00000000,0
1531214964289,1531214964285,3766926,0.00002061,445.00000000,0
1531214964310,1531214964306,3766927,0.00002061,1692.00000000,0
1531214964313,1531214964309,3766928,0.00002061,445.00000000,0
1531214964327,1531214964323,3766929,0.00002061,317.00000000,0
1531214964454,1531214964450,3766930,0.00002061,325.00000000,0
1531214964563,1531214964559,3766931,0.00002061,446.00000000,0
1531214967481,1531214967476,3766932,0.00002061,983.00000000,0
1531214969680,1531214969677,3766933,0.00002061,106.00000000,0
1531214972274,1531214972270,3766934,0.00002061,734.00000000,0
1531214972889,1531214972884,3766935,0.00002064,194.00000000,0
1531214974548,1531214974545,3766936,0.00002063,989.00000000,1
1531214983936,1531214983930,3766937,0.00002065,1547.00000000,1
1531214983936,1531214983930,3766938,0.00002064,3314.00000000,1
1531214983936,1531214983930,3766939,0.00002063,1731.00000000,1
1531214983936,1531214983930,3766940,0.00002061,20205.00000000,1
1531214984775,1531214984771,3766941,0.00002061,3355.00000000,0
1531214984791,1531214984786,3766942,0.00002061,3355.00000000,0
1531214986486,1531214986481,3766943,0.00002061,1456.00000000,0
1531214987061,1531214987056,3766944,0.00002060,3314.00000000,0
1531214987061,1531214987056,3766945,0.00002061,4357.00000000,0
1531214989536,1531214989532,3766946,0.00002061,26332.00000000,0
1531214989568,1531214989563,3766947,0.00002061,338.00000000,1
1531215039914,1531215039910,3766948,0.00002062,3395.00000000,0
1531215039930,1531215039926,3766949,0.00002060,2100.00000000,1
1531215039943,1531215039940,3766950,0.00002060,1204.00000000,1
1531215049459,1531215049456,3766951,0.00002062,2046.00000000,0
1531215049473,1531215049469,3766952,0.00002060,3294.00000000,1
1531215049496,1531215049491,3766953,0.00002060,1795.00000000,1
1531215052201,1531215052198,3766954,0.00002059,97.00000000,1
1531215067046,1531215067042,3766955,0.00002057,7864.00000000,1
1531215091140,1531215091134,3766956,0.00002058,67.00000000,0
1531215108539,1531215108535,3766957,0.00002059,1309.00000000,0
1531215108551,1531215108545,3766958,0.00002057,1007.00000000,1
1531215137678,1531215137673,3766959,0.00002057,3455.00000000,1
1531215137698,1531215137692,3766960,0.00002057,2064.00000000,1
1531215159985,1531215159980,3766961,0.00002062,387.00000000,0
1531215159985,1531215159980,3766962,0.00002063,2943.00000000,0
1531215165273,1531215165269,3766963,0.00002059,5282.00000000,0
1531215165606,1531215165600,3766964,0.00002059,3616.00000000,0
1531215168194,1531215168191,3766965,0.00002058,156.00000000,0
1531215169656,1531215169651,3766966,0.00002057,10477.00000000,0
1531215169674,1531215169669,3766967,0.00002059,611.00000000,0
1531215173319,1531215173315,3766968,0.00002059,4285.00000000,1
1531215188663,1531215188658,3766969,0.00002059,1937.00000000,0
1531215188676,1531215188673,3766970,0.00002059,4652.00000000,0
1531215199035,1531215199031,3766971,0.00002059,1459.00000000,0
1531215199045,1531215199041,3766972,0.00002059,540.00000000,0
1531215226456,1531215226451,3766973,0.00002058,4936.00000000,0
1531215226470,1531215226466,3766974,0.00002057,3918.00000000,1
1531215239343,1531215239338,3766975,0.00002059,588.00000000,0
1531215273868,1531215273865,3766976,0.00002062,60000.00000000,0
1531215274669,1531215274666,3766977,0.00002058,1791.00000000,1
1531215286821,1531215286817,3766978,0.00002058,3263.00000000,0
1531215286845,1531215286840,3766979,0.00002058,4879.00000000,0
1531215303821,1531215303817,3766980,0.00002058,2708.00000000,0
1531215311394,1531215311390,3766981,0.00002058,873.00000000,0
1531215311421,1531215311416,3766982,0.00002058,2263.00000000,0
1531215320423,1531215320417,3766983,0.00002058,2676.00000000,0
1531215333756,1531215333751,3766984,0.00002057,712.00000000,1
1531215333766,1531215333761,3766985,0.00002057,764.00000000,0
1531215333783,1531215333777,3766986,0.00002058,127.00000000,0
1531215333793,1531215333790,3766987,0.00002058,724.00000000,0
1531215364016,1531215364010,3766988,0.00002057,2583.00000000,0
1531215364032,1531215364028,3766989,0.00002058,2118.00000000,0
1531215368704,1531215368697,3766990,0.00002056,313.00000000,1
1531215368704,1531215368697,3766991,0.00002055,535.00000000,1
1531215368704,1531215368697,3766992,0.00002054,95.00000000,1
1531215368704,1531215368697,3766993,0.00002053,398.00000000,1
1531215368704,1531215368697,3766994,0.00002052,54.00000000,1
1531215368704,1531215368697,3766995,0.00002051,173.00000000,1
1531215368704,1531215368697,3766996,0.00002050,7832.00000000,1
1531215368705,1531215368697,3766997,0.00002047,134.00000000,1
1531215368705,1531215368697,3766998,0.00002046,91.00000000,1
1531215368739,1531215368735,3766999,0.00002050,101.00000000,0
1531215368777,1531215368772,3767000,0.00002050,101.00000000,0
1531215369847,1531215369843,3767001,0.00002046,289.00000000,1
1531215371622,1531215371618,3767002,0.00002043,101.00000000,1
1531215373734,1531215373729,3767003,0.00002049,350.00000000,0
1531215375331,1531215375327,3767004,0.00002049,487.00000000,0
1531215376943,1531215376940,3767005,0.00002049,969.00000000,0
1531215378592,1531215378587,3767006,0.00002049,1217.00000000,0
1531215380416,1531215380411,3767007,0.00002049,88.00000000,0
1531215380451,1531215380448,3767008,0.00002049,490.00000000,0
1531215381859,1531215381854,3767009,0.00002043,112.00000000,1
1531215382033,1531215382030,3767010,0.00002049,1698.00000000,0
1531215383618,1531215383615,3767011,0.00002049,1212.00000000,0
1531215385143,1531215385140,3767012,0.00002049,425.00000000,0
1531215385506,1531215385502,3767013,0.00002049,379.00000000,0
1531215385515,1531215385511,3767014,0.00002049,1247.00000000,0
1531215387053,1531215387049,3767015,0.00002049,372.00000000,0
1531215387099,1531215387095,3767016,0.00002049,324.00000000,0
1531215387534,1531215387529,3767017,0.00002049,386.00000000,0
1531215388451,1531215388446,3767018,0.00002049,393.00000000,0
1531215388702,1531215388697,3767019,0.00002049,324.00000000,0
1531215395666,1531215395663,3767020,0.00002046,5487.00000000,0
1531215395683,1531215395680,3767021,0.00002048,4498.00000000,0
1531215401175,1531215401171,3767022,0.00002049,6.00000000,0
1531215418569,1531215418564,3767023,0.00002045,1037.00000000,1
1531215423461,1531215423458,3767024,0.00002042,53.00000000,1
1531215423491,1531215423488,3767025,0.00002044,2859.00000000,0
1531215423910,1531215423905,3767026,0.00002045,37.00000000,0
1531215424812,1531215424808,3767027,0.00002042,238.00000000,1
1531215424947,1531215424943,3767028,0.00002042,7.00000000,0
1531215424947,1531215424943,3767029,0.00002043,54.00000000,0
1531215427218,1531215427213,3767030,0.00002044,74.00000000,0
1531215427218,1531215427213,3767031,0.00002045,265.00000000,0
1531215433858,1531215433854,3767032,0.00002042,9594.00000000,0
1531215433868,1531215433864,3767033,0.00002044,2119.00000000,0
1531215433891,1531215433885,3767034,0.00002044,3580.00000000,0
1531215441134,1531215441130,3767035,0.00002045,11753.00000000,0
1531215441513,1531215441509,3767036,0.00002048,390.00000000,0
1531215441513,1531215441509,3767037,0.00002050,100.00000000,0
1531215441983,1531215441978,3767038,0.00002050,422.00000000,0
1531215441983,1531215441978,3767039,0.00002051,263.00000000,0
1531215454105,1531215454101,3767040,0.00002043,340.00000000,0
1531215456801,1531215456797,3767041,0.00002050,187.00000000,0
1531215470495,1531215470489,3767042,0.00002046,9784.00000000,0
1531215470509,1531215470503,3767043,0.00002043,1755.00000000,1
1531215470522,1531215470518,3767044,0.00002043,4146.00000000,1
1531215473547,1531215473541,3767045,0.00002049,406.00000000,0
1531215473547,1531215473541,3767046,0.00002050,2588.00000000,0
1531215473738,1531215473733,3767047,0.00002050,98.00000000,0
1531215473788,1531215473785,3767048,0.00002050,98.00000000,0
1531215473801,1531215473796,3767049,0.00002050,98.00000000,0
1531215473820,1531215473816,3767050,0.00002050,106.00000000,0
1531215482121,1531215482117,3767051,0.00002046,194.00000000,1
1531215482606,1531215482602,3767052,0.00002048,542.00000000,0
1531215482621,1531215482615,3767053,0.00002048,3174.00000000,0
1531215497597,1531215497594,3767054,0.00002045,8247.00000000,1
1531215499106,1531215499101,3767055,0.00002044,146.00000000,1
1531215500682,1531215500677,3767056,0.00002046,49.00000000,0
1531215519545,1531215519540,3767057,0.00002046,694.00000000,0
1531215522112,1531215522109,3767058,0.00002044,145.00000000,1
1531215528987,1531215528982,3767059,0.00002043,4325.00000000,1
1531215529019,1531215529015,3767060,0.00002043,4098.00000000,1
1531215529033,1531215529030,3767061,0.00002043,1730.00000000,1
1531215534214,1531215534211,3767062,0.00002044,211.00000000,0
1531215538937,1531215538933,3767063,0.00002043,4095.00000000,1
1531215548592,1531215548589,3767064,0.00002044,500.00000000,0
1531215551882,1531215551876,3767065,0.00002044,62.00000000,0
1531215570909,1531215570905,3767066,0.00002044,141.00000000,0
1531215573913,1531215573910,3767067,0.00002044,1.00000000,0
1531215584990,1531215584985,3767068,0.00002043,295.00000000,1
1531215586207,1531215586203,3767069,0.00002044,500.00000000,0
1531215592583,1531215592575,3767070,0.00002039,871.00000000,1
1531215592583,1531215592575,3767071,0.00002037,292.00000000,1
1531215592583,1531215592575,3767072,0.00002035,390.00000000,1
1531215592583,1531215592575,3767073,0.00002034,1233.00000000,1
1531215592583,1531215592575,3767074,0.00002033,1177.00000000,1
1531215592584,1531215592575,3767075,0.00002032,2789.00000000,1
1531215592584,1531215592575,3767076,0.00002031,586.00000000,1
1531215592584,1531215592575,3767077,0.00002030,895.00000000,1
1531215592584,1531215592575,3767078,0.00002029,186.00000000,1
1531215592584,1531215592575,3767079,0.00002028,1373.00000000,1
1531215592584,1531215592575,3767080,0.00002027,2962.00000000,1
1531215594349,1531215594346,3767081,0.00002038,10.00000000,0
1531215594945,1531215594941,3767082,0.00002038,2.00000000,0
1531215594998,1531215594994,3767083,0.00002038,61.00000000,0
1531215594998,1531215594994,3767084,0.00002039,201.00000000,0
1531215594998,1531215594994,3767085,0.00002042,238.00000000,0
1531215595461,1531215595458,3767086,0.00002030,2.00000000,1
1531215595787,1531215595783,3767087,0.00002042,1032.00000000,0
1531215596059,1531215596055,3767088,0.00002034,2.00000000,0
1531215597089,1531215597085,3767089,0.00002034,235.00000000,0
1531215597737,1531215597733,3767090,0.00002042,37.00000000,0
1531215614638,1531215614635,3767091,0.00002038,195.00000000,1
1531215614661,1531215614658,3767092,0.00002038,64.00000000,0
1531215615133,1531215615130,3767093,0.00002036,292.00000000,1
1531215615424,1531215615420,3767094,0.00002035,125.00000000,0
1531215616807,1531215616802,3767095,0.00002042,16.00000000,0
1531215616807,1531215616802,3767096,0.00002043,515.00000000,0
1531215617077,1531215617073,3767097,0.00002034,1.00000000,1
1531215618040,1531215618035,3767098,0.00002043,531.00000000,0
1531215622432,1531215622428,3767099,0.00002043,326.00000000,0
1531215625968,1531215625964,3767100,0.00002042,2468.00000000,0
1531215626120,1531215626116,3767101,0.00002042,90.00000000,0
1531215628219,1531215628215,3767102,0.00002042,531.00000000,0
1531215628734,1531215628730,3767103,0.00002042,80.00000000,0
1531215628734,1531215628730,3767104,0.00002043,967.00000000,0
1531215629920,1531215629915,3767105,0.00002044,146.00000000,0
1531215631318,1531215631314,3767106,0.00002044,88.00000000,0
1531215632513,1531215632509,3767107,0.00002044,985.00000000,0
1531215633134,1531215633131,3767108,0.00002044,2911.00000000,0
1531215633634,1531215633631,3767109,0.00002044,146.00000000,0
1531215634869,1531215634866,3767110,0.00002042,50.00000000,0
1531215634869,1531215634866,3767111,0.00002043,1029.00000000,0
1531215635661,1531215635543,3767112,0.00002043,50.00000000,0
1531215635799,1531215635794,3767113,0.00002043,1079.00000000,0
1531215636227,1531215636222,3767114,0.00002042,100.00000000,0
1531215636371,1531215636367,3767115,0.00002042,50.00000000,0
1531215636371,1531215636367,3767116,0.00002043,50.00000000,0
1531215636461,1531215636458,3767117,0.00002043,1079.00000000,0
1531215636562,1531215636558,3767118,0.00002043,50.00000000,0
1531215637172,1531215637169,3767119,0.00002042,250.00000000,0
1531215637438,1531215637434,3767120,0.00002042,50.00000000,0
1531215637438,1531215637434,3767121,0.00002043,48.00000000,0
1531215637442,1531215637439,3767122,0.00002043,152.00000000,0
1531215637542,1531215637538,3767123,0.00002043,50.00000000,0
1531215637574,1531215637570,3767124,0.00002043,153.00000000,0
1531215643051,1531215643046,3767125,0.00002044,415.00000000,0
1531215646627,1531215646623,3767126,0.00002044,1180.00000000,0
1531215649094,1531215649090,3767127,0.00002044,1180.00000000,0
1531215650336,1531215650332,3767128,0.00002043,495.00000000,1
1531215650349,1531215650346,3767129,0.00002043,240.00000000,1
1531215652789,1531215652785,3767130,0.00002044,1180.00000000,0
1531215653240,1531215653236,3767131,0.00002043,83.00000000,1
1531215656615,1531215656610,3767132,0.00002044,993.00000000,0
1531215663583,1531215663578,3767133,0.00002044,98.00000000,0
1531215664246,1531215664241,3767134,0.00002043,2769.00000000,1
1531215667503,1531215667499,3767135,0.00002042,993.00000000,0
1531215668543,1531215668538,3767136,0.00002042,489.00000000,0
1531215677603,1531215677599,3767137,0.00002037,110.00000000,0
1531215678041,1531215678037,3767138,0.00002036,378.00000000,1
1531215679185,1531215679181,3767139,0.00002039,4999.00000000,0
1531215679201,1531215679198,3767140,0.00002036,585.00000000,1
1531215679222,1531215679218,3767141,0.00002036,3298.00000000,1
1531215681137,1531215681133,3767142,0.00002036,378.00000000,0
1531215687731,1531215687727,3767143,0.00002041,200.00000000,0
1531215687867,1531215687862,3767144,0.00002041,50.00000000,0
1531215687867,1531215687862,3767145,0.00002042,48.00000000,0
1531215687877,1531215687873,3767146,0.00002042,62.00000000,0
1531215687877,1531215687873,3767147,0.00002043,40.00000000,0
1531215688111,1531215688108,3767148,0.00002043,50.00000000,0
1531215697931,1531215697927,3767149,0.00002041,110.00000000,0
1531215709302,1531215709298,3767150,0.00002037,929.00000000,1
1531215709302,1531215709298,3767151,0.00002036,400.00000000,1
1531215709302,1531215709298,3767152,0.00002035,330.00000000,1
1531215709735,1531215709731,3767153,0.00002034,100.00000000,1
1531215709771,1531215709768,3767154,0.00002034,100.00000000,1
1531215709828,1531215709825,3767155,0.00002034,189.00000000,1
1531215715807,1531215715802,3767156,0.00002034,6151.00000000,0
1531215715807,1531215715802,3767157,0.00002035,43849.00000000,0
1531215718045,1531215718039,3767158,0.00002034,90.00000000,0
1531215730909,1531215730906,3767159,0.00002030,55.00000000,0
1531215731136,1531215731133,3767160,0.00002029,90.00000000,1
1531215731136,1531215731133,3767161,0.00002028,377.00000000,1
1531215731300,1531215731296,3767162,0.00002030,74.00000000,0
1531215731300,1531215731296,3767163,0.00002035,13.00000000,0
1531215735372,1531215735369,3767164,0.00002030,247.00000000,0
1531215736772,1531215736769,3767165,0.00002035,87.00000000,0
1531215737446,1531215737442,3767166,0.00002035,1029.00000000,0
1531215741328,1531215741324,3767167,0.00002035,397.00000000,0
1531215741562,1531215741559,3767168,0.00002035,2495.00000000,0
1531215741741,1531215741737,3767169,0.00002035,96.00000000,0
1531215742375,1531215742370,3767170,0.00002034,110.00000000,0
1531215742375,1531215742370,3767171,0.00002035,1387.00000000,0
1531215742958,1531215742954,3767172,0.00002035,462.00000000,0
1531215753742,1531215753737,3767173,0.00002034,227.00000000,0
1531215753837,1531215753833,3767174,0.00002029,1706.00000000,1
1531215753850,1531215753846,3767175,0.00002029,631.00000000,1
1531215760919,1531215760914,3767176,0.00002035,285.00000000,0
1531215763009,1531215763005,3767177,0.00002035,491.00000000,0
1531215766296,1531215766293,3767178,0.00002034,121.00000000,0
1531215766955,1531215766950,3767179,0.00002034,90.00000000,0
1531215766955,1531215766950,3767180,0.00002035,20.00000000,0
1531215767203,1531215767199,3767181,0.00002035,90.00000000,0
1531215771330,1531215771326,3767182,0.00002034,110.00000000,0
1531215771330,1531215771326,3767183,0.00002035,190.00000000,0
1531215771378,1531215771374,3767184,0.00002035,110.00000000,0
1531215778554,1531215778547,3767185,0.00002034,400.00000000,0
1531215779400,1531215779396,3767186,0.00002035,100.00000000,0
1531215779424,1531215779421,3767187,0.00002035,100.00000000,0
1531215779467,1531215779463,3767188,0.00002035,200.00000000,0
1531215780908,1531215780904,3767189,0.00002034,35.00000000,0
1531215781249,1531215781245,3767190,0.00002034,50.00000000,0
1531215781384,1531215781381,3767191,0.00002034,315.00000000,0
1531215781384,1531215781381,3767192,0.00002035,50.00000000,0
1531215781396,1531215781392,3767193,0.00002035,50.00000000,0
1531215781539,1531215781534,3767194,0.00002035,200.00000000,0
1531215781542,1531215781539,3767195,0.00002035,100.00000000,0
1531215786400,1531215786396,3767196,0.00002030,170.00000000,1
1531215791592,1531215791588,3767197,0.00002033,110.00000000,0
1531215800534,1531215800530,3767198,0.00002035,17.00000000,0
1531215801766,1531215801761,3767199,0.00002035,328.00000000,0
1531215808507,1531215808502,3767200,0.00002034,150.00000000,0
1531215808577,1531215808572,3767201,0.00002035,1373.00000000,0
1531215808584,1531215808579,3767202,0.00002035,1760.00000000,0
1531215808654,1531215808650,3767203,0.00002035,150.00000000,0
1531215812013,1531215812009,3767204,0.00002034,110.00000000,0
1531215822163,1531215822160,3767205,0.00002035,328.00000000,0
1531215823736,1531215823732,3767206,0.00002034,74.00000000,1
1531215829607,1531215829603,3767207,0.00002034,77.00000000,0
1531215831044,1531215831039,3767208,0.00002034,328.00000000,0
1531215831233,1531215831230,3767209,0.00002034,328.00000000,0
1531215831765,1531215831761,3767210,0.00002034,566.00000000,0
1531215853408,1531215853402,3767211,0.00002035,13911.00000000,0
1531215853408,1531215853402,3767212,0.00002039,186.00000000,0
1531215853408,1531215853402,3767213,0.00002042,941.00000000,0
1531215853408,1531215853402,3767214,0.00002043,54.00000000,0
1531215853408,1531215853402,3767215,0.00002045,336.00000000,0
1531215853408,1531215853402,3767216,0.00002046,695.00000000,0
1531215853408,1531215853402,3767217,0.00002048,151.00000000,0
1531215853408,1531215853402,3767218,0.00002049,2701.00000000,0
1531215853421,1531215853417,3767219,0.00002049,2930.00000000,1
1531215853463,1531215853459,3767220,0.00002049,317.00000000,1
1531215853496,1531215853492,3767221,0.00002049,897.00000000,1
1531215859409,1531215859404,3767222,0.00002049,671.00000000,0
1531215859671,1531215859667,3767223,0.00002049,101.00000000,0
1531215859837,1531215859832,3767224,0.00002049,159.00000000,0
1531215868148,1531215868145,3767225,0.00002049,143.00000000,0
1531215869700,1531215869695,3767226,0.00002049,399.00000000,0
1531215884736,1531215884733,3767227,0.00002043,7569.00000000,0
1531215884753,1531215884749,3767228,0.00002048,2913.00000000,0
1531215884782,1531215884778,3767229,0.00002048,4791.00000000,0
1531215886724,1531215886719,3767230,0.00002049,41.00000000,0
1531215893080,1531215893076,3767231,0.00002048,39.00000000,0
1531215894270,1531215894266,3767232,0.00002048,146.00000000,0
1531215904108,1531215904102,3767233,0.00002046,618.00000000,0
1531215909497,1531215909492,3767234,0.00002048,244.00000000,0
1531215924984,1531215924980,3767235,0.00002046,3825.00000000,0
1531215925001,1531215924998,3767236,0.00002046,4315.00000000,0
1531215931841,1531215931836,3767237,0.00002048,28.00000000,0
1531215936022,1531215936019,3767238,0.00002042,1667.00000000,1
1531215941713,1531215941708,3767239,0.00002043,1455.00000000,0
1531215941729,1531215941724,3767240,0.00002047,3837.00000000,0
1531215941750,1531215941746,3767241,0.00002047,1193.00000000,0
1531215965065,1531215965062,3767242,0.00002041,964.00000000,1
1531215978736,1531215978731,3767243,0.00002046,73.00000000,0
1531215983349,1531215983345,3767244,0.00002045,73.00000000,0
1531215983420,1531215983416,3767245,0.00002045,73.00000000,0
1531215983681,1531215983677,3767246,0.00002045,73.00000000,0
1531215983884,1531215983881,3767247,0.00002045,73.00000000,0
1531215983949,1531215983945,3767248,0.00002045,73.00000000,0
1531215984218,1531215984213,3767249,0.00002045,35.00000000,0
1531215984218,1531215984213,3767250,0.00002046,38.00000000,0
1531215984466,1531215984462,3767251,0.00002046,50.00000000,0
1531215990378,1531215990372,3767252,0.00002045,3362.00000000,0
1531215990378,1531215990372,3767253,0.00002046,54.00000000,0
1531215998444,1531215998440,3767254,0.00002046,101.00000000,0
1531216007146,1531216007142,3767255,0.00002045,415.00000000,0
1531216007146,1531216007142,3767256,0.00002046,302.00000000,0
1531216007370,1531216007366,3767257,0.00002046,98.00000000,0
1531216007392,1531216007388,3767258,0.00002046,98.00000000,0
1531216007405,1531216007401,3767259,0.00002046,71.00000000,0
1531216007405,1531216007401,3767260,0.00002047,27.00000000,0
1531216007448,1531216007444,3767261,0.00002047,106.00000000,0
1531216009939,1531216009936,3767262,0.00002041,385.00000000,1
1531216010117,1531216010109,3767263,0.00002040,73.00000000,1
1531216010193,1531216010186,3767264,0.00002040,312.00000000,0
1531216010657,1531216010654,3767265,0.00002041,414.00000000,0
1531216010716,1531216010709,3767266,0.00002041,34.00000000,0
1531216011428,1531216011424,3767267,0.00002041,217.00000000,0
1531216029658,1531216029655,3767268,0.00002045,191.00000000,0
1531216029741,1531216029736,3767269,0.00002045,191.00000000,0
1531216030057,1531216030053,3767270,0.00002045,18.00000000,0
1531216030057,1531216030053,3767271,0.00002046,173.00000000,0
1531216030320,1531216030315,3767272,0.00002046,50.00000000,0
1531216040671,1531216040666,3767273,0.00002042,8909.00000000,0
1531216040686,1531216040682,3767274,0.00002040,2028.00000000,1
1531216040703,1531216040699,3767275,0.00002040,4739.00000000,1
1531216053765,1531216053762,3767276,0.00002043,110.00000000,0
1531216053765,1531216053762,3767277,0.00002044,12.00000000,0
1531216058634,1531216058630,3767278,0.00002039,1187.00000000,1
1531216058645,1531216058640,3767279,0.00002039,4247.00000000,1
1531216085896,1531216085892,3767280,0.00002041,1783.00000000,1
1531216109984,1531216109979,3767281,0.00002044,3586.00000000,0
1531216110003,1531216109998,3767282,0.00002042,2135.00000000,1
1531216111058,1531216111054,3767283,0.00002046,73.00000000,0
1531216147619,1531216147615,3767284,0.00002041,1401.00000000,0
1531216175387,1531216175383,3767285,0.00002040,194.00000000,1
1531216281746,1531216281742,3767286,0.00002040,463.00000000,1
1531216295877,1531216295874,3767287,0.00002039,144.00000000,1
1531216314113,1531216314109,3767288,0.00002040,1487.00000000,0
1531216314127,1531216314122,3767289,0.00002039,1019.00000000,1
1531216338783,1531216338778,3767290,0.00002045,1221.00000000,0
1531216338812,1531216338808,3767291,0.00002045,3719.00000000,0
1531216340359,1531216340356,3767292,0.00002045,829.00000000,1
1531216354876,1531216354871,3767293,0.00002045,208.00000000,1
1531216360731,1531216360726,3767294,0.00002044,2811.00000000,0
1531216360745,1531216360740,3767295,0.00002046,1010.00000000,0
1531216360756,1531216360752,3767296,0.00002046,1757.00000000,0
1531216385374,1531216385370,3767297,0.00002043,1297.00000000,1
1531216385399,1531216385395,3767298,0.00002043,4993.00000000,1
1531216390321,1531216390316,3767299,0.00002043,2946.00000000,1
1531216400901,1531216400897,3767300,0.00002047,488.00000000,0
1531216400901,1531216400897,3767301,0.00002049,985.00000000,0
1531216404333,1531216404329,3767302,0.00002049,2.00000000,0
1531216404333,1531216404329,3767303,0.00002050,9998.00000000,0
1531216429297,1531216429292,3767304,0.00002049,1966.00000000,0
1531216429320,1531216429316,3767305,0.00002049,1283.00000000,0
1531216439040,1531216439036,3767306,0.00002047,3903.00000000,0
1531216439051,1531216439048,3767307,0.00002045,2012.00000000,1
1531216458012,1531216458008,3767308,0.00002045,110.00000000,1
1531216476225,1531216476221,3767309,0.00002041,302.00000000,0
1531216476241,1531216476238,3767310,0.00002039,3146.00000000,1
1531216476265,1531216476262,3767311,0.00002039,275.00000000,1
1531216482807,1531216482802,3767312,0.00002041,3358.00000000,0
1531216482824,1531216482820,3767313,0.00002039,3894.00000000,1
1531216482839,1531216482834,3767314,0.00002039,3053.00000000,1
1531216505678,1531216505674,3767315,0.00002040,2989.00000000,0
1531216505686,1531216505682,3767316,0.00002042,2491.00000000,0
1531216511360,1531216511355,3767317,0.00002042,235.00000000,0
1531216511489,1531216511486,3767318,0.00002042,857.00000000,0
1531216511516,1531216511513,3767319,0.00002042,293.00000000,0
1531216511642,1531216511638,3767320,0.00002042,1469.00000000,0
1531216511966,1531216511962,3767321,0.00002042,391.00000000,0
1531216513309,1531216513305,3767322,0.00002040,3861.00000000,0
1531216513325,1531216513322,3767323,0.00002042,203.00000000,0
1531216535824,1531216535819,3767324,0.00002044,3701.00000000,1
1531216535846,1531216535840,3767325,0.00002044,4277.00000000,0
1531216535865,1531216535859,3767326,0.00002044,139.00000000,1
1531216535883,1531216535879,3767327,0.00002044,3562.00000000,1
1531216551745,1531216551740,3767328,0.00002044,2652.00000000,1
1531216571603,1531216571599,3767329,0.00002045,50.00000000,0
1531216571603,1531216571599,3767330,0.00002049,789.00000000,0
1531216579554,1531216579551,3767331,0.00002044,3092.00000000,1
1531216579571,1531216579567,3767332,0.00002044,2066.00000000,1
1531216607460,1531216607455,3767333,0.00002049,2.00000000,0
1531216607460,1531216607455,3767334,0.00002050,10.00000000,0
1531216610492,1531216610486,3767335,0.00002050,1.00000000,0
1531216612558,1531216612553,3767336,0.00002045,4871.00000000,1
1531216613050,1531216613046,3767337,0.00002050,9.00000000,0
1531216624177,1531216624174,3767338,0.00002045,2203.00000000,1
1531216624198,1531216624194,3767339,0.00002045,2736.00000000,1
1531216651089,1531216651085,3767340,0.00002046,9583.00000000,0
1531216651098,1531216651093,3767341,0.00002048,4652.00000000,0
1531216684573,1531216684568,3767342,0.00002048,3008.00000000,0
1531216684587,1531216684583,3767343,0.00002046,2935.00000000,1
1531216684614,1531216684609,3767344,0.00002046,1213.00000000,1
1531216701291,1531216701287,3767345,0.00002048,3840.00000000,0
1531216701305,1531216701301,3767346,0.00002046,1362.00000000,1
1531216712838,1531216712833,3767347,0.00002045,74.00000000,1
1531216742141,1531216742137,3767348,0.00002047,2809.00000000,0
1531216742157,1531216742150,3767349,0.00002046,2066.00000000,1
1531216744047,1531216744042,3767350,0.00002045,102.00000000,0
1531216768068,1531216768063,3767351,0.00002044,3241.00000000,1
1531216790847,1531216790843,3767352,0.00002046,473.00000000,1
1531216808219,1531216808214,3767353,0.00002046,49.00000000,1
1531216808219,1531216808214,3767354,0.00002044,720.00000000,1
1531216809580,1531216809576,3767355,0.00002048,50.00000000,0
1531216809580,1531216809576,3767356,0.00002050,1145.00000000,0
1531216810565,1531216810560,3767357,0.00002044,1500.00000000,1
1531216821672,1531216821669,3767358,0.00002044,43533.00000000,1
1531216823446,1531216823442,3767359,0.00002043,1.00000000,1
1531216834275,1531216834270,3767360,0.00002044,3389.00000000,1
1531216834292,1531216834288,3767361,0.00002044,3412.00000000,1
1531216844599,1531216844595,3767362,0.00002044,2843.00000000,1
1531216844619,1531216844614,3767363,0.00002044,3706.00000000,1
1531216895392,1531216895387,3767364,0.00002044,2841.00000000,1
1531216911956,1531216911952,3767365,0.00002046,747.00000000,0
1531216924550,1531216924546,3767366,0.00002042,7339.00000000,0
1531216924560,1531216924556,3767367,0.00002045,2531.00000000,0
1531216942916,1531216942912,3767368,0.00002040,738.00000000,1
1531216942936,1531216942931,3767369,0.00002040,4512.00000000,1
1531216984735,1531216984731,3767370,0.00002042,3130.00000000,0
1531216984744,1531216984739,3767371,0.00002045,2502.00000000,0
1531216984757,1531216984753,3767372,0.00002045,1252.00000000,0
1531216985042,1531216985038,3767373,0.00002040,110.00000000,1
1531216985042,1531216985038,3767374,0.00002039,391.00000000,1
1531216987688,1531216987684,3767375,0.00002039,130.00000000,0
1531216997484,1531216997480,3767376,0.00002039,697.00000000,0
1531216997484,1531216997480,3767377,0.00002043,389.00000000,0
1531217003626,1531217003621,3767378,0.00002043,1.00000000,0
1531217003626,1531217003621,3767379,0.00002044,219.00000000,0
1531217020616,1531217020611,3767380,0.00002044,1.00000000,0
1531217020616,1531217020611,3767381,0.00002046,11.00000000,0
1531217027135,1531217027131,3767382,0.00002041,93.00000000,1
1531217029485,1531217029481,3767383,0.00002041,4337.00000000,1
1531217029498,1531217029494,3767384,0.00002041,2759.00000000,1
1531217060874,1531217060870,3767385,0.00002041,93.00000000,0
1531217074498,1531217074493,3767386,0.00002045,4787.00000000,0
1531217074515,1531217074510,3767387,0.00002041,2852.00000000,1
1531217083488,1531217083485,3767388,0.00002046,10000.00000000,0
1531217087340,1531217087337,3767389,0.00002046,7860.00000000,0
1531217102994,1531217102989,3767390,0.00002045,93.00000000,0
1531217116816,1531217116811,3767391,0.00002046,3129.00000000,0
1531217135565,1531217135561,3767392,0.00002042,3558.00000000,1
1531217135576,1531217135572,3767393,0.00002042,3788.00000000,1
1531217166295,1531217166291,3767394,0.00002044,3291.00000000,0
1531217166308,1531217166304,3767395,0.00002042,1917.00000000,1
1531217166323,1531217166319,3767396,0.00002042,2992.00000000,1
1531217178877,1531217178874,3767397,0.00002044,1263.00000000,0
1531217178893,1531217178889,3767398,0.00002042,890.00000000,1
1531217204831,1531217204826,3767399,0.00002041,529.00000000,1
1531217204831,1531217204826,3767400,0.00002040,110.00000000,1
1531217204831,1531217204826,3767401,0.00002038,110.00000000,1
1531217204831,1531217204826,3767402,0.00002032,247.00000000,1
1531217204834,1531217204830,3767403,0.00002032,996.00000000,1
1531217204842,1531217204837,3767404,0.00002032,92.00000000,1
1531217204842,1531217204837,3767405,0.00002030,904.00000000,1
1531217204842,1531217204838,3767406,0.00002030,996.00000000,1
1531217206168,1531217206164,3767407,0.00002030,1136.00000000,1
1531217213244,1531217213240,3767408,0.00002034,7735.00000000,0
1531217213258,1531217213255,3767409,0.00002032,4250.00000000,1
1531217217848,1531217217844,3767410,0.00002035,161.00000000,0
1531217220629,1531217220625,3767411,0.00002034,1049.00000000,0
1531217220629,1531217220625,3767412,0.00002035,110.00000000,0
1531217220999,1531217220995,3767413,0.00002035,1739.00000000,1
1531217226168,1531217226165,3767414,0.00002036,1126.00000000,0
1531217232759,1531217232753,3767415,0.00002038,453.00000000,0
1531217236394,1531217236388,3767416,0.00002037,1126.00000000,1
1531217238273,1531217238269,3767417,0.00002038,402.00000000,0
1531217247001,1531217246996,3767418,0.00002036,827.00000000,1
1531217248808,1531217248803,3767419,0.00002042,161.00000000,0
1531217256366,1531217256361,3767420,0.00002042,1449.00000000,0
1531217256405,1531217256402,3767421,0.00002042,67.00000000,1
1531217269217,1531217269212,3767422,0.00002036,3872.00000000,1
1531217269286,1531217269282,3767423,0.00002037,163.00000000,0
1531217270768,1531217270764,3767424,0.00002035,226.00000000,1
1531217278196,1531217278192,3767425,0.00002040,90.00000000,0
1531217278196,1531217278192,3767426,0.00002042,1410.00000000,0
1531217284512,1531217284508,3767427,0.00002035,265.00000000,1
1531217291348,1531217291343,3767428,0.00002042,8.00000000,0
1531217296412,1531217296406,3767429,0.00002039,261.00000000,0
1531217296412,1531217296406,3767430,0.00002040,110.00000000,0
1531217296412,1531217296406,3767431,0.00002043,390.00000000,0
1531217296412,1531217296406,3767432,0.00002044,1299.00000000,0
1531217296412,1531217296406,3767433,0.00002045,1126.00000000,0
1531217296412,1531217296406,3767434,0.00002046,1817.00000000,0
1531217313868,1531217313864,3767435,0.00002039,2415.00000000,1
1531217313887,1531217313881,3767436,0.00002039,3002.00000000,1
1531217336212,1531217336208,3767437,0.00002040,1945.00000000,1
1531217358918,1531217358913,3767438,0.00002043,6730.00000000,0
1531217358936,1531217358932,3767439,0.00002041,2118.00000000,1
1531217358955,1531217358952,3767440,0.00002041,2978.00000000,1
1531217419880,1531217419875,3767441,0.00002044,9122.00000000,0
1531217419892,1531217419889,3767442,0.00002043,3482.00000000,1
1531217431853,1531217431848,3767443,0.00002043,6076.00000000,1
1531217431864,1531217431861,3767444,0.00002043,264.00000000,0
1531217431879,1531217431873,3767445,0.00002043,1733.00000000,1
1531217431895,1531217431891,3767446,0.00002043,4343.00000000,1
1531217448953,1531217448949,3767447,0.00002043,67.00000000,0
1531217448984,1531217448980,3767448,0.00002043,236.00000000,0
1531217449101,1531217449097,3767449,0.00002043,2955.00000000,0
1531217462788,1531217462784,3767450,0.00002043,193.00000000,1
1531217475901,1531217475897,3767451,0.00002041,2979.00000000,0
1531217475918,1531217475914,3767452,0.00002039,1064.00000000,1
1531217495925,1531217495919,3767453,0.00002041,7527.00000000,0
1531217495944,1531217495940,3767454,0.00002039,3654.00000000,1
1531217530121,1531217530117,3767455,0.00002042,1893.00000000,0
1531217530132,1531217530127,3767456,0.00002040,1373.00000000,1
1531217530151,1531217530146,3767457,0.00002040,1315.00000000,1
1531217537055,1531217537050,3767458,0.00002040,825.00000000,1
1531217537055,1531217537050,3767459,0.00002038,391.00000000,1
1531217537055,1531217537050,3767460,0.00002036,90.00000000,1
1531217544681,1531217544676,3767461,0.00002036,13430.00000000,0
1531217552109,1531217552105,3767462,0.00002035,110.00000000,1
1531217553689,1531217553684,3767463,0.00002031,503.00000000,1
1531217553721,1531217553717,3767464,0.00002031,66.00000000,0
1531217553753,1531217553748,3767465,0.00002031,66.00000000,0
1531217554770,1531217554765,3767466,0.00002031,160.00000000,0
1531217555598,1531217555594,3767467,0.00002031,43.00000000,0
1531217555615,1531217555610,3767468,0.00002029,220.00000000,1
1531217557590,1531217557586,3767469,0.00002028,833.00000000,1
1531217559719,1531217559716,3767470,0.00002026,1629.00000000,1
1531217561649,1531217561646,3767471,0.00002025,1276.00000000,1
1531217562386,1531217562382,3767472,0.00002023,503.00000000,1
1531217563580,1531217563574,3767473,0.00002021,283.00000000,1
1531217564841,1531217564836,3767474,0.00002021,1334.00000000,0
1531217567502,1531217567497,3767475,0.00002027,341.00000000,0
1531217570840,1531217570836,3767476,0.00002025,496.00000000,0
1531217570873,1531217570868,3767477,0.00002023,1326.00000000,0
1531217570885,1531217570880,3767478,0.00002021,3473.00000000,1
1531217570910,1531217570906,3767479,0.00002021,1124.00000000,1
1531217576472,1531217576467,3767480,0.00002022,50.00000000,1
1531217576896,1531217576892,3767481,0.00002027,53.00000000,0
1531217576896,1531217576892,3767482,0.00002033,30.00000000,0
1531217585778,1531217585774,3767483,0.00002030,675.00000000,0
1531217587382,1531217587378,3767484,0.00002030,323.00000000,0
1531217596003,1531217595998,3767485,0.00002027,756.00000000,0
1531217596226,1531217596222,3767486,0.00002026,4925.00000000,1
1531217601510,1531217601505,3767487,0.00002024,340.00000000,1
1531217606650,1531217606643,3767488,0.00002029,495.00000000,0
1531217609156,1531217609152,3767489,0.00002024,54.00000000,1
1531217610226,1531217610223,3767490,0.00002024,446.00000000,0
1531217616800,1531217616794,3767491,0.00002029,496.00000000,0
1531217628504,1531217628498,3767492,0.00002027,4408.00000000,0
1531217628524,1531217628520,3767493,0.00002026,2004.00000000,1
1531217642906,1531217642902,3767494,0.00002031,492.00000000,0
1531217642907,1531217642902,3767495,0.00002032,393.00000000,0
1531217642907,1531217642902,3767496,0.00002035,1052.00000000,0
1531217642907,1531217642902,3767497,0.00002036,23263.00000000,0
1531217652135,1531217652131,3767498,0.00002027,394.00000000,1
1531217652135,1531217652131,3767499,0.00002026,5797.00000000,1
1531217652135,1531217652131,3767500,0.00002025,4474.00000000,1
1531217688194,1531217688190,3767501,0.00002033,246.00000000,0
1531217688996,1531217688992,3767502,0.00002034,74.00000000,0
1531217688996,1531217688992,3767503,0.00002035,101.00000000,0
1531217698352,1531217698348,3767504,0.00002035,637.00000000,0
1531217706454,1531217706449,3767505,0.00002035,49.00000000,0
1531217711174,1531217711168,3767506,0.00002035,6.00000000,0
1531217711174,1531217711168,3767507,0.00002036,485.00000000,0
1531217717662,1531217717658,3767508,0.00002036,4911.00000000,0
1531217720722,1531217720718,3767509,0.00002035,3818.00000000,1
1531217720734,1531217720728,3767510,0.00002035,4505.00000000,0
1531217720744,1531217720740,3767511,0.00002035,3818.00000000,1
1531217744558,1531217744552,3767512,0.00002035,4323.00000000,0
1531217744571,1531217744566,3767513,0.00002035,3944.00000000,0
1531217745570,1531217745565,3767514,0.00002036,8262.00000000,0
1531217758667,1531217758664,3767515,0.00002036,546.00000000,1
1531217764999,1531217764995,3767516,0.00002034,1922.00000000,0
1531217765014,1531217765010,3767517,0.00002031,961.00000000,1
1531217774936,1531217774931,3767518,0.00002031,2021.00000000,1
1531217796027,1531217796023,3767519,0.00002035,7435.00000000,0
1531217796047,1531217796041,3767520,0.00002033,2491.00000000,1
1531217796066,1531217796061,3767521,0.00002033,2998.00000000,1
1531217805416,1531217805412,3767522,0.00002037,600.00000000,0
1531217808717,1531217808710,3767523,0.00002037,75.00000000,0
1531217808717,1531217808710,3767524,0.00002038,100.00000000,0
1531217813860,1531217813856,3767525,0.00002037,4487.00000000,0
1531217840486,1531217840483,3767526,0.00002037,1534.00000000,0
1531217866360,1531217866354,3767527,0.00002037,814.00000000,0
1531217866382,1531217866378,3767528,0.00002037,382.00000000,0
1531217885656,1531217885652,3767529,0.00002038,333.00000000,0
1531217900382,1531217900378,3767530,0.00002039,2496.00000000,1
1531217924623,1531217924617,3767531,0.00002039,169.00000000,1
1531217924636,1531217924631,3767532,0.00002039,27.00000000,0
1531217924656,1531217924650,3767533,0.00002039,169.00000000,1
1531217928912,1531217928908,3767534,0.00002040,690.00000000,0
1531217958991,1531217958988,3767535,0.00002039,4677.00000000,1
1531217959008,1531217959004,3767536,0.00002039,2993.00000000,0
1531217959020,1531217959016,3767537,0.00002039,4677.00000000,1
1531217988863,1531217988859,3767538,0.00002039,1342.00000000,0
1531217988879,1531217988874,3767539,0.00002039,3405.00000000,0
1531218008689,1531218008685,3767540,0.00002039,235.00000000,1
1531218011998,1531218011992,3767541,0.00002040,881.00000000,0
1531218049708,1531218049702,3767542,0.00002039,4830.00000000,1
1531218049727,1531218049722,3767543,0.00002039,3864.00000000,0
1531218049739,1531218049734,3767544,0.00002039,1407.00000000,1
1531218049761,1531218049757,3767545,0.00002039,3423.00000000,1
1531218049911,1531218049906,3767546,0.00002040,467.00000000,0
1531218051099,1531218051095,3767547,0.00002042,883.00000000,0
1531218051099,1531218051095,3767548,0.00002043,9112.00000000,0
1531218053716,1531218053711,3767549,0.00002039,1805.00000000,1
1531218056177,1531218056172,3767550,0.00002043,4318.00000000,0
1531218056177,1531218056172,3767551,0.00002044,2423.00000000,0
1531218073349,1531218073344,3767552,0.00002039,350.00000000,1
1531218073349,1531218073344,3767553,0.00002038,5650.00000000,1
1531218079894,1531218079888,3767554,0.00002043,686.00000000,0
1531218092886,1531218092882,3767555,0.00002040,4452.00000000,1
1531218092902,1531218092896,3767556,0.00002040,4760.00000000,1
1531218125215,1531218125211,3767557,0.00002039,2676.00000000,1
1531218128018,1531218128013,3767558,0.00002040,1991.00000000,0
1531218151140,1531218151137,3767559,0.00002039,891.00000000,1
1531218152159,1531218152155,3767560,0.00002039,356.00000000,1
1531218156163,1531218156157,3767561,0.00002038,5.00000000,1
1531218170173,1531218170170,3767562,0.00002039,891.00000000,0
1531218172841,1531218172836,3767563,0.00002039,356.00000000,1
1531218184300,1531218184296,3767564,0.00002040,49019.00000000,0
1531218196659,1531218196652,3767565,0.00002038,1495.00000000,1
1531218196659,1531218196652,3767566,0.00002037,2789.00000000,1
1531218196659,1531218196652,3767567,0.00002035,392.00000000,1
1531218196689,1531218196652,3767568,0.00002026,585.00000000,1
1531218196689,1531218196652,3767569,0.00002024,246.00000000,1
1531218196689,1531218196652,3767570,0.00002023,6994.00000000,1
1531218196689,1531218196652,3767571,0.00002022,9480.00000000,1
1531218196689,1531218196666,3767572,0.00002022,2407.00000000,0
1531218196689,1531218196683,3767573,0.00002022,2367.00000000,0
1531218196696,1531218196692,3767574,0.00002022,1764.00000000,0
1531218196698,1531218196694,3767575,0.00002022,2408.00000000,0
1531218196719,1531218196715,3767576,0.00002021,1339.00000000,1
1531218196719,1531218196715,3767577,0.00002020,166.00000000,1
1531218197519,1531218197514,3767578,0.00002022,4899.00000000,0
1531218199173,1531218199169,3767579,0.00002033,91.00000000,0
1531218199284,1531218199279,3767580,0.00002033,133.00000000,0
1531218203805,1531218203801,3767581,0.00002032,6920.00000000,0
1531218208285,1531218208280,3767582,0.00002032,290.00000000,0
1531218218454,1531218218449,3767583,0.00002033,168.00000000,0
1531218228898,1531218228892,3767584,0.00002034,1307.00000000,0
1531218245434,1531218245428,3767585,0.00002031,5819.00000000,0
1531218245449,1531218245444,3767586,0.00002028,2575.00000000,1
1531218249025,1531218249021,3767587,0.00002033,5766.00000000,0
1531218256585,1531218256581,3767588,0.00002027,394.00000000,1
1531218259037,1531218259033,3767589,0.00002027,105.00000000,0
1531218269309,1531218269303,3767590,0.00002028,110.00000000,0
1531218288431,1531218288427,3767591,0.00002031,537.00000000,1
1531218291763,1531218291759,3767592,0.00002031,1830.00000000,0
1531218297271,1531218297267,3767593,0.00002032,110.00000000,1
1531218301089,1531218301086,3767594,0.00002034,523.00000000,0
1531218301402,1531218301398,3767595,0.00002033,2657.00000000,1
1531218311094,1531218311089,3767596,0.00002032,247.00000000,1
1531218322067,1531218322062,3767597,0.00002034,350.00000000,0
1531218349876,1531218349872,3767598,0.00002036,2954.00000000,0
1531218349888,1531218349883,3767599,0.00002035,1492.00000000,1
1531218350020,1531218350016,3767600,0.00002038,1.00000000,0
1531218357114,1531218357111,3767601,0.00002038,484.00000000,0
1531218359451,1531218359447,3767602,0.00002036,3247.00000000,1
1531218359461,1531218359457,3767603,0.00002036,1066.00000000,1
1531218360585,1531218360581,3767604,0.00002038,668.00000000,0
1531218370663,1531218370657,3767605,0.00002038,923.00000000,0
1531218391058,1531218391053,3767606,0.00002038,4738.00000000,0
1531218409542,1531218409538,3767607,0.00002033,3152.00000000,1
1531218409562,1531218409558,3767608,0.00002033,2413.00000000,1
1531218419238,1531218419234,3767609,0.00002038,481.00000000,0
1531218422185,1531218422180,3767610,0.00002038,55.00000000,0
1531218422185,1531218422180,3767611,0.00002040,178.00000000,0
1531218422988,1531218422983,3767612,0.00002039,569.00000000,0
1531218423449,1531218423445,3767613,0.00002039,935.00000000,0
1531218423682,1531218423678,3767614,0.00002039,935.00000000,0
1531218434815,1531218434811,3767615,0.00002038,110.00000000,0
1531218434815,1531218434811,3767616,0.00002039,6491.00000000,0
1531218435925,1531218435920,3767617,0.00002034,244.00000000,1
1531218435925,1531218435920,3767618,0.00002032,236.00000000,1
1531218436048,1531218436044,3767619,0.00002039,70.00000000,0
1531218436048,1531218436044,3767620,0.00002040,484.00000000,0
1531218444457,1531218444452,3767621,0.00002040,647.00000000,0
1531218483268,1531218483264,3767622,0.00002040,282.00000000,0
1531218487041,1531218487037,3767623,0.00002039,2074.00000000,1
1531218517166,1531218517161,3767624,0.00002040,246.00000000,0
1531218520297,1531218520293,3767625,0.00002040,337.00000000,0
1531218525285,1531218525280,3767626,0.00002040,286.00000000,0
1531218525590,1531218525586,3767627,0.00002040,242.00000000,0
1531218528859,1531218528855,3767628,0.00002039,5931.00000000,0
1531218528871,1531218528866,3767629,0.00002038,2149.00000000,1
1531218536988,1531218536982,3767630,0.00002040,121.00000000,0
1531218539229,1531218539223,3767631,0.00002040,121.00000000,0
1531218544595,1531218544589,3767632,0.00002038,2416.00000000,1
1531218559659,1531218559654,3767633,0.00002038,998.00000000,1
1531218559685,1531218559680,3767634,0.00002038,3744.00000000,1
1531218587648,1531218587643,3767635,0.00002040,60000.00000000,0
1531218588361,1531218588357,3767636,0.00002040,272.00000000,0
1531218589151,1531218589146,3767637,0.00002039,12582.00000000,0
1531218589165,1531218589159,3767638,0.00002038,3583.00000000,1
1531218589183,1531218589179,3767639,0.00002038,4559.00000000,1
1531218595386,1531218595383,3767640,0.00002038,237.00000000,0
1531218600045,1531218600039,3767641,0.00002038,857.00000000,0
1531218600045,1531218600039,3767642,0.00002040,1486.00000000,0
1531218634893,1531218634889,3767643,0.00002038,2000.00000000,1
1531218634916,1531218634912,3767644,0.00002038,1113.00000000,1
1531218650413,1531218650409,3767645,0.00002039,12199.00000000,0
1531218650429,1531218650425,3767646,0.00002038,3329.00000000,1
1531218650456,1531218650452,3767647,0.00002038,4803.00000000,1
1531218672401,1531218672397,3767648,0.00002039,2487.00000000,0
1531218672410,1531218672403,3767649,0.00002038,1091.00000000,1
1531218672450,1531218672445,3767650,0.00002040,432.00000000,0
1531218673030,1531218673025,3767651,0.00002040,269.00000000,0
1531218679224,1531218679220,3767652,0.00002040,479.00000000,0
1531218680434,1531218680430,3767653,0.00002038,79.00000000,1
1531218686474,1531218686469,3767654,0.00002040,464.00000000,0
1531218693463,1531218693459,3767655,0.00002039,489.00000000,0
1531218700472,1531218700468,3767656,0.00002039,479.00000000,0
1531218704566,1531218704558,3767657,0.00002039,437.00000000,0
1531218704566,1531218704558,3767658,0.00002040,2959.00000000,0
1531218704566,1531218704558,3767659,0.00002041,2289.00000000,0
1531218704566,1531218704558,3767660,0.00002042,5981.00000000,0
1531218704566,1531218704558,3767661,0.00002045,1591.00000000,0
1531218704566,1531218704558,3767662,0.00002046,27905.00000000,0
1531218704605,1531218704600,3767663,0.00002046,1458.00000000,1
1531218705411,1531218705406,3767664,0.00002046,7878.00000000,1
1531218705411,1531218705406,3767665,0.00002038,251.00000000,1
1531218712791,1531218712786,3767666,0.00002046,793.00000000,0
1531218712807,1531218712803,3767667,0.00002045,446.00000000,1
1531218714431,1531218714426,3767668,0.00002047,299.00000000,0
1531218714431,1531218714426,3767669,0.00002048,733.00000000,0
1531218714431,1531218714426,3767670,0.00002049,91.00000000,0
1531218714491,1531218714486,3767671,0.00002050,458.00000000,0
1531218714811,1531218714807,3767672,0.00002049,212.00000000,1
1531218715516,1531218715512,3767673,0.00002049,454.00000000,1
1531218719983,1531218719978,3767674,0.00002045,13.00000000,1
1531218720215,1531218720210,3767675,0.00002045,337.00000000,1
1531218720657,1531218720652,3767676,0.00002046,11.00000000,1
1531218721658,1531218721654,3767677,0.00002047,13.00000000,1
1531218722538,1531218722533,3767678,0.00002050,393.00000000,0
1531218722575,1531218722570,3767679,0.00002047,16.00000000,1
1531218722831,1531218722826,3767680,0.00002050,3081.00000000,0
1531218723208,1531218723202,3767681,0.00002047,10.00000000,1
1531218723840,1531218723836,3767682,0.00002047,52.00000000,1
1531218724396,1531218724391,3767683,0.00002047,13.00000000,1
1531218724870,1531218724866,3767684,0.00002047,11.00000000,1
1531218725333,1531218725330,3767685,0.00002047,32.00000000,1
1531218725978,1531218725975,3767686,0.00002047,13.00000000,1
1531218726611,1531218726607,3767687,0.00002047,14.00000000,1
1531218727259,1531218727256,3767688,0.00002047,11.00000000,1
1531218728024,1531218728019,3767689,0.00002047,13.00000000,1
1531218728603,1531218728599,3767690,0.00002047,13.00000000,1
1531218729260,1531218729255,3767691,0.00002047,10.00000000,1
1531218729906,1531218729900,3767692,0.00002047,17.00000000,1
1531218730455,1531218730449,3767693,0.00002047,11.00000000,1
1531218730952,1531218730947,3767694,0.00002047,90.00000000,1
1531218731915,1531218731911,3767695,0.00002047,70.00000000,1
1531218732616,1531218732612,3767696,0.00002047,12.00000000,1
1531218733170,1531218733167,3767697,0.00002047,12.00000000,1
1531218733674,1531218733669,3767698,0.00002047,14.00000000,1
1531218734214,1531218734209,3767699,0.00002047,72.00000000,1
1531218734795,1531218734791,3767700,0.00002047,13.00000000,1
1531218735438,1531218735434,3767701,0.00002047,11.00000000,1
1531218736039,1531218736034,3767702,0.00002047,36.00000000,1
1531218736717,1531218736711,3767703,0.00002048,13.00000000,1
1531218737568,1531218737565,3767704,0.00002048,13.00000000,1
1531218738140,1531218738136,3767705,0.00002050,9180.00000000,0
1531218738297,1531218738294,3767706,0.00002049,16.00000000,1
1531218738938,1531218738933,3767707,0.00002049,10.00000000,1
1531218739449,1531218739445,3767708,0.00002049,12.00000000,1
1531218739624,1531218739620,3767709,0.00002050,2866.00000000,0
1531218740338,1531218740334,3767710,0.00002050,17.00000000,1
1531218740805,1531218740800,3767711,0.00002050,15.00000000,1
1531218740849,1531218740841,3767712,0.00002050,11.00000000,1
1531218741581,1531218741576,3767713,0.00002050,21.00000000,1
1531218742485,1531218742481,3767714,0.00002051,532.00000000,0
1531218743689,1531218743683,3767715,0.00002050,918.00000000,1
1531218769645,1531218769641,3767716,0.00002049,8349.00000000,1
1531218769653,1531218769648,3767717,0.00002049,3111.00000000,0
1531218769662,1531218769658,3767718,0.00002049,3409.00000000,1
1531218769676,1531218769671,3767719,0.00002049,4940.00000000,1
1531218804651,1531218804645,3767720,0.00002050,11722.00000000,0
1531218804667,1531218804662,3767721,0.00002049,4689.00000000,1
1531218812542,1531218812538,3767722,0.00002051,508.00000000,0
1531218813182,1531218813177,3767723,0.00002049,136.00000000,1
1531218814782,1531218814778,3767724,0.00002050,8602.00000000,0
1531218814792,1531218814786,3767725,0.00002049,2776.00000000,1
1531218814814,1531218814809,3767726,0.00002049,2893.00000000,1
1531218819581,1531218819577,3767727,0.00002049,136.00000000,0
1531218833615,1531218833609,3767728,0.00002051,506.00000000,0
1531218837710,1531218837703,3767729,0.00002050,2763.00000000,1
1531218837730,1531218837726,3767730,0.00002050,1498.00000000,1
1531218847451,1531218847445,3767731,0.00002048,540.00000000,1
1531218849432,1531218849426,3767732,0.00002048,486.00000000,1
1531218853526,1531218853523,3767733,0.00002050,1216.00000000,1
1531218854618,1531218854613,3767734,0.00002051,475.00000000,0
1531218862619,1531218862614,3767735,0.00002051,572.00000000,0
1531218868636,1531218868632,3767736,0.00002051,531.00000000,0
1531218875674,1531218875668,3767737,0.00002051,478.00000000,0
1531218880668,1531218880663,3767738,0.00002051,1460.00000000,0
1531218903649,1531218903645,3767739,0.00002051,476.00000000,0
1531218905444,1531218905439,3767740,0.00002050,1780.00000000,0
1531218905459,1531218905455,3767741,0.00002049,183.00000000,1
1531218905482,1531218905476,3767742,0.00002049,1156.00000000,1
1531218937424,1531218937419,3767743,0.00002050,3492.00000000,0
1531218937434,1531218937428,3767744,0.00002049,1196.00000000,1
1531218946617,1531218946613,3767745,0.00002051,3232.00000000,0
1531218964354,1531218964348,3767746,0.00002047,355.00000000,1
1531218964354,1531218964348,3767747,0.00002045,40.00000000,1
1531218964354,1531218964348,3767748,0.00002036,1051.00000000,1
1531218964354,1531218964348,3767749,0.00002034,5547.00000000,1
1531218980440,1531218980435,3767750,0.00002041,228.00000000,1
1531218984020,1531218984015,3767751,0.00002039,220.00000000,1
1531218991448,1531218991443,3767752,0.00002036,240.00000000,1
1531218991951,1531218991947,3767753,0.00002036,603.00000000,0
1531218993841,1531218993835,3767754,0.00002035,603.00000000,0
1531218997460,1531218997455,3767755,0.00002036,4704.00000000,0
1531219006304,1531219006299,3767756,0.00002041,110.00000000,1
1531219024232,1531219024228,3767757,0.00002047,280.00000000,1
1531219025149,1531219025145,3767758,0.00002045,2599.00000000,1
1531219046921,1531219046915,3767759,0.00002047,216.00000000,1
1531219070045,1531219070040,3767760,0.00002047,1238.00000000,1
1531219070379,1531219070374,3767761,0.00002047,4647.00000000,1
1531219071606,1531219071601,3767762,0.00002046,234.00000000,1
1531219091488,1531219091483,3767763,0.00002045,1706.00000000,1
1531219092504,1531219092499,3767764,0.00002046,110.00000000,0
1531219093446,1531219093441,3767765,0.00002046,1263.00000000,1
1531219103877,1531219103874,3767766,0.00002050,59.00000000,0
1531219104581,1531219104575,3767767,0.00002045,18.00000000,1
1531219107667,1531219107662,3767768,0.00002047,213.00000000,1
1531219112863,1531219112859,3767769,0.00002050,7.00000000,0
1531219115599,1531219115593,3767770,0.00002047,278.00000000,1
1531219121461,1531219121457,3767771,0.00002047,261.00000000,1
1531219132466,1531219132461,3767772,0.00002047,349.00000000,1
1531219161606,1531219161602,3767773,0.00002046,213.00000000,1
1531219169465,1531219169459,3767774,0.00002047,283.00000000,1
1531219180050,1531219180044,3767775,0.00002050,30482.00000000,0
1531219180050,1531219180044,3767776,0.00002051,69518.00000000,0
1531219202994,1531219202991,3767777,0.00002047,18.00000000,1
1531219204529,1531219204525,3767778,0.00002047,2044.00000000,1
1531219204544,1531219204539,3767779,0.00002047,3107.00000000,1
1531219204961,1531219204956,3767780,0.00002047,18.00000000,0
1531219205464,1531219205458,3767781,0.00002047,456.00000000,1
1531219219084,1531219219079,3767782,0.00002048,110.00000000,1
1531219245427,1531219245424,3767783,0.00002051,528.00000000,0
1531219245443,1531219245438,3767784,0.00002051,3500.00000000,0
1531219245449,1531219245444,3767785,0.00002051,8293.00000000,0
1531219255657,1531219255652,3767786,0.00002048,435.00000000,1
1531219271183,1531219271178,3767787,0.00002051,3151.00000000,0
1531219272938,1531219272933,3767788,0.00002051,84.00000000,0
1531219280799,1531219280795,3767789,0.00002051,1266.00000000,0
1531219282032,1531219282027,3767790,0.00002051,359.00000000,0
1531219284984,1531219284979,3767791,0.00002050,1076.00000000,1
1531219285011,1531219285005,3767792,0.00002050,64.00000000,1
1531219303087,1531219303081,3767793,0.00002051,356.00000000,0
1531219323962,1531219323958,3767794,0.00002050,1806.00000000,1
1531219323971,1531219323966,3767795,0.00002050,4701.00000000,1
1531219324055,1531219324050,3767796,0.00002051,289.00000000,0
1531219345086,1531219345082,3767797,0.00002051,379.00000000,0
1531219351956,1531219351952,3767798,0.00002048,3010.00000000,0
1531219351971,1531219351965,3767799,0.00002046,1288.00000000,1
1531219351986,1531219351982,3767800,0.00002046,1381.00000000,1
1531219374130,1531219374126,3767801,0.00002051,369.00000000,0
1531219398870,1531219398865,3767802,0.00002048,2841.00000000,1
1531219420935,1531219420929,3767803,0.00002049,7917.00000000,0
1531219420949,1531219420945,3767804,0.00002048,1043.00000000,1
1531219420969,1531219420964,3767805,0.00002048,4550.00000000,1
1531219429170,1531219429165,3767806,0.00002050,110.00000000,0
1531219429492,1531219429486,3767807,0.00002050,180.00000000,1
1531219450498,1531219450497,3767808,0.00002049,247.00000000,1
1531219455588,1531219455584,3767809,0.00002047,1330.00000000,1
1531219461570,1531219461565,3767810,0.00002048,246.00000000,1
1531219465812,1531219465806,3767811,0.00002048,411.00000000,1
1531219471797,1531219471793,3767812,0.00002048,238.00000000,1
1531219478298,1531219478295,3767813,0.00002048,238.00000000,1
1531219489353,1531219489347,3767814,0.00002049,7866.00000000,0
1531219489364,1531219489360,3767815,0.00002048,3226.00000000,1
1531219489381,1531219489376,3767816,0.00002048,3450.00000000,1
1531219493472,1531219493471,3767817,0.00002048,108.00000000,1
1531219504092,1531219504087,3767818,0.00002051,150.00000000,0
1531219506229,1531219506224,3767819,0.00002051,216.00000000,0
1531219518460,1531219518455,3767820,0.00002050,2975.00000000,0
1531219518472,1531219518467,3767821,0.00002049,2170.00000000,1
1531219518484,1531219518480,3767822,0.00002049,2610.00000000,1
1531219527242,1531219527241,3767823,0.00002050,110.00000000,0
1531219534238,1531219534232,3767824,0.00002051,273.00000000,0
1531219538905,1531219538900,3767825,0.00002050,317.00000000,1
1531219538929,1531219538924,3767826,0.00002050,1439.00000000,1
1531219541286,1531219541280,3767827,0.00002051,228.00000000,0
1531219548284,1531219548279,3767828,0.00002051,262.00000000,0
1531219548760,1531219548755,3767829,0.00002050,3645.00000000,1
1531219555271,1531219555265,3767830,0.00002051,210.00000000,0
1531219569294,1531219569289,3767831,0.00002051,261.00000000,0
1531219569770,1531219569765,3767832,0.00002049,442.00000000,1
1531219573781,1531219573778,3767833,0.00002050,3092.00000000,0
1531219573798,1531219573794,3767834,0.00002049,1257.00000000,1
1531219574734,1531219574729,3767835,0.00002049,442.00000000,0
1531219574734,1531219574729,3767836,0.00002051,48314.00000000,0
1531219578371,1531219578366,3767837,0.00002048,443.00000000,1
1531219604369,1531219604363,3767838,0.00002050,110.00000000,0
1531219626280,1531219626274,3767839,0.00002050,6463.00000000,0
1531219626299,1531219626293,3767840,0.00002049,4913.00000000,1
1531219626328,1531219626323,3767841,0.00002049,3475.00000000,1
1531219626395,1531219626390,3767842,0.00002051,286.00000000,0
1531219639323,1531219639319,3767843,0.00002050,110.00000000,0
1531219644739,1531219644734,3767844,0.00002051,32670.00000000,0
1531219646353,1531219646347,3767845,0.00002051,388.00000000,0
1531219660395,1531219660393,3767846,0.00002050,100.00000000,0
1531219674470,1531219674463,3767847,0.00002050,845.00000000,0
1531219674470,1531219674463,3767848,0.00002051,9150.00000000,0
1531219695396,1531219695392,3767849,0.00002051,467.00000000,0
1531219700146,1531219700141,3767850,0.00002049,3816.00000000,1
1531219702425,1531219702421,3767851,0.00002051,450.00000000,0
1531219706259,1531219706255,3767852,0.00002050,79.00000000,0
1531219706280,1531219706276,3767853,0.00002049,70.00000000,1
1531219730151,1531219730146,3767854,0.00002049,4277.00000000,1
1531219730171,1531219730167,3767855,0.00002049,2224.00000000,1
1531219730723,1531219730720,3767856,0.00002051,10000.00000000,0
1531219737459,1531219737455,3767857,0.00002051,424.00000000,0
1531219737689,1531219737684,3767858,0.00002050,5008.00000000,0
1531219737705,1531219737700,3767859,0.00002049,3339.00000000,1
1531219744484,1531219744479,3767860,0.00002051,433.00000000,0
1531219745212,1531219745208,3767861,0.00002050,4137.00000000,1
1531219745230,1531219745225,3767862,0.00002050,1822.00000000,1
1531219756713,1531219756708,3767863,0.00002050,110.00000000,0
1531219758544,1531219758540,3767864,0.00002051,526.00000000,0
1531219765506,1531219765498,3767865,0.00002051,442.00000000,0
1531219767954,1531219767950,3767866,0.00002051,975.00000000,0
1531219772485,1531219772480,3767867,0.00002051,505.00000000,0
1531219779515,1531219779510,3767868,0.00002051,476.00000000,0
1531219786507,1531219786502,3767869,0.00002051,513.00000000,0
1531219793528,1531219793522,3767870,0.00002051,504.00000000,0
1531219800544,1531219800542,3767871,0.00002051,477.00000000,0
1531219801754,1531219801752,3767872,0.00002050,65.00000000,1
1531219805650,1531219805646,3767873,0.00002051,2750.00000000,0
1531219807533,1531219807529,3767874,0.00002051,356.00000000,0
1531219814543,1531219814537,3767875,0.00002051,427.00000000,0
1531219821549,1531219821545,3767876,0.00002051,327.00000000,0
1531219821702,1531219821697,3767877,0.00002051,2826.00000000,0
1531219824413,1531219824408,3767878,0.00002050,110.00000000,1
1531219828555,1531219828553,3767879,0.00002051,349.00000000,0
1531219829868,1531219829864,3767880,0.00002051,600.00000000,0
1531219835569,1531219835565,3767881,0.00002051,415.00000000,0
1531219842603,1531219842597,3767882,0.00002051,312.00000000,0
1531219849559,1531219849557,3767883,0.00002051,405.00000000,0
1531219851005,1531219851001,3767884,0.00002051,50.00000000,0
1531219856579,1531219856573,3767885,0.00002051,371.00000000,0
1531219864617,1531219864611,3767886,0.00002051,393.00000000,0
1531219870584,1531219870579,3767887,0.00002051,237.00000000,0
1531219877629,1531219877623,3767888,0.00002051,307.00000000,0
1531219884592,1531219884585,3767889,0.00002051,255.00000000,0
1531219891315,1531219891310,3767890,0.00002051,4254.00000000,0
1531219891363,1531219891357,3767891,0.00002051,641.00000000,1
1531219891410,1531219891405,3767892,0.00002051,595.00000000,1
1531219899593,1531219899588,3767893,0.00002054,131.00000000,1
1531219903616,1531219903611,3767894,0.00002054,1.00000000,1
1531219905335,1531219905330,3767895,0.00002055,959.00000000,1
1531219905624,1531219905622,3767896,0.00002057,296.00000000,0
1531219905729,1531219905723,3767897,0.00002055,3961.00000000,1
1531219905729,1531219905723,3767898,0.00002052,110.00000000,1
1531219905729,1531219905723,3767899,0.00002051,3556.00000000,1
1531219918404,1531219918398,3767900,0.00002054,2707.00000000,0
1531219918414,1531219918410,3767901,0.00002056,216.00000000,0
1531219918439,1531219918434,3767902,0.00002056,1083.00000000,0
1531219934883,1531219934877,3767903,0.00002056,110.00000000,0
1531219942653,1531219942647,3767904,0.00002057,2493.00000000,0
1531219949661,1531219949653,3767905,0.00002058,829.00000000,0
1531219950521,1531219950516,3767906,0.00002059,441.00000000,0
1531219952659,1531219952654,3767907,0.00002060,1884.00000000,0
1531219955601,1531219955596,3767908,0.00002061,243.00000000,0
1531219956606,1531219956602,3767909,0.00002062,387.00000000,0
1531219957576,1531219957571,3767910,0.00002063,112.00000000,0
1531219959511,1531219959506,3767911,0.00002064,328.00000000,0
1531219960520,1531219960515,3767912,0.00002066,49.00000000,0
1531219961265,1531219961257,3767913,0.00002063,10.00000000,1
1531219965153,1531219965148,3767914,0.00002068,386.00000000,0
1531219966507,1531219966501,3767915,0.00002069,50.00000000,0
1531219967021,1531219967016,3767916,0.00002071,54.00000000,0
1531219967040,1531219967035,3767917,0.00002071,203.00000000,1
1531219967331,1531219967327,3767918,0.00002075,132.00000000,0
1531219967857,1531219967852,3767919,0.00002075,109.00000000,0
1531219967874,1531219967869,3767920,0.00002075,554.00000000,1
1531219968908,1531219968904,3767921,0.00002068,101.00000000,1
1531219968918,1531219968914,3767922,0.00002068,131.00000000,1
1531219968918,1531219968914,3767923,0.00002066,101.00000000,1
1531219969651,1531219969649,3767924,0.00002067,232.00000000,0
1531219969997,1531219969991,3767925,0.00002066,906.00000000,1
1531219972564,1531219972560,3767926,0.00002063,59.00000000,1
1531219977647,1531219977642,3767927,0.00002067,164.00000000,0
1531219981595,1531219981590,3767928,0.00002065,216.00000000,1
1531219981595,1531219981590,3767929,0.00002063,18.00000000,1
1531219982504,1531219982501,3767930,0.00002063,180.00000000,0
1531219984517,1531219984513,3767931,0.00002067,137.00000000,0
1531219985240,1531219985235,3767932,0.00002068,97.00000000,0
1531219985511,1531219985504,3767933,0.00002068,629.00000000,0
1531219986751,1531219986746,3767934,0.00002065,81.00000000,1
1531219989989,1531219989984,3767935,0.00002067,247.00000000,1
1531219989995,1531219989990,3767936,0.00002065,29.00000000,1
1531219989995,1531219989990,3767937,0.00002063,218.00000000,1
1531219991730,1531219991725,3767938,0.00002063,169.00000000,1
1531219991730,1531219991725,3767939,0.00002059,95.00000000,1
1531220004617,1531220004611,3767940,0.00002063,264.00000000,1
1531220005673,1531220005668,3767941,0.00002062,554.00000000,0
1531220008514,1531220008510,3767942,0.00002063,593.00000000,0
1531220009524,1531220009520,3767943,0.00002064,275.00000000,0
1531220013386,1531220013380,3767944,0.00002069,110.00000000,0
1531220013409,1531220013405,3767945,0.00002071,385.00000000,0
1531220021795,1531220021790,3767946,0.00002074,6035.00000000,0
1531220021807,1531220021801,3767947,0.00002077,4572.00000000,0
1531220024525,1531220024519,3767948,0.00002078,859.00000000,0
1531220024739,1531220024735,3767949,0.00002077,456.00000000,1
1531220025439,1531220025434,3767950,0.00002077,544.00000000,1
1531220025531,1531220025526,3767951,0.00002074,98.00000000,0
1531220027460,1531220027455,3767952,0.00002071,279.00000000,1
1531220027460,1531220027455,3767953,0.00002070,54.00000000,1
1531220027663,1531220027657,3767954,0.00002074,358.00000000,0
1531220032526,1531220032524,3767955,0.00002076,55.00000000,0
1531220032592,1531220032587,3767956,0.00002079,98.00000000,0
1531220032592,1531220032587,3767957,0.00002084,53.00000000,0
1531220032592,1531220032587,3767958,0.00002085,349.00000000,0
1531220034244,1531220034238,3767959,0.00002085,15.00000000,0
1531220034244,1531220034238,3767960,0.00002086,12.00000000,0
1531220045092,1531220045087,3767961,0.00002083,1918.00000000,0
1531220045107,1531220045101,3767962,0.00002081,1599.00000000,1
1531220046526,1531220046519,3767963,0.00002080,1600.00000000,0
1531220049008,1531220049003,3767964,0.00002077,456.00000000,1
1531220049994,1531220049988,3767965,0.00002077,73.00000000,1
1531220050562,1531220050556,3767966,0.00002077,122.00000000,1
1531220050627,1531220050622,3767967,0.00002080,521.00000000,0
1531220051254,1531220051249,3767968,0.00002078,2579.00000000,0
1531220051266,1531220051261,3767969,0.00002077,277.00000000,1
1531220070564,1531220070559,3767970,0.00002077,521.00000000,0
1531220071659,1531220071655,3767971,0.00002077,130.00000000,0
1531220084469,1531220084464,3767972,0.00002086,362.00000000,0
1531220086157,1531220086152,3767973,0.00002080,1469.00000000,1
1531220088955,1531220088949,3767974,0.00002088,299.00000000,0
1531220090521,1531220090516,3767975,0.00002088,420.00000000,0
1531220092049,1531220092044,3767976,0.00002089,120.00000000,0
1531220092534,1531220092529,3767977,0.00002089,96.00000000,0
1531220094388,1531220094383,3767978,0.00002090,30.00000000,0
1531220094473,1531220094468,3767979,0.00002090,320.00000000,0
1531220100931,1531220100926,3767980,0.00002089,144.00000000,1
1531220103838,1531220103832,3767981,0.00002089,226.00000000,1
1531220108845,1531220108841,3767982,0.00002089,160.00000000,0
1531220110114,1531220110106,3767983,0.00002089,100.00000000,1
1531220118445,1531220118444,3767984,0.00002083,146.00000000,1
1531220120129,1531220120125,3767985,0.00002085,4585.00000000,0
1531220120145,1531220120141,3767986,0.00002088,3376.00000000,0
1531220120169,1531220120166,3767987,0.00002088,1711.00000000,0
1531220120838,1531220120833,3767988,0.00002083,81.00000000,1
1531220120867,1531220120862,3767989,0.00002079,309.00000000,0
1531220124172,1531220124166,3767990,0.00002081,21.00000000,1
1531220130260,1531220130254,3767991,0.00002086,537.00000000,0
1531220130276,1531220130271,3767992,0.00002084,3115.00000000,1
1531220130288,1531220130283,3767993,0.00002084,283.00000000,1
1531220146931,1531220146926,3767994,0.00002077,157.00000000,1
1531220149065,1531220149061,3767995,0.00002087,4711.00000000,0
1531220178091,1531220178087,3767996,0.00002087,706.00000000,0
1531220180192,1531220180187,3767997,0.00002088,173.00000000,1
1531220183608,1531220183601,3767998,0.00002088,101.00000000,1
1531220183608,1531220183601,3767999,0.00002087,5605.00000000,1
1531220188510,1531220188506,3768000,0.00002088,268.00000000,1
1531220206907,1531220206901,3768001,0.00002089,265.00000000,0
1531220210372,1531220210368,3768002,0.00002088,3375.00000000,0
1531220210390,1531220210384,3768003,0.00002089,1610.00000000,0
1531220213941,1531220213936,3768004,0.00002090,53.00000000,0
1531220222402,1531220222396,3768005,0.00002092,95.00000000,0
1531220222402,1531220222396,3768006,0.00002093,278.00000000,0
1531220222402,1531220222396,3768007,0.00002094,222.00000000,0
1531220222402,1531220222396,3768008,0.00002095,110.00000000,0
1531220222402,1531220222396,3768009,0.00002096,110.00000000,0
1531220222402,1531220222396,3768010,0.00002097,53.00000000,0
1531220222402,1531220222396,3768011,0.00002098,512.00000000,0
1531220224385,1531220224381,3768012,0.00002090,7.00000000,1
1531220234777,1531220234773,3768013,0.00002098,18.00000000,0
1531220238727,1531220238723,3768014,0.00002092,10.00000000,1
1531220243298,1531220243292,3768015,0.00002097,1196.00000000,0
1531220243969,1531220243964,3768016,0.00002091,215.00000000,1
1531220267811,1531220267807,3768017,0.00002098,4.00000000,0
1531220268609,1531220268604,3768018,0.00002095,48.00000000,1
1531220297322,1531220297308,3768019,0.00002091,231.00000000,1
1531220297322,1531220297308,3768020,0.00002087,1.00000000,1
1531220297322,1531220297308,3768021,0.00002085,1910.00000000,1
1531220297322,1531220297308,3768022,0.00002083,289.00000000,1
1531220297322,1531220297308,3768023,0.00002081,3755.00000000,1
1531220297322,1531220297308,3768024,0.00002080,1289.00000000,1
1531220297322,1531220297308,3768025,0.00002079,71.00000000,1
1531220297322,1531220297308,3768026,0.00002077,1561.00000000,1
1531220297322,1531220297308,3768027,0.00002076,671.00000000,1
1531220297322,1531220297308,3768028,0.00002075,1887.00000000,1
1531220297322,1531220297308,3768029,0.00002074,297.00000000,1
1531220297322,1531220297308,3768030,0.00002073,3843.00000000,1
1531220298537,1531220298531,3768031,0.00002079,72.00000000,0
1531220298877,1531220298872,3768032,0.00002082,93.00000000,0
1531220298877,1531220298872,3768033,0.00002083,17.00000000,0
1531220299410,1531220299405,3768034,0.00002077,57.00000000,1
1531220343498,1531220343492,3768035,0.00002078,262.00000000,1
1531220343498,1531220343492,3768036,0.00002075,939.00000000,1
1531220343498,1531220343492,3768037,0.00002068,711.00000000,1
1531220343498,1531220343492,3768038,0.00002067,1247.00000000,1
1531220343498,1531220343492,3768039,0.00002066,308.00000000,1
1531220344298,1531220344293,3768040,0.00002077,434.00000000,0
1531220344665,1531220344661,3768041,0.00002077,37.00000000,1
1531220344818,1531220344812,3768042,0.00002075,2.00000000,0
1531220348828,1531220348819,3768043,0.00002070,261.00000000,1
1531220348828,1531220348819,3768044,0.00002069,57.00000000,1
1531220348828,1531220348819,3768045,0.00002066,43.00000000,1
1531220348828,1531220348819,3768046,0.00002065,1399.00000000,1
1531220348828,1531220348819,3768047,0.00002064,967.00000000,1
1531220348828,1531220348819,3768048,0.00002062,433.00000000,1
1531220348828,1531220348819,3768049,0.00002061,357.00000000,1
1531220348828,1531220348819,3768050,0.00002060,866.00000000,1
1531220348843,1531220348838,3768051,0.00002060,1499.00000000,0
1531220348845,1531220348839,3768052,0.00002060,1499.00000000,0
1531220348848,1531220348843,3768053,0.00002060,1499.00000000,0
1531220348933,1531220348928,3768054,0.00002060,822.00000000,0
1531220349164,1531220349161,3768055,0.00002059,27.00000000,1
1531220349558,1531220349555,3768056,0.00002060,3765.00000000,0
1531220350546,1531220350541,3768057,0.00002060,491.00000000,0
1531220351987,1531220351984,3768058,0.00002059,399.00000000,1
1531220351987,1531220351984,3768059,0.00002058,519.00000000,1
1531220352902,1531220352898,3768060,0.00002061,358.00000000,0
1531220352922,1531220352912,3768061,0.00002061,133.00000000,0
1531220352922,1531220352912,3768062,0.00002064,274.00000000,0
1531220352922,1531220352912,3768063,0.00002069,418.00000000,0
1531220352922,1531220352912,3768064,0.00002070,262.00000000,0
1531220352922,1531220352912,3768065,0.00002071,317.00000000,0
1531220352922,1531220352912,3768066,0.00002072,240.00000000,0
1531220352922,1531220352912,3768067,0.00002073,299.00000000,0
1531220352922,1531220352912,3768068,0.00002074,3839.00000000,0
1531220352922,1531220352912,3768069,0.00002075,600.00000000,0
1531220352922,1531220352912,3768070,0.00002076,266.00000000,0
1531220352922,1531220352912,3768071,0.00002077,1621.00000000,0
1531220352922,1531220352912,3768072,0.00002078,354.00000000,0
1531220352922,1531220352912,3768073,0.00002078,242.00000000,0
1531220352944,1531220352939,3768074,0.00002059,242.00000000,1
1531220352995,1531220352989,3768075,0.00002082,70.00000000,0
1531220352995,1531220352989,3768076,0.00002084,93.00000000,0
1531220352995,1531220352989,3768077,0.00002086,311.00000000,0
1531220352995,1531220352989,3768078,0.00002087,13.00000000,0
1531220353075,1531220353073,3768079,0.00002087,204.00000000,0
1531220353444,1531220353440,3768080,0.00002086,27.00000000,0
