event_time,trade_time,trade_id,price,quantity,maker
1531210395918,1531210395912,2718407,0.00000407,161.00000000,0
1531210423066,1531210423066,2718408,0.00000406,2.00000000,0
1531210441396,1531210441391,2718409,0.00000405,760.00000000,1
1531210460037,1531210460031,2718410,0.00000405,525.00000000,1
1531210460037,1531210460031,2718411,0.00000404,11475.00000000,1
1531210492068,1531210492065,2718412,0.00000404,1791.00000000,1
1531210492658,1531210492654,2718413,0.00000404,892.00000000,1
1531210498272,1531210498268,2718414,0.00000404,728.00000000,1
1531210537312,1531210537308,2718415,0.00000404,376.00000000,1
1531210639997,1531210639993,2718416,0.00000406,270.00000000,0
1531210642198,1531210642194,2718417,0.00000406,1.00000000,0
1531210644446,1531210644440,2718418,0.00000406,8.00000000,0
1531210760361,1531210760357,2718419,0.00000406,745.00000000,0
1531210785542,1531210785537,2718420,0.00000406,4549.00000000,0
1531210936630,1531210936625,2718421,0.00000408,2.00000000,0
1531211049168,1531211049163,2718422,0.00000408,12.00000000,0
1531211198505,1531211198498,2718423,0.00000408,4822.00000000,0
1531211198505,1531211198498,2718424,0.00000409,1758.00000000,0
1531211198521,1531211198516,2718425,0.00000409,20449.00000000,1
1531211207842,1531211207836,2718426,0.00000409,7307.00000000,0
1531211207865,1531211207861,2718427,0.00000409,8454.00000000,1
1531211207884,1531211207881,2718428,0.00000409,1525.00000000,1
1531211208197,1531211208193,2718429,0.00000409,2988.00000000,1
1531211238561,1531211238556,2718430,0.00000407,9960.00000000,1
1531211269177,1531211269164,2718431,0.00000410,54070.00000000,0
1531211269177,1531211269164,2718432,0.00000411,10174.00000000,0
1531211269177,1531211269164,2718433,0.00000412,16182.00000000,0
1531211269177,1531211269164,2718434,0.00000413,2693.00000000,0
1531211269580,1531211269575,2718435,0.00000409,1479.00000000,1
1531211269686,1531211269682,2718436,0.00000409,1479.00000000,1
1531211270226,1531211270223,2718437,0.00000410,257.00000000,1
1531211270240,1531211270233,2718438,0.00000409,257.00000000,1
1531211325464,1531211325459,2718439,0.00000409,2208.00000000,0
1531211325464,1531211325459,2718440,0.00000412,742.00000000,0
1531211342866,1531211342863,2718441,0.00000408,249.00000000,1
1531211343259,1531211343253,2718442,0.00000408,88.00000000,1
1531211344168,1531211344164,2718443,0.00000408,103.00000000,1
1531211344700,1531211344695,2718444,0.00000408,447.00000000,1
1531211345777,1531211345774,2718445,0.00000408,74.00000000,1
1531211346136,1531211346131,2718446,0.00000408,117.00000000,1
1531211347084,1531211347079,2718447,0.00000408,75.00000000,1
1531211347586,1531211347582,2718448,0.00000408,99.00000000,1
1531211348416,1531211348412,2718449,0.00000408,79.00000000,1
1531211348866,1531211348861,2718450,0.00000408,102.00000000,1
1531211349696,1531211349695,2718451,0.00000408,104.00000000,1
1531211350195,1531211350191,2718452,0.00000408,98.00000000,1
1531211351113,1531211351110,2718453,0.00000408,80.00000000,1
1531211351441,1531211351441,2718454,0.00000408,81.00000000,1
1531211352427,1531211352422,2718455,0.00000408,262.00000000,1
1531211352973,1531211352967,2718456,0.00000408,214.00000000,1
1531211354028,1531211354025,2718457,0.00000408,84.00000000,1
1531211354587,1531211354581,2718458,0.00000408,89.00000000,1
1531211354973,1531211354969,2718459,0.00000408,3062.00000000,1
1531211354973,1531211354969,2718460,0.00000407,2257.00000000,1
1531211355003,1531211355000,2718461,0.00000407,146.00000000,1
1531211355679,1531211355675,2718462,0.00000407,67.00000000,1
1531211357063,1531211357057,2718463,0.00000407,119.00000000,1
1531211357742,1531211357737,2718464,0.00000407,96.00000000,1
1531211358378,1531211358373,2718465,0.00000407,87.00000000,1
1531211359184,1531211359180,2718466,0.00000407,353.00000000,1
1531211359888,1531211359883,2718467,0.00000407,76.00000000,1
1531211360357,1531211360353,2718468,0.00000407,63.00000000,1
1531211360945,1531211360940,2718469,0.00000407,76.00000000,1
1531211361760,1531211361755,2718470,0.00000407,258.00000000,1
1531211362500,1531211362495,2718471,0.00000407,76.00000000,1
1531211363238,1531211363233,2718472,0.00000407,115.00000000,1
1531211363719,1531211363716,2718473,0.00000407,73.00000000,1
1531211364555,1531211364552,2718474,0.00000407,159.00000000,1
1531211364899,1531211364893,2718475,0.00000407,34171.00000000,1
1531211365464,1531211365459,2718476,0.00000406,102.00000000,1
1531211366027,1531211366023,2718477,0.00000406,121.00000000,1
1531211366728,1531211366723,2718478,0.00000406,66.00000000,1
1531211367469,1531211367463,2718479,0.00000406,741.00000000,1
1531211367680,1531211367673,2718480,0.00000406,72.00000000,1
1531211368161,1531211368156,2718481,0.00000406,122.00000000,1
1531211368518,1531211368512,2718482,0.00000406,319.00000000,1
1531211369193,1531211369190,2718483,0.00000406,810.00000000,1
1531211369198,1531211369195,2718484,0.00000406,967.00000000,1
1531211369599,1531211369599,2718485,0.00000406,76.00000000,1
1531211391975,1531211391971,2718486,0.00000407,1105.00000000,0
1531211400137,1531211400133,2718487,0.00000406,5159.00000000,1
1531211400137,1531211400133,2718488,0.00000405,2391.00000000,1
1531211406493,1531211406488,2718489,0.00000405,1479.00000000,1
1531211407448,1531211407442,2718490,0.00000405,737.00000000,1
1531211411860,1531211411854,2718491,0.00000406,2339.00000000,0
1531211607227,1531211607223,2718492,0.00000408,3059.00000000,0
1531211627189,1531211627183,2718493,0.00000409,2931.00000000,0
1531211765628,1531211765623,2718494,0.00000408,1955.00000000,1
1531211780282,1531211780277,2718495,0.00000409,16.00000000,0
1531211914438,1531211914438,2718496,0.00000407,75.00000000,1
1531212053022,1531212053019,2718497,0.00000407,373.00000000,1
1531212061546,1531212061543,2718498,0.00000407,11460.00000000,1
1531212132662,1531212132659,2718499,0.00000407,22.00000000,1
1531212146610,1531212146605,2718500,0.00000409,69.00000000,0
1531212361349,1531212361345,2718501,0.00000409,7010.00000000,0
1531212362261,1531212362256,2718502,0.00000409,2005.00000000,1
1531212365363,1531212365359,2718503,0.00000406,2005.00000000,1
1531212370220,1531212370215,2718504,0.00000406,21348.00000000,1
1531212443931,1531212443927,2718505,0.00000406,3024.00000000,1
1531212520508,1531212520503,2718506,0.00000405,8437.00000000,1
1531212523085,1531212523080,2718507,0.00000406,1356.00000000,0
1531212782127,1531212782123,2718508,0.00000406,609.00000000,0
1531212827584,1531212827579,2718509,0.00000406,2356.00000000,1
1531212889729,1531212889724,2718510,0.00000406,2000.00000000,0
1531213069669,1531213069665,2718511,0.00000405,2099.00000000,1
1531213130039,1531213130034,2718512,0.00000405,3426.00000000,1
1531213197614,1531213197609,2718513,0.00000405,2928.00000000,1
1531213409141,1531213409137,2718514,0.00000406,300.00000000,0
1531213459504,1531213459500,2718515,0.00000405,8.00000000,1
1531213545454,1531213545448,2718516,0.00000405,15146.00000000,1
1531213545455,1531213545448,2718517,0.00000404,12887.00000000,1
1531213550282,1531213550277,2718518,0.00000404,8991.00000000,1
1531213555840,1531213555835,2718519,0.00000404,1510.00000000,1
1531213555840,1531213555835,2718520,0.00000403,1261.00000000,1
1531213555840,1531213555835,2718521,0.00000402,76.00000000,1
1531213565684,1531213565679,2718522,0.00000406,15.00000000,0
1531213636297,1531213636294,2718523,0.00000406,3.00000000,0
1531213674142,1531213674138,2718524,0.00000406,100.00000000,0
1531213689976,1531213689970,2718525,0.00000406,3488.00000000,0
1531213774679,1531213774674,2718526,0.00000406,11603.00000000,0
1531213799933,1531213799928,2718527,0.00000406,9.00000000,0
1531213891894,1531213891890,2718528,0.00000406,20.00000000,0
1531213921410,1531213921406,2718529,0.00000406,10.00000000,0
1531213950638,1531213950634,2718530,0.00000403,3.00000000,1
1531214073252,1531214073246,2718531,0.00000404,5289.00000000,1
1531214073252,1531214073246,2718532,0.00000403,4711.00000000,1
1531214109602,1531214109598,2718533,0.00000406,935.00000000,0
1531214187394,1531214187388,2718534,0.00000403,2948.00000000,1
1531214249947,1531214249944,2718535,0.00000403,70.00000000,1
1531214269869,1531214269865,2718536,0.00000405,315.00000000,0
1531214340574,1531214340569,2718537,0.00000403,4527.00000000,1
1531214491909,1531214491902,2718538,0.00000403,15373.00000000,1
1531214491909,1531214491902,2718539,0.00000402,30370.00000000,1
1531214491909,1531214491902,2718540,0.00000401,38377.00000000,1
1531214498311,1531214498308,2718541,0.00000402,1021.00000000,0
1531214505238,1531214505234,2718542,0.00000403,9.00000000,0
1531214516561,1531214516556,2718543,0.00000401,2197.00000000,1
1531214553226,1531214553223,2718544,0.00000403,249.00000000,0
1531214558033,1531214558028,2718545,0.00000403,671.00000000,0
1531214558383,1531214558380,2718546,0.00000401,378.00000000,1
1531214588948,1531214588943,2718547,0.00000401,9588.00000000,1
1531214720220,1531214720216,2718548,0.00000403,9.00000000,0
1531214753952,1531214753949,2718549,0.00000401,47.00000000,1
1531214811579,1531214811574,2718550,0.00000401,5430.00000000,1
1531214824539,1531214824534,2718551,0.00000401,32.00000000,1
1531214915757,1531214915753,2718552,0.00000403,249.00000000,0
1531215322579,1531215322574,2718553,0.00000403,34.00000000,0
1531215391958,1531215391955,2718554,0.00000403,759.00000000,0
1531215397217,1531215397213,2718555,0.00000404,96.00000000,0
1531215397287,1531215397282,2718556,0.00000404,353.00000000,0
1531215397525,1531215397521,2718557,0.00000404,63.00000000,0
1531215397583,1531215397578,2718558,0.00000404,76.00000000,0
1531215397644,1531215397639,2718559,0.00000404,258.00000000,0
1531215397688,1531215397684,2718560,0.00000404,115.00000000,0
1531215397754,1531215397749,2718561,0.00000404,80.00000000,0
1531215398169,1531215398164,2718562,0.00000404,447.00000000,0
1531215398181,1531215398177,2718563,0.00000404,88.00000000,0
1531215398209,1531215398204,2718564,0.00000404,99.00000000,0
1531215398260,1531215398257,2718565,0.00000404,79.00000000,0
1531215398329,1531215398324,2718566,0.00000404,104.00000000,0
1531215398377,1531215398371,2718567,0.00000404,81.00000000,0
1531215398732,1531215398727,2718568,0.00000404,89.00000000,0
1531215398896,1531215398893,2718569,0.00000404,159.00000000,0
1531215398946,1531215398942,2718570,0.00000404,50.00000000,0
1531215398946,1531215398942,2718571,0.00000405,23.00000000,0
1531215398987,1531215398983,2718572,0.00000405,76.00000000,0
1531215399054,1531215399049,2718573,0.00000405,76.00000000,0
1531215399122,1531215399117,2718574,0.00000405,87.00000000,0
1531215399163,1531215399156,2718575,0.00000405,119.00000000,0
1531215399310,1531215399306,2718576,0.00000405,67.00000000,0
1531215399367,1531215399362,2718577,0.00000405,146.00000000,0
1531215399439,1531215399435,2718578,0.00000405,84.00000000,0
1531215399536,1531215399531,2718579,0.00000405,214.00000000,0
1531215399751,1531215399747,2718580,0.00000405,262.00000000,0
1531215399914,1531215399909,2718581,0.00000405,98.00000000,0
1531215401840,1531215401836,2718582,0.00000405,102.00000000,0
1531215401889,1531215401885,2718583,0.00000405,75.00000000,0
1531215401951,1531215401947,2718584,0.00000405,117.00000000,0
1531215401997,1531215401992,2718585,0.00000405,74.00000000,0
1531215402040,1531215402037,2718586,0.00000405,103.00000000,0
1531215402171,1531215402165,2718587,0.00000405,249.00000000,0
1531215438853,1531215438850,2718588,0.00000405,249.00000000,0
1531215589691,1531215589687,2718589,0.00000404,13142.00000000,1
1531215590468,1531215590464,2718590,0.00000402,498.00000000,1
1531215705956,1531215705951,2718591,0.00000402,3475.00000000,1
1531215705956,1531215705951,2718592,0.00000401,44657.00000000,1
1531215745802,1531215745797,2718593,0.00000403,642.00000000,0
1531215748002,1531215747999,2718594,0.00000404,65.00000000,0
1531215748215,1531215748211,2718595,0.00000403,642.00000000,1
1531215751015,1531215751012,2718596,0.00000404,1.00000000,0
1531215757372,1531215757344,2718597,0.00000404,471.00000000,0
1531215769925,1531215769920,2718598,0.00000404,307.00000000,0
1531215779409,1531215779405,2718599,0.00000404,1435.00000000,0
1531215781616,1531215781611,2718600,0.00000401,367.00000000,1
1531215808725,1531215808720,2718601,0.00000404,249.00000000,0
1531215920358,1531215920353,2718602,0.00000404,291.00000000,0
1531215920358,1531215920353,2718603,0.00000405,985.00000000,0
1531215921828,1531215921824,2718604,0.00000405,956.00000000,0
1531215930682,1531215930678,2718605,0.00000405,1775.00000000,0
1531215935019,1531215935014,2718606,0.00000405,353.00000000,0
1531215939984,1531215939981,2718607,0.00000405,265.00000000,0
1531215945068,1531215945064,2718608,0.00000405,1177.00000000,0
1531215950271,1531215950266,2718609,0.00000405,662.00000000,0
1531215954967,1531215954962,2718610,0.00000405,717.00000000,0
1531215959972,1531215959967,2718611,0.00000405,306.00000000,0
1531215965667,1531215965664,2718612,0.00000405,306.00000000,0
1531215975130,1531215975126,2718613,0.00000405,385.00000000,0
1531215980474,1531215980470,2718614,0.00000405,289.00000000,0
1531215995075,1531215995071,2718615,0.00000405,41.00000000,0
1531216139595,1531216139591,2718616,0.00000402,1100.00000000,1
1531217103535,1531217103530,2718617,0.00000402,9562.00000000,1
1531217103535,1531217103530,2718618,0.00000401,14950.00000000,1
1531217111757,1531217111751,2718619,0.00000402,2159.00000000,1
1531217111757,1531217111751,2718620,0.00000401,78474.00000000,1
1531217119115,1531217119109,2718621,0.00000404,249.00000000,0
1531217170506,1531217170501,2718622,0.00000404,7.00000000,0
1531217176972,1531217176968,2718623,0.00000401,105.00000000,1
1531217177594,1531217177590,2718624,0.00000401,67.00000000,1
1531217178303,1531217178296,2718625,0.00000401,86.00000000,1
1531217178876,1531217178871,2718626,0.00000401,159.00000000,1
1531217179656,1531217179652,2718627,0.00000401,54.00000000,1
1531217180219,1531217180215,2718628,0.00000401,219.00000000,1
1531217180749,1531217180743,2718629,0.00000401,73.00000000,1
1531217181419,1531217181415,2718630,0.00000401,76.00000000,1
1531217182082,1531217182079,2718631,0.00000401,83.00000000,1
1531217182826,1531217182821,2718632,0.00000401,60.00000000,1
1531217183210,1531217183205,2718633,0.00000401,103.00000000,1
1531217183687,1531217183683,2718634,0.00000401,164.00000000,1
1531217184376,1531217184371,2718635,0.00000401,118.00000000,1
1531217185120,1531217185115,2718636,0.00000401,227.00000000,1
1531217185752,1531217185746,2718637,0.00000401,69.00000000,1
1531217188860,1531217188855,2718638,0.00000401,97.00000000,1
1531217189383,1531217189379,2718639,0.00000401,79.00000000,1
1531217189785,1531217189781,2718640,0.00000401,68.00000000,1
1531217190195,1531217190190,2718641,0.00000401,93.00000000,1
1531217190758,1531217190754,2718642,0.00000401,83.00000000,1
1531217191237,1531217191231,2718643,0.00000401,190.00000000,1
1531217192048,1531217192044,2718644,0.00000401,364.00000000,1
1531217192612,1531217192608,2718645,0.00000401,76.00000000,1
1531217193142,1531217193138,2718646,0.00000401,82.00000000,1
1531217193270,1531217193266,2718647,0.00000401,2012.00000000,1
1531217193933,1531217193929,2718648,0.00000401,70.00000000,1
1531217194263,1531217194259,2718649,0.00000401,76.00000000,1
1531217194722,1531217194717,2718650,0.00000401,68.00000000,1
1531217195211,1531217195206,2718651,0.00000401,98.00000000,1
1531217195598,1531217195593,2718652,0.00000401,353.00000000,1
1531217196157,1531217196154,2718653,0.00000401,81.00000000,1
1531217196629,1531217196625,2718654,0.00000401,66.00000000,1
1531217197071,1531217197067,2718655,0.00000404,1.00000000,0
1531217197263,1531217197258,2718656,0.00000401,55.00000000,1
1531217197748,1531217197743,2718657,0.00000401,99.00000000,1
1531217198273,1531217198269,2718658,0.00000401,324.00000000,1
1531217198672,1531217198666,2718659,0.00000401,266.00000000,1
1531217199500,1531217199497,2718660,0.00000401,117.00000000,1
1531217200197,1531217200193,2718661,0.00000401,151.00000000,1
1531217200779,1531217200773,2718662,0.00000401,79.00000000,1
1531217252890,1531217252886,2718663,0.00000401,113043.00000000,1
1531217252912,1531217252908,2718664,0.00000401,13452.00000000,0
1531217252935,1531217252931,2718665,0.00000401,1564.00000000,0
1531217252938,1531217252931,2718666,0.00000401,80976.00000000,0
1531217253917,1531217253913,2718667,0.00000401,9418.00000000,0
1531217254040,1531217254036,2718668,0.00000400,289.00000000,1
1531217254040,1531217254036,2718669,0.00000400,11592.00000000,1
1531217255109,1531217255104,2718670,0.00000400,392.00000000,1
1531217256115,1531217256109,2718671,0.00000400,1197.00000000,1
1531217266363,1531217266360,2718672,0.00000401,4438.00000000,0
1531217306764,1531217306760,2718673,0.00000401,3595.00000000,0
1531217324030,1531217324025,2718674,0.00000400,302437.00000000,1
1531217324301,1531217324294,2718675,0.00000400,101231.00000000,1
1531217324644,1531217324638,2718676,0.00000399,1356.00000000,1
1531217324645,1531217324638,2718677,0.00000399,4420.00000000,1
1531217324645,1531217324638,2718678,0.00000399,18952.00000000,1
1531217324647,1531217324638,2718679,0.00000398,12791.00000000,1
1531217324647,1531217324638,2718680,0.00000397,2209.00000000,1
1531217324647,1531217324638,2718681,0.00000397,1500.00000000,1
1531217324661,1531217324656,2718682,0.00000398,12350.00000000,0
1531217324681,1531217324678,2718683,0.00000398,3221.00000000,0
1531217325053,1531217325049,2718684,0.00000398,362.00000000,0
1531217325555,1531217325347,2718685,0.00000398,25108.00000000,0
1531217325580,1531217325420,2718686,0.00000397,946.00000000,1
1531217325583,1531217325430,2718687,0.00000397,1481.00000000,1
1531217325604,1531217325509,2718688,0.00000397,946.00000000,1
1531217325655,1531217325641,2718689,0.00000397,27020.00000000,1
1531217325686,1531217325680,2718690,0.00000398,2512.00000000,0
1531217325791,1531217325786,2718691,0.00000397,21301.00000000,1
1531217325791,1531217325786,2718692,0.00000396,4640.00000000,1
1531217325792,1531217325789,2718693,0.00000396,946.00000000,1
1531217326158,1531217326154,2718694,0.00000397,1473.00000000,1
1531217326672,1531217326666,2718695,0.00000398,2512.00000000,0
1531217326745,1531217326740,2718696,0.00000398,2381.00000000,0
1531217327349,1531217327345,2718697,0.00000398,25.00000000,0
1531217327382,1531217327378,2718698,0.00000397,262.00000000,1
1531217329081,1531217329077,2718699,0.00000397,313.00000000,0
1531217330668,1531217330664,2718700,0.00000397,1160.00000000,0
1531217331343,1531217331340,2718701,0.00000397,3221.00000000,1
1531217331613,1531217331609,2718702,0.00000398,1276.00000000,0
1531217332292,1531217332286,2718703,0.00000398,500.00000000,0
1531217333220,1531217333216,2718704,0.00000397,202.00000000,1
1531217333243,1531217333240,2718705,0.00000396,316.00000000,1
1531217334559,1531217334554,2718706,0.00000398,105.00000000,0
1531217334626,1531217334623,2718707,0.00000398,73.00000000,0
1531217334727,1531217334722,2718708,0.00000398,76.00000000,0
1531217334768,1531217334764,2718709,0.00000398,164.00000000,0
1531217334863,1531217334859,2718710,0.00000398,227.00000000,0
1531217334895,1531217334891,2718711,0.00000398,79.00000000,0
1531217334947,1531217334941,2718712,0.00000398,68.00000000,0
1531217335003,1531217334997,2718713,0.00000398,93.00000000,0
1531217335189,1531217335186,2718714,0.00000398,2512.00000000,0
1531217335210,1531217335206,2718715,0.00000398,353.00000000,0
1531217335287,1531217335283,2718716,0.00000398,117.00000000,0
1531217335373,1531217335369,2718717,0.00000398,79.00000000,0
1531217335408,1531217335404,2718718,0.00000398,151.00000000,0
1531217335455,1531217335450,2718719,0.00000398,266.00000000,0
1531217335507,1531217335502,2718720,0.00000398,324.00000000,0
1531217335971,1531217335967,2718721,0.00000398,99.00000000,0
1531217336111,1531217336107,2718722,0.00000398,66.00000000,0
1531217336151,1531217336148,2718723,0.00000398,55.00000000,0
1531217336180,1531217336176,2718724,0.00000398,2512.00000000,0
1531217336244,1531217336239,2718725,0.00000398,81.00000000,0
1531217336547,1531217336543,2718726,0.00000398,98.00000000,0
1531217336604,1531217336600,2718727,0.00000398,68.00000000,0
1531217336643,1531217336639,2718728,0.00000398,76.00000000,0
1531217336650,1531217336646,2718729,0.00000397,4820.00000000,1
1531217336685,1531217336681,2718730,0.00000398,70.00000000,0
1531217336693,1531217336688,2718731,0.00000397,2455.00000000,1
1531217336816,1531217336812,2718732,0.00000398,2012.00000000,0
1531217336961,1531217336958,2718733,0.00000398,76.00000000,0
1531217337029,1531217337026,2718734,0.00000398,364.00000000,0
1531217337052,1531217337047,2718735,0.00000398,82.00000000,0
1531217337067,1531217337063,2718736,0.00000398,190.00000000,0
1531217337130,1531217337126,2718737,0.00000398,83.00000000,0
1531217337185,1531217337180,2718738,0.00000398,2512.00000000,0
1531217337420,1531217337417,2718739,0.00000398,97.00000000,0
1531217337493,1531217337489,2718740,0.00000398,69.00000000,0
1531217337567,1531217337562,2718741,0.00000398,118.00000000,0
1531217337662,1531217337658,2718742,0.00000398,103.00000000,0
1531217337741,1531217337736,2718743,0.00000398,60.00000000,0
1531217337864,1531217337860,2718744,0.00000398,83.00000000,0
1531217338079,1531217338074,2718745,0.00000398,219.00000000,0
1531217338188,1531217338182,2718746,0.00000398,2512.00000000,0
1531217338255,1531217338251,2718747,0.00000398,54.00000000,0
1531217338465,1531217338461,2718748,0.00000398,159.00000000,0
1531217338552,1531217338548,2718749,0.00000398,86.00000000,0
1531217338694,1531217338690,2718750,0.00000398,67.00000000,0
1531217338859,1531217338855,2718751,0.00000398,121.00000000,0
1531217338970,1531217338964,2718752,0.00000398,319.00000000,0
1531217339094,1531217339090,2718753,0.00000398,76.00000000,0
1531217339104,1531217339099,2718754,0.00000398,1931.00000000,0
1531217339200,1531217339194,2718755,0.00000398,810.00000000,0
1531217339242,1531217339236,2718756,0.00000398,122.00000000,0
1531217339446,1531217339442,2718757,0.00000398,72.00000000,0
1531217339547,1531217339543,2718758,0.00000398,66.00000000,0
1531217339650,1531217339646,2718759,0.00000398,102.00000000,0
1531217340926,1531217340922,2718760,0.00000398,23.00000000,0
1531217347760,1531217347755,2718761,0.00000396,418.00000000,0
1531217348573,1531217348568,2718762,0.00000396,501.00000000,0
1531217350533,1531217350528,2718763,0.00000395,2392.00000000,1
1531217350534,1531217350528,2718764,0.00000395,3489.00000000,1
1531217351888,1531217351883,2718765,0.00000395,1269.00000000,1
1531217352912,1531217352909,2718766,0.00000396,601.00000000,0
1531217358279,1531217358275,2718767,0.00000396,403.00000000,0
1531217358771,1531217358767,2718768,0.00000395,9760.00000000,1
1531217360119,1531217360113,2718769,0.00000396,2606.00000000,0
1531217360119,1531217360113,2718770,0.00000397,266.00000000,0
1531217360119,1531217360113,2718771,0.00000398,1963.00000000,0
1531217364004,1531217363999,2718772,0.00000398,459.00000000,0
1531217366606,1531217366601,2718773,0.00000395,768.00000000,1
1531217375552,1531217375547,2718774,0.00000398,253.00000000,0
1531217377904,1531217377900,2718775,0.00000395,160367.00000000,1
1531217377935,1531217377930,2718776,0.00000395,4359.00000000,0
1531217378121,1531217378116,2718777,0.00000395,4641.00000000,0
1531217378430,1531217378425,2718778,0.00000395,8370.00000000,0
1531217378735,1531217378731,2718779,0.00000395,1112.00000000,0
1531217379797,1531217379793,2718780,0.00000394,1787.00000000,1
1531217379812,1531217379807,2718781,0.00000394,11413.00000000,0
1531217379824,1531217379819,2718782,0.00000394,2844.00000000,0
1531217379836,1531217379831,2718783,0.00000394,1161.00000000,0
1531217380579,1531217380575,2718784,0.00000393,18.00000000,1
1531217381461,1531217381458,2718785,0.00000395,659.00000000,0
1531217381476,1531217381471,2718786,0.00000395,581.00000000,0
1531217382197,1531217382193,2718787,0.00000395,581.00000000,0
1531217382622,1531217382618,2718788,0.00000393,947.00000000,1
1531217384833,1531217384828,2718789,0.00000395,9620.00000000,0
1531217385123,1531217385118,2718790,0.00000394,1164.00000000,0
1531217385738,1531217385733,2718791,0.00000393,258.00000000,1
1531217386188,1531217386184,2718792,0.00000393,1289.00000000,1
1531217387024,1531217387020,2718793,0.00000395,3970.00000000,0
1531217388387,1531217388382,2718794,0.00000395,2040.00000000,0
1531217403091,1531217403086,2718795,0.00000395,4455.00000000,0
1531217405631,1531217405627,2718796,0.00000393,1204.00000000,1
1531217409833,1531217409830,2718797,0.00000395,67.00000000,0
1531217412441,1531217412437,2718798,0.00000393,2469.00000000,1
1531217414208,1531217414204,2718799,0.00000395,4277.00000000,0
1531217415191,1531217415187,2718800,0.00000394,1574.00000000,1
1531217415191,1531217415187,2718801,0.00000393,841.00000000,1
1531217416965,1531217416960,2718802,0.00000393,75.00000000,1
1531217417989,1531217417984,2718803,0.00000393,364.00000000,1
1531217418481,1531217418477,2718804,0.00000393,105.00000000,1
1531217419269,1531217419264,2718805,0.00000393,81.00000000,1
1531217419557,1531217419551,2718806,0.00000393,194.00000000,1
1531217419557,1531217419551,2718807,0.00000392,159.00000000,1
1531217419557,1531217419551,2718808,0.00000392,1722.00000000,1
1531217419583,1531217419578,2718809,0.00000394,268.00000000,1
1531217420174,1531217420170,2718810,0.00000392,67.00000000,1
1531217420811,1531217420807,2718811,0.00000392,121.00000000,1
1531217421522,1531217421518,2718812,0.00000392,159.00000000,1
1531217422342,1531217422338,2718813,0.00000392,190.00000000,1
1531217422975,1531217422970,2718814,0.00000394,4690.00000000,0
1531217423629,1531217423624,2718815,0.00000392,76.00000000,1
1531217425410,1531217425407,2718816,0.00000392,76.00000000,1
1531217427801,1531217427796,2718817,0.00000392,74.00000000,1
1531217428199,1531217428194,2718818,0.00000394,744.00000000,0
1531217429558,1531217429553,2718819,0.00000392,2152.00000000,1
1531217430357,1531217430352,2718820,0.00000392,92.00000000,1
1531217433120,1531217433115,2718821,0.00000392,67.00000000,1
1531217435027,1531217435022,2718822,0.00000393,93.00000000,1
1531217437254,1531217437249,2718823,0.00000393,258.00000000,1
1531217438993,1531217438987,2718824,0.00000393,76.00000000,1
1531217439592,1531217439589,2718825,0.00000393,99.00000000,1
1531217440491,1531217440487,2718826,0.00000393,66.00000000,1
1531217441218,1531217441214,2718827,0.00000393,447.00000000,1
1531217442064,1531217442060,2718828,0.00000393,102.00000000,1
1531217442664,1531217442659,2718829,0.00000393,383.00000000,1
1531217443170,1531217443166,2718830,0.00000393,106.00000000,1
1531217444091,1531217444087,2718831,0.00000393,96.00000000,1
1531217444738,1531217444734,2718832,0.00000393,67.00000000,1
1531217445574,1531217445570,2718833,0.00000393,73.00000000,1
1531217446107,1531217446102,2718834,0.00000393,80.00000000,1
1531217446463,1531217446458,2718835,0.00000393,69.00000000,1
1531217447121,1531217447117,2718836,0.00000393,77.00000000,1
1531217447976,1531217447971,2718837,0.00000393,93.00000000,1
1531217448558,1531217448554,2718838,0.00000393,74.00000000,1
1531217449140,1531217449135,2718839,0.00000393,219.00000000,1
1531217449736,1531217449731,2718840,0.00000393,78.00000000,1
1531217450591,1531217450587,2718841,0.00000393,200.00000000,1
1531217450931,1531217450928,2718842,0.00000393,108.00000000,1
1531217451630,1531217451626,2718843,0.00000393,69.00000000,1
1531217452199,1531217452195,2718844,0.00000393,88.00000000,1
1531217453084,1531217453080,2718845,0.00000393,115.00000000,1
1531217453566,1531217453561,2718846,0.00000393,157.00000000,1
1531217453575,1531217453571,2718847,0.00000393,2293.00000000,1
1531217458261,1531217458256,2718848,0.00000393,9008.00000000,1
1531217471102,1531217471098,2718849,0.00000393,1798.00000000,1
1531217475246,1531217475242,2718850,0.00000393,62609.00000000,1
1531217478407,1531217478403,2718851,0.00000395,33528.00000000,0
1531217482473,1531217482469,2718852,0.00000395,1524.00000000,0
1531217537199,1531217537194,2718853,0.00000395,900.00000000,0
1531217568848,1531217568843,2718854,0.00000394,2852.00000000,1
1531217573755,1531217573750,2718855,0.00000394,9277.00000000,1
1531217577792,1531217577788,2718856,0.00000394,7044.00000000,1
1531217588326,1531217588323,2718857,0.00000394,1720.00000000,0
1531217616879,1531217616874,2718858,0.00000394,26.00000000,0
1531217621133,1531217621128,2718859,0.00000394,10280.00000000,0
1531217625623,1531217625619,2718860,0.00000394,8762.00000000,0
1531217657874,1531217657868,2718861,0.00000394,132.00000000,1
1531217669405,1531217669402,2718862,0.00000394,400.00000000,1
1531217670212,1531217670208,2718863,0.00000395,253.00000000,0
1531217670300,1531217670296,2718864,0.00000395,10662.00000000,0
1531217683427,1531217683423,2718865,0.00000396,2793.00000000,0
1531217683427,1531217683423,2718866,0.00000397,266.00000000,0
1531217683427,1531217683423,2718867,0.00000398,6633.00000000,0
1531217684465,1531217684461,2718868,0.00000396,788.00000000,0
1531217685616,1531217685612,2718869,0.00000395,1574.00000000,1
1531217713508,1531217713503,2718870,0.00000397,1574.00000000,0
1531217713508,1531217713503,2718871,0.00000398,364.00000000,0
1531217725111,1531217725107,2718872,0.00000395,23.00000000,1
1531217749248,1531217749244,2718873,0.00000398,2.00000000,0
1531217758024,1531217758020,2718874,0.00000398,13.00000000,0
1531217760293,1531217760287,2718875,0.00000395,1.00000000,1
1531217767433,1531217767430,2718876,0.00000398,276.00000000,0
1531217777075,1531217777071,2718877,0.00000395,992.00000000,1
1531217887084,1531217887079,2718878,0.00000396,22817.00000000,1
1531217889014,1531217889009,2718879,0.00000395,508.00000000,1
1531217894447,1531217894443,2718880,0.00000395,22897.00000000,1
1531217903574,1531217903570,2718881,0.00000397,49.00000000,0
1531217993902,1531217993898,2718882,0.00000395,2024.00000000,1
1531218001763,1531218001758,2718883,0.00000396,7.00000000,0
1531218019567,1531218019562,2718884,0.00000396,225.00000000,0
1531218019862,1531218019856,2718885,0.00000396,1783.00000000,0
1531218019862,1531218019856,2718886,0.00000397,217.00000000,0
1531218022565,1531218022559,2718887,0.00000398,1.00000000,0
1531218023137,1531218023132,2718888,0.00000398,251.00000000,0
1531218043167,1531218043162,2718889,0.00000397,737.00000000,1
1531218047698,1531218047692,2718890,0.00000397,494.00000000,1
1531218052585,1531218052581,2718891,0.00000397,331.00000000,1
1531218106361,1531218106356,2718892,0.00000397,673.00000000,1
1531218107196,1531218107184,2718893,0.00000397,441.00000000,0
1531218113657,1531218113652,2718894,0.00000397,331.00000000,0
1531218154525,1531218154520,2718895,0.00000397,2466.00000000,0
1531218178365,1531218178360,2718896,0.00000395,2138.00000000,1
1531218240136,1531218240130,2718897,0.00000397,4.00000000,0
1531218293339,1531218293334,2718898,0.00000396,379.00000000,0
1531218306624,1531218306617,2718899,0.00000396,2015.00000000,0
1531218306624,1531218306617,2718900,0.00000398,4142.00000000,0
1531218307656,1531218307650,2718901,0.00000398,3557.00000000,0
1531218307656,1531218307650,2718902,0.00000399,4051.00000000,0
1531218307656,1531218307650,2718903,0.00000400,3154.00000000,0
1531218308011,1531218308006,2718904,0.00000398,264.00000000,0
1531218309538,1531218309534,2718905,0.00000398,1740.00000000,0
1531218309538,1531218309534,2718906,0.00000400,2481.00000000,0
1531218309566,1531218309562,2718907,0.00000397,2274.00000000,1
1531218346682,1531218346677,2718908,0.00000398,5.00000000,0
1531218402091,1531218402086,2718909,0.00000398,251.00000000,0
1531218434543,1531218434537,2718910,0.00000398,1748.00000000,0
1531218434543,1531218434537,2718911,0.00000399,764.00000000,0
1531218472848,1531218472843,2718912,0.00000397,2274.00000000,1
1531218472848,1531218472843,2718913,0.00000396,3165.00000000,1
1531218472848,1531218472843,2718914,0.00000395,1361.00000000,1
1531218472860,1531218472855,2718915,0.00000395,113.00000000,1
1531218474630,1531218474626,2718916,0.00000396,79.00000000,1
1531218475979,1531218475975,2718917,0.00000396,67.00000000,1
1531218478128,1531218478123,2718918,0.00000396,102.00000000,1
1531218480629,1531218480623,2718919,0.00000396,184.00000000,1
1531218482755,1531218482750,2718920,0.00000396,87.00000000,1
1531218484441,1531218484437,2718921,0.00000396,159.00000000,1
1531218485277,1531218485271,2718922,0.00000396,96.00000000,1
1531218485845,1531218485840,2718923,0.00000396,60.00000000,1
1531218486287,1531218486283,2718924,0.00000396,146.00000000,1
1531218486968,1531218486964,2718925,0.00000396,95.00000000,1
1531218487439,1531218487433,2718926,0.00000396,79.00000000,1
1531218488017,1531218488012,2718927,0.00000396,98.00000000,1
1531218488454,1531218488449,2718928,0.00000396,146.00000000,1
1531218489030,1531218489025,2718929,0.00000396,227.00000000,1
1531218489618,1531218489613,2718930,0.00000396,122.00000000,1
1531218490308,1531218490303,2718931,0.00000396,67.00000000,1
1531218490801,1531218490796,2718932,0.00000396,71.00000000,1
1531218491264,1531218491258,2718933,0.00000396,79.00000000,1
1531218491772,1531218491767,2718934,0.00000396,92.00000000,1
1531218492234,1531218492229,2718935,0.00000396,105.00000000,1
1531218492234,1531218492229,2718936,0.00000395,107.00000000,1
1531218492789,1531218492783,2718937,0.00000395,353.00000000,1
1531218493157,1531218493152,2718938,0.00000395,81.00000000,1
1531218493644,1531218493640,2718939,0.00000395,87.00000000,1
1531218494208,1531218494203,2718940,0.00000395,83.00000000,1
1531218494701,1531218494697,2718941,0.00000395,83.00000000,1
1531218495339,1531218495336,2718942,0.00000395,303.00000000,1
1531218495783,1531218495778,2718943,0.00000395,70.00000000,1
1531218496085,1531218496079,2718944,0.00000395,3812.00000000,1
1531218496297,1531218496293,2718945,0.00000395,68.00000000,1
1531218497228,1531218497223,2718946,0.00000395,134.00000000,1
1531218497801,1531218497795,2718947,0.00000395,103.00000000,1
1531218498444,1531218498440,2718948,0.00000395,142.00000000,1
1531218499113,1531218499109,2718949,0.00000395,194.00000000,1
1531218499721,1531218499716,2718950,0.00000395,101.00000000,1
1531218500286,1531218500282,2718951,0.00000395,73.00000000,1
1531218500900,1531218500894,2718952,0.00000395,220.00000000,1
1531218501299,1531218501295,2718953,0.00000395,519.00000000,1
1531218502596,1531218502591,2718954,0.00000395,94.00000000,1
1531218503514,1531218503510,2718955,0.00000395,108.00000000,1
1531218505215,1531218505209,2718956,0.00000395,97.00000000,1
1531218512931,1531218512927,2718957,0.00000395,7630.00000000,1
1531218584614,1531218584608,2718958,0.00000395,97263.00000000,1
1531218591419,1531218591415,2718959,0.00000394,338616.00000000,1
1531218592790,1531218592785,2718960,0.00000393,40.00000000,1
1531218600075,1531218600071,2718961,0.00000393,593.00000000,1
1531218646852,1531218646847,2718962,0.00000395,2282.00000000,0
1531218678504,1531218678497,2718963,0.00000393,8761.00000000,1
1531218678504,1531218678497,2718964,0.00000392,18985.00000000,1
1531218678504,1531218678497,2718965,0.00000391,27.00000000,1
1531218678504,1531218678497,2718966,0.00000391,7163.00000000,1
1531218678887,1531218678883,2718967,0.00000394,268.00000000,0
1531218678945,1531218678941,2718968,0.00000393,6070.00000000,1
1531218679201,1531218679195,2718969,0.00000393,269.00000000,1
1531218679459,1531218679454,2718970,0.00000393,3818.00000000,1
1531218683660,1531218683655,2718971,0.00000392,40.00000000,1
1531218694595,1531218694589,2718972,0.00000395,274.00000000,0
1531218698437,1531218698432,2718973,0.00000395,1105.00000000,1
1531218698973,1531218698964,2718974,0.00000395,671.00000000,1
1531218699106,1531218699102,2718975,0.00000395,228.00000000,1
1531218709582,1531218709576,2718976,0.00000395,2531.00000000,0
1531218740152,1531218740147,2718977,0.00000393,268.00000000,1
1531218740152,1531218740147,2718978,0.00000392,228.00000000,1
1531218740186,1531218740181,2718979,0.00000392,277.00000000,0
1531218746297,1531218746291,2718980,0.00000392,752.00000000,0
1531218747985,1531218747980,2718981,0.00000391,40.00000000,1
1531218748426,1531218748421,2718982,0.00000392,400.00000000,0
1531218749998,1531218749992,2718983,0.00000391,229.00000000,1
1531218750188,1531218750183,2718984,0.00000391,123.00000000,0
1531218751429,1531218751424,2718985,0.00000393,269.00000000,0
1531218751429,1531218751424,2718986,0.00000394,268.00000000,0
1531218751429,1531218751424,2718987,0.00000395,268.00000000,0
1531218751429,1531218751424,2718988,0.00000396,5187.00000000,0
1531218753377,1531218753372,2718989,0.00000394,267.00000000,1
1531218783449,1531218783442,2718990,0.00000393,268.00000000,1
1531218783449,1531218783442,2718991,0.00000392,945.00000000,1
1531218783449,1531218783442,2718992,0.00000391,269.00000000,1
1531218783449,1531218783442,2718993,0.00000390,1196.00000000,1
1531218783450,1531218783442,2718994,0.00000390,2388.00000000,1
1531218784664,1531218784658,2718995,0.00000392,270.00000000,0
1531218789769,1531218789764,2718996,0.00000393,159.00000000,0
1531218789839,1531218789834,2718997,0.00000393,60.00000000,0
1531218789951,1531218789945,2718998,0.00000393,50.00000000,0
1531218789951,1531218789945,2718999,0.00000394,42.00000000,0
1531218790110,1531218790105,2719000,0.00000394,79.00000000,0
1531218790173,1531218790170,2719001,0.00000394,71.00000000,0
1531218790213,1531218790206,2719002,0.00000394,67.00000000,0
1531218791271,1531218791267,2719003,0.00000394,9.00000000,0
1531218827889,1531218827884,2719004,0.00000395,268.00000000,0
1531218827889,1531218827884,2719005,0.00000396,493.00000000,0
1531218846572,1531218846568,2719006,0.00000395,2180.00000000,1
1531218896669,1531218896664,2719007,0.00000395,381.00000000,1
1531218954068,1531218954063,2719008,0.00000395,1012.00000000,0
1531218954383,1531218954378,2719009,0.00000394,279.00000000,1
1531219002787,1531219002782,2719010,0.00000394,70.00000000,0
1531219014254,1531219014245,2719011,0.00000393,268.00000000,1
1531219014254,1531219014245,2719012,0.00000392,652.00000000,1
1531219014254,1531219014245,2719013,0.00000391,1547.00000000,1
1531219014254,1531219014245,2719014,0.00000390,42423.00000000,1
1531219014254,1531219014245,2719015,0.00000389,28416.00000000,1
1531219014777,1531219014773,2719016,0.00000392,1521.00000000,0
1531219014829,1531219014823,2719017,0.00000392,382.00000000,1
1531219014881,1531219014876,2719018,0.00000392,1373.00000000,0
1531219015145,1531219015139,2719019,0.00000392,786.00000000,0
1531219015154,1531219015149,2719020,0.00000392,791.00000000,1
1531219016328,1531219016323,2719021,0.00000390,40.00000000,1
1531219016846,1531219016842,2719022,0.00000391,270.00000000,0
1531219016846,1531219016842,2719023,0.00000392,555.00000000,0
1531219018067,1531219018064,2719024,0.00000392,652.00000000,0
1531219018748,1531219018743,2719025,0.00000392,1325.00000000,0
1531219018748,1531219018743,2719026,0.00000393,76.00000000,0
1531219020545,1531219020541,2719027,0.00000393,662.00000000,0
1531219022908,1531219022904,2719028,0.00000393,914.00000000,0
1531219024819,1531219024814,2719029,0.00000393,122.00000000,0
1531219024865,1531219024860,2719030,0.00000393,227.00000000,0
1531219024956,1531219024950,2719031,0.00000393,146.00000000,0
1531219025151,1531219025146,2719032,0.00000393,79.00000000,0
1531219025151,1531219025147,2719033,0.00000393,98.00000000,0
1531219025208,1531219025205,2719034,0.00000393,95.00000000,0
1531219025465,1531219025462,2719035,0.00000393,146.00000000,0
1531219025674,1531219025668,2719036,0.00000393,87.00000000,0
1531219025771,1531219025766,2719037,0.00000393,96.00000000,0
1531219025907,1531219025903,2719038,0.00000393,184.00000000,0
1531219025908,1531219025903,2719039,0.00000393,102.00000000,0
1531219026018,1531219026012,2719040,0.00000393,67.00000000,0
1531219026117,1531219026114,2719041,0.00000393,79.00000000,0
1531219029359,1531219029351,2719042,0.00000393,330.00000000,0
1531219029359,1531219029351,2719043,0.00000394,6952.00000000,0
1531219029359,1531219029351,2719044,0.00000395,5440.00000000,0
1531219029726,1531219029721,2719045,0.00000395,407.00000000,0
1531219029726,1531219029721,2719046,0.00000396,1543.00000000,0
1531219029734,1531219029729,2719047,0.00000396,1174.00000000,0
1531219043740,1531219043735,2719048,0.00000393,1031.00000000,1
1531219046452,1531219046447,2719049,0.00000393,2841.00000000,1
1531219079033,1531219079029,2719050,0.00000394,250.00000000,1
1531219079096,1531219079091,2719051,0.00000394,298.00000000,1
1531219109450,1531219109443,2719052,0.00000395,2020.00000000,0
1531219142871,1531219142866,2719053,0.00000396,1.00000000,0
1531219243426,1531219243421,2719054,0.00000396,53.00000000,0
1531219251620,1531219251613,2719055,0.00000396,2417.00000000,0
1531219254718,1531219254713,2719056,0.00000395,750.00000000,1
1531219259139,1531219259133,2719057,0.00000395,502.00000000,1
1531219265669,1531219265663,2719058,0.00000396,859.00000000,1
1531219271221,1531219271215,2719059,0.00000396,576.00000000,1
1531219276076,1531219276072,2719060,0.00000396,386.00000000,1
1531219281631,1531219281626,2719061,0.00000396,258.00000000,1
1531219295002,1531219294996,2719062,0.00000396,527.00000000,1
1531219324918,1531219324913,2719063,0.00000397,154.00000000,0
1531219327926,1531219327921,2719064,0.00000397,1.00000000,0
1531219346686,1531219346680,2719065,0.00000397,762.00000000,0
1531219347005,1531219346999,2719066,0.00000397,5314.00000000,0
1531219352541,1531219352536,2719067,0.00000397,1298.00000000,1
1531219358473,1531219358468,2719068,0.00000397,662.00000000,1
1531219364788,1531219364784,2719069,0.00000397,444.00000000,1
1531219370913,1531219370908,2719070,0.00000397,297.00000000,1
1531219372783,1531219372777,2719071,0.00000398,7631.00000000,0
1531219375557,1531219375551,2719072,0.00000398,1443.00000000,1
1531219376939,1531219376934,2719073,0.00000398,100.00000000,1
1531219381197,1531219381193,2719074,0.00000398,100.00000000,1
1531219381278,1531219381273,2719075,0.00000398,303.00000000,1
1531219381289,1531219381283,2719076,0.00000398,2427.00000000,1
1531219381310,1531219381304,2719077,0.00000396,266.00000000,1
1531219381310,1531219381304,2719078,0.00000395,37.00000000,1
1531219381446,1531219381442,2719079,0.00000395,2698.00000000,1
1531219382771,1531219382767,2719080,0.00000396,375.00000000,0
1531219443794,1531219443789,2719081,0.00000395,1480.00000000,1
1531219449067,1531219449063,2719082,0.00000395,991.00000000,1
1531219454089,1531219454085,2719083,0.00000395,664.00000000,1
1531219457926,1531219457922,2719084,0.00000397,1121.00000000,0
1531219458912,1531219458907,2719085,0.00000395,533.00000000,1
1531219463374,1531219463369,2719086,0.00000395,357.00000000,1
1531219469089,1531219469083,2719087,0.00000396,648.00000000,0
1531219474536,1531219474531,2719088,0.00000396,360.00000000,1
1531219483741,1531219483737,2719089,0.00000398,2038.00000000,0
1531219488509,1531219488504,2719090,0.00000396,329.00000000,1
1531219500792,1531219500788,2719091,0.00000398,32.00000000,0
1531219500802,1531219500797,2719092,0.00000398,233.00000000,0
1531219501319,1531219501314,2719093,0.00000398,2985.00000000,0
1531219504142,1531219504138,2719094,0.00000398,100.00000000,1
1531219504443,1531219504439,2719095,0.00000398,380.00000000,1
1531219505788,1531219505786,2719096,0.00000398,770.00000000,1
1531219506335,1531219506329,2719097,0.00000398,409.00000000,1
1531219507562,1531219507557,2719098,0.00000396,100.00000000,1
1531219508665,1531219508659,2719099,0.00000398,360.00000000,0
1531219515112,1531219515108,2719100,0.00000396,96.00000000,1
1531219515647,1531219515641,2719101,0.00000396,70.00000000,1
1531219515647,1531219515641,2719102,0.00000395,6.00000000,1
1531219516244,1531219516239,2719103,0.00000395,120.00000000,1
1531219516909,1531219516905,2719104,0.00000395,68.00000000,1
1531219517554,1531219517550,2719105,0.00000395,703.00000000,1
1531219517921,1531219517916,2719106,0.00000395,79.00000000,1
1531219518406,1531219518402,2719107,0.00000394,76.00000000,1
1531219518949,1531219518943,2719108,0.00000394,810.00000000,1
1531219519613,1531219519608,2719109,0.00000394,101.00000000,1
1531219520179,1531219520174,2719110,0.00000394,75.00000000,1
1531219520820,1531219520814,2719111,0.00000394,336.00000000,1
1531219521353,1531219521348,2719112,0.00000394,82.00000000,1
1531219521977,1531219521971,2719113,0.00000394,76.00000000,1
1531219522341,1531219522336,2719114,0.00000394,319.00000000,1
1531219523614,1531219523610,2719115,0.00000394,324.00000000,1
1531219524386,1531219524381,2719116,0.00000394,55.00000000,1
1531219524940,1531219524934,2719117,0.00000394,65.00000000,1
1531219525571,1531219525566,2719118,0.00000394,86.00000000,1
1531219526113,1531219526110,2719119,0.00000394,159.00000000,1
1531219526244,1531219526238,2719120,0.00000394,74.00000000,1
1531219526752,1531219526746,2719121,0.00000394,249.00000000,1
1531219527636,1531219527630,2719122,0.00000394,64.00000000,1
1531219528188,1531219528183,2719123,0.00000394,71.00000000,1
1531219528758,1531219528754,2719124,0.00000394,146.00000000,1
1531219529453,1531219529450,2719125,0.00000394,92.00000000,1
1531219530155,1531219530150,2719126,0.00000394,102.00000000,1
1531219530666,1531219530661,2719127,0.00000394,79.00000000,1
1531219531171,1531219531165,2719128,0.00000394,91.00000000,1
1531219531972,1531219531967,2719129,0.00000394,238.00000000,1
1531219532095,1531219532091,2719130,0.00000394,2012.00000000,1
1531219532677,1531219532672,2719131,0.00000394,118.00000000,1
1531219533259,1531219533255,2719132,0.00000396,709.00000000,0
1531219533352,1531219533347,2719133,0.00000396,754.00000000,1
1531219534102,1531219534098,2719134,0.00000396,303.00000000,1
1531219534810,1531219534807,2719135,0.00000396,78.00000000,1
1531219534867,1531219534865,2719136,0.00000396,391.00000000,1
1531219535475,1531219535472,2719137,0.00000396,154.00000000,1
1531219535989,1531219535984,2719138,0.00000396,117.00000000,1
1531219536532,1531219536528,2719139,0.00000396,53.00000000,1
1531219536898,1531219536893,2719140,0.00000396,111.00000000,1
1531219537442,1531219537438,2719141,0.00000396,83.00000000,1
1531219538014,1531219538010,2719142,0.00000396,159.00000000,1
1531219539732,1531219539727,2719143,0.00000396,40.00000000,1
1531219549183,1531219549178,2719144,0.00000395,798.00000000,1
1531219608459,1531219608453,2719145,0.00000395,19202.00000000,1
1531219647810,1531219647805,2719146,0.00000395,90297.00000000,0
1531219651669,1531219651667,2719147,0.00000395,824.00000000,0
1531219658655,1531219658648,2719148,0.00000395,1196.00000000,0
1531219675855,1531219675851,2719149,0.00000396,1983.00000000,0
1531219701336,1531219701332,2719150,0.00000396,2015.00000000,0
1531219701336,1531219701332,2719151,0.00000397,266.00000000,0
1531219731351,1531219731346,2719152,0.00000398,2261.00000000,0
1531219746181,1531219746177,2719153,0.00000397,55.00000000,1
1531219747086,1531219747081,2719154,0.00000397,54.00000000,1
1531219747488,1531219747483,2719155,0.00000397,119.00000000,1
1531219747924,1531219747920,2719156,0.00000397,79.00000000,1
1531219748431,1531219748427,2719157,0.00000397,103.00000000,1
1531219748944,1531219748938,2719158,0.00000397,184.00000000,1
1531219749368,1531219749362,2719159,0.00000397,83.00000000,1
1531219749901,1531219749896,2719160,0.00000397,84.00000000,1
1531219750905,1531219750901,2719161,0.00000397,102.00000000,1
1531219751464,1531219751459,2719162,0.00000397,118.00000000,1
1531219752006,1531219752000,2719163,0.00000397,180.00000000,1
1531219752535,1531219752530,2719164,0.00000397,371.00000000,1
1531219753835,1531219753830,2719165,0.00000397,71.00000000,1
1531219753921,1531219753918,2719166,0.00000397,59.00000000,1
1531219754245,1531219754239,2719167,0.00000397,72.00000000,1
1531219754791,1531219754785,2719168,0.00000397,77.00000000,1
1531219755077,1531219755073,2719169,0.00000397,10937.00000000,1
1531219755156,1531219755152,2719170,0.00000396,186.00000000,1
1531219755959,1531219755955,2719171,0.00000396,80.00000000,1
1531219755959,1531219755955,2719172,0.00000395,71.00000000,1
1531219756588,1531219756584,2719173,0.00000396,94.00000000,1
1531219757243,1531219757238,2719174,0.00000395,71.00000000,1
1531219757322,1531219757316,2719175,0.00000395,94.00000000,1
1531219757870,1531219757865,2719176,0.00000396,79.00000000,1
1531219758565,1531219758560,2719177,0.00000396,368.00000000,1
1531219758987,1531219758981,2719178,0.00000396,72.00000000,1
1531219759520,1531219759518,2719179,0.00000396,66.00000000,1
1531219759903,1531219759897,2719180,0.00000396,89.00000000,1
1531219760623,1531219760618,2719181,0.00000396,266.00000000,1
1531219761286,1531219761279,2719182,0.00000396,66.00000000,1
1531219761696,1531219761690,2719183,0.00000396,247.00000000,1
1531219762591,1531219762585,2719184,0.00000396,88.00000000,1
1531219763382,1531219763377,2719185,0.00000396,76.00000000,1
1531219763859,1531219763853,2719186,0.00000396,98.00000000,1
1531219764453,1531219764448,2719187,0.00000396,67.00000000,1
1531219764949,1531219764944,2719188,0.00000396,76.00000000,1
1531219765443,1531219765438,2719189,0.00000396,95.00000000,1
1531219765780,1531219765776,2719190,0.00000396,94.00000000,1
1531219766123,1531219766119,2719191,0.00000396,146.00000000,1
1531219766690,1531219766685,2719192,0.00000396,22.00000000,1
1531219766690,1531219766685,2719193,0.00000395,100.00000000,1
1531219767346,1531219767340,2719194,0.00000395,80.00000000,1
1531219854365,1531219854360,2719195,0.00000395,945.00000000,1
1531219916426,1531219916421,2719196,0.00000396,419.00000000,0
1531219925273,1531219925270,2719197,0.00000396,1596.00000000,0
1531219926538,1531219926533,2719198,0.00000397,266.00000000,0
1531219930263,1531219930258,2719199,0.00000396,316.00000000,1
1531219938864,1531219938859,2719200,0.00000398,1245.00000000,0
1531219943734,1531219943728,2719201,0.00000396,214.00000000,1
1531219944599,1531219944593,2719202,0.00000396,75.00000000,1
1531219945058,1531219945054,2719203,0.00000396,76.00000000,1
1531219945724,1531219945719,2719204,0.00000396,67.00000000,1
1531219945786,1531219945781,2719205,0.00000396,97.00000000,1
1531219946302,1531219946297,2719206,0.00000396,227.00000000,1
1531219946785,1531219946780,2719207,0.00000396,214.00000000,1
1531219947156,1531219947152,2719208,0.00000396,87.00000000,1
1531219947881,1531219947876,2719209,0.00000396,63.00000000,1
1531219948226,1531219948222,2719210,0.00000396,117.00000000,1
1531219948954,1531219948950,2719211,0.00000396,73.00000000,1
1531219949420,1531219949418,2719212,0.00000396,81.00000000,1
1531219949924,1531219949919,2719213,0.00000396,86.00000000,1
1531219950658,1531219950653,2719214,0.00000396,105.00000000,1
1531219951211,1531219951207,2719215,0.00000396,60.00000000,1
1531219952389,1531219952384,2719216,0.00000396,104.00000000,1
1531219952832,1531219952826,2719217,0.00000396,164.00000000,1
1531219953455,1531219953451,2719218,0.00000396,99.00000000,1
1531219954222,1531219954218,2719219,0.00000396,79.00000000,1
1531220050910,1531220050905,2719220,0.00000397,1678.00000000,0
1531220067539,1531220067535,2719221,0.00000397,2009.00000000,0
1531220233136,1531220233131,2719222,0.00000397,820.00000000,0
1531220276798,1531220276792,2719223,0.00000396,52719.00000000,1
1531220281087,1531220281084,2719224,0.00000396,880.00000000,0
1531220285798,1531220285794,2719225,0.00000396,660.00000000,0
1531220291771,1531220291765,2719226,0.00000396,495.00000000,0
1531220321522,1531220321518,2719227,0.00000396,303.00000000,0
1531220401258,1531220401253,2719228,0.00000396,408.00000000,0
1531220401261,1531220401255,2719229,0.00000396,57.00000000,0
1531220401560,1531220401553,2719230,0.00000396,3450.00000000,0
1531220401560,1531220401553,2719231,0.00000398,4677.00000000,0
1531220413198,1531220413193,2719232,0.00000396,5788.00000000,1
1531220413219,1531220413215,2719233,0.00000396,4811.00000000,0
1531220413223,1531220413218,2719234,0.00000396,4811.00000000,0
1531220413241,1531220413235,2719235,0.00000396,361.00000000,0
1531220416514,1531220416509,2719236,0.00000395,3440.00000000,1
1531220465671,1531220465668,2719237,0.00000396,371.00000000,0
1531220472518,1531220472513,2719238,0.00000396,278.00000000,0
1531220511562,1531220511556,2719239,0.00000396,15934.00000000,0
1531220526497,1531220526495,2719240,0.00000396,4949.00000000,1
1531220620287,1531220620281,2719241,0.00000396,1446.00000000,0
1531220626757,1531220626752,2719242,0.00000396,569.00000000,0
1531220640276,1531220640270,2719243,0.00000397,1000.00000000,0
1531220661780,1531220661775,2719244,0.00000396,1444.00000000,1
1531220666469,1531220666462,2719245,0.00000396,1002.00000000,1
1531220675520,1531220675514,2719246,0.00000396,2425.00000000,0
1531220760220,1531220760214,2719247,0.00000396,293.00000000,0
1531220763469,1531220763464,2719248,0.00000396,126.00000000,0
1531220767842,1531220767837,2719249,0.00000396,1000.00000000,0
1531220809826,1531220809821,2719250,0.00000396,500.00000000,0
1531220828655,1531220828649,2719251,0.00000396,96.00000000,0
1531220828655,1531220828649,2719252,0.00000397,2500.00000000,0
1531220828655,1531220828649,2719253,0.00000398,171.00000000,0
1531220912262,1531220912256,2719254,0.00000398,251.00000000,0
1531220936227,1531220936221,2719255,0.00000398,260.00000000,0
1531220970997,1531220970991,2719256,0.00000395,23905.00000000,1
1531221001959,1531221001954,2719257,0.00000395,2531.00000000,0
1531221159342,1531221159336,2719258,0.00000394,1677.00000000,1
1531221159435,1531221159431,2719259,0.00000394,5615.00000000,1
1531221203207,1531221203199,2719260,0.00000393,2298.00000000,1
1531221203207,1531221203199,2719261,0.00000392,20077.00000000,1
1531221203207,1531221203199,2719262,0.00000391,15242.00000000,1
1531221203207,1531221203199,2719263,0.00000390,53979.00000000,1
1531221203883,1531221203879,2719264,0.00000392,418.00000000,0
1531221203907,1531221203902,2719265,0.00000392,418.00000000,0
1531221204226,1531221204222,2719266,0.00000392,419.00000000,0
1531221204329,1531221204324,2719267,0.00000392,3000.00000000,0
1531221207741,1531221207738,2719268,0.00000392,1275.00000000,0
1531221208467,1531221208430,2719269,0.00000392,319.00000000,0
1531221213081,1531221213077,2719270,0.00000392,956.00000000,0
1531221214888,1531221214883,2719271,0.00000392,1436.00000000,0
1531221217547,1531221217541,2719272,0.00000392,594.00000000,0
1531221217577,1531221217574,2719273,0.00000392,359.00000000,0
1531221221280,1531221221274,2719274,0.00000392,519.00000000,0
1531221221437,1531221221432,2719275,0.00000392,220.00000000,0
1531221221502,1531221221497,2719276,0.00000392,212.00000000,0
1531221221511,1531221221505,2719277,0.00000392,81.00000000,0
1531221221553,1531221221547,2719278,0.00000392,70.00000000,0
1531221221621,1531221221615,2719279,0.00000392,103.00000000,0
1531221221662,1531221221658,2719280,0.00000392,73.00000000,0
1531221221666,1531221221662,2719281,0.00000392,94.00000000,0
1531221221869,1531221221864,2719282,0.00000392,108.00000000,0
1531221221920,1531221221914,2719283,0.00000392,101.00000000,0
1531221221926,1531221221922,2719284,0.00000392,194.00000000,0
1531221222001,1531221221995,2719285,0.00000392,142.00000000,0
1531221222007,1531221222001,2719286,0.00000392,134.00000000,0
1531221222026,1531221222022,2719287,0.00000392,97.00000000,0
1531221222072,1531221222067,2719288,0.00000392,68.00000000,0
1531221222094,1531221222089,2719289,0.00000392,303.00000000,0
1531221222142,1531221222136,2719290,0.00000392,83.00000000,0
1531221222167,1531221222162,2719291,0.00000392,83.00000000,0
1531221222176,1531221222171,2719292,0.00000392,87.00000000,0
1531221222212,1531221222207,2719293,0.00000392,353.00000000,0
1531221222242,1531221222236,2719294,0.00000392,113.00000000,0
1531221222905,1531221222900,2719295,0.00000390,12722.00000000,1
1531221224821,1531221224817,2719296,0.00000392,538.00000000,0
1531221238834,1531221238830,2719297,0.00000392,67.00000000,0
1531221245149,1531221245146,2719298,0.00000392,4.00000000,0
1531221255667,1531221255661,2719299,0.00000392,3216.00000000,0
1531221255667,1531221255661,2719300,0.00000393,653.00000000,0
1531221255667,1531221255661,2719301,0.00000394,356.00000000,0
1531221258653,1531221258647,2719302,0.00000394,102.00000000,0
1531221258759,1531221258755,2719303,0.00000394,66.00000000,0
1531221258759,1531221258755,2719304,0.00000395,52.00000000,0
1531221258877,1531221258872,2719305,0.00000395,119.00000000,0
1531221258916,1531221258912,2719306,0.00000395,54.00000000,0
1531221259014,1531221259010,2719307,0.00000395,55.00000000,0
1531221259169,1531221259165,2719308,0.00000395,77.00000000,0
1531221259226,1531221259221,2719309,0.00000395,72.00000000,0
1531221272080,1531221272076,2719310,0.00000394,71.00000000,0
1531221272131,1531221272126,2719311,0.00000394,59.00000000,0
1531221272197,1531221272193,2719312,0.00000394,371.00000000,0
1531221272469,1531221272463,2719313,0.00000394,180.00000000,0
1531221272713,1531221272709,2719314,0.00000394,84.00000000,0
1531221272741,1531221272738,2719315,0.00000394,83.00000000,0
1531221273008,1531221273003,2719316,0.00000394,103.00000000,0
1531221273053,1531221273048,2719317,0.00000394,79.00000000,0
1531221273092,1531221273086,2719318,0.00000394,184.00000000,0
1531221281460,1531221281454,2719319,0.00000394,82.00000000,0
1531221289194,1531221289191,2719320,0.00000395,1211.00000000,0
1531221300562,1531221300559,2719321,0.00000395,8456.00000000,0
1531221307014,1531221307008,2719322,0.00000392,268.00000000,1
1531221307390,1531221307385,2719323,0.00000391,512.00000000,1
1531221308351,1531221308346,2719324,0.00000392,505.00000000,0
1531221311816,1531221311810,2719325,0.00000393,86.00000000,0
1531221311897,1531221311892,2719326,0.00000393,66.00000000,0
1531221311942,1531221311938,2719327,0.00000393,89.00000000,0
1531221312022,1531221312016,2719328,0.00000393,28.00000000,0
1531221312022,1531221312016,2719329,0.00000394,60.00000000,0
1531221312069,1531221312064,2719330,0.00000394,76.00000000,0
1531221312118,1531221312114,2719331,0.00000394,76.00000000,0
1531221312192,1531221312187,2719332,0.00000394,53.00000000,0
1531221322808,1531221322803,2719333,0.00000394,3.00000000,0
1531221322808,1531221322803,2719334,0.00000395,2763.00000000,0
1531221351932,1531221351927,2719335,0.00000395,2000.00000000,0
1531221451634,1531221451629,2719336,0.00000395,26127.00000000,0
1531221479002,1531221478995,2719337,0.00000396,99.00000000,0
1531221479635,1531221479630,2719338,0.00000395,6566.00000000,1
1531221494538,1531221494533,2719339,0.00000396,472.00000000,0
1531221495707,1531221495703,2719340,0.00000396,1337.00000000,1
1531221498097,1531221498093,2719341,0.00000396,808.00000000,1
1531221542078,1531221542073,2719342,0.00000395,7154.00000000,1
1531221542492,1531221542488,2719343,0.00000396,1054.00000000,0
1531221544956,1531221544951,2719344,0.00000396,631.00000000,0
1531221547812,1531221547807,2719345,0.00000396,4.00000000,0
1531221594045,1531221594041,2719346,0.00000395,6883.00000000,1
1531221661186,1531221661181,2719347,0.00000396,2.00000000,0
1531221741717,1531221741711,2719348,0.00000396,911.00000000,0
1531221758441,1531221758437,2719349,0.00000395,2626.00000000,1
1531221759342,1531221759339,2719350,0.00000395,1554.00000000,1
1531221759369,1531221759364,2719351,0.00000395,1396.00000000,0
1531221762187,1531221762182,2719352,0.00000395,2197.00000000,0
1531221797546,1531221797542,2719353,0.00000394,3.00000000,1
1531221815971,1531221815965,2719354,0.00000397,1370.00000000,0
1531221822390,1531221822386,2719355,0.00000395,266.00000000,1
1531221828930,1531221828926,2719356,0.00000395,2159.00000000,0
1531221901869,1531221901865,2719357,0.00000397,4.00000000,0
1531221994948,1531221994945,2719358,0.00000397,2500.00000000,0
1531221995884,1531221995879,2719359,0.00000396,151.00000000,1
1531222001818,1531222001814,2719360,0.00000396,20351.00000000,1
1531222066186,1531222066181,2719361,0.00000396,3113.00000000,1
1531222366285,1531222366279,2719362,0.00000395,526.00000000,1
1531222366667,1531222366664,2719363,0.00000395,6929.00000000,1
1531222517252,1531222517250,2719364,0.00000396,3217.00000000,0
1531222517916,1531222517910,2719365,0.00000396,295.00000000,1
1531222565903,1531222565896,2719366,0.00000394,18875.00000000,1
1531222565903,1531222565896,2719367,0.00000393,5399.00000000,1
1531222565903,1531222565896,2719368,0.00000392,46695.00000000,1
1531222565903,1531222565896,2719369,0.00000391,1931.00000000,1
1531222570691,1531222570687,2719370,0.00000392,319.00000000,1
1531222571268,1531222571264,2719371,0.00000393,95.00000000,0
1531222571676,1531222571672,2719372,0.00000393,79.00000000,0
1531222571685,1531222571680,2719373,0.00000393,186.00000000,0
1531222571747,1531222571744,2719374,0.00000393,99.00000000,0
1531222571795,1531222571790,2719375,0.00000393,1840.00000000,0
1531222571801,1531222571800,2719376,0.00000394,164.00000000,0
1531222571840,1531222571836,2719377,0.00000394,104.00000000,0
1531222572206,1531222572202,2719378,0.00000395,60.00000000,0
1531222572266,1531222572261,2719379,0.00000395,105.00000000,0
1531222572314,1531222572308,2719380,0.00000395,117.00000000,0
1531222572945,1531222572942,2719381,0.00000395,154.00000000,0
1531222585763,1531222585759,2719382,0.00000393,3022.00000000,1
1531222609035,1531222609032,2719383,0.00000394,1440.00000000,0
1531222659309,1531222659305,2719384,0.00000392,8.00000000,1
1531222669456,1531222669453,2719385,0.00000392,260.00000000,1
1531222672404,1531222672399,2719386,0.00000392,863.00000000,0
1531222676673,1531222676668,2719387,0.00000394,4965.00000000,0
1531222710023,1531222710019,2719388,0.00000392,2676.00000000,1
1531222710024,1531222710019,2719389,0.00000391,5720.00000000,1
1531222710549,1531222710544,2719390,0.00000394,1154.00000000,0
1531222758788,1531222758784,2719391,0.00000393,2544.00000000,0
1531222761474,1531222761470,2719392,0.00000393,507.00000000,0
1531222766750,1531222766746,2719393,0.00000393,78.00000000,0
1531222767026,1531222767023,2719394,0.00000393,303.00000000,0
1531222767112,1531222767109,2719395,0.00000393,76.00000000,0
1531222767139,1531222767138,2719396,0.00000393,96.00000000,0
1531222767204,1531222767200,2719397,0.00000393,81.00000000,0
1531222767280,1531222767278,2719398,0.00000393,73.00000000,0
1531222767332,1531222767326,2719399,0.00000393,117.00000000,0
1531222767380,1531222767375,2719400,0.00000393,63.00000000,0
1531222767437,1531222767433,2719401,0.00000393,214.00000000,0
1531222767759,1531222767756,2719402,0.00000393,227.00000000,0
1531222768092,1531222768089,2719403,0.00000393,97.00000000,0
1531222768208,1531222768204,2719404,0.00000393,67.00000000,0
1531222768239,1531222768234,2719405,0.00000393,76.00000000,0
1531222768372,1531222768368,2719406,0.00000393,214.00000000,0
1531222768417,1531222768413,2719407,0.00000393,146.00000000,0
1531222768458,1531222768455,2719408,0.00000393,75.00000000,0
1531222768801,1531222768796,2719409,0.00000393,27.00000000,0
1531222768801,1531222768796,2719410,0.00000394,67.00000000,0
1531222769037,1531222769033,2719411,0.00000394,98.00000000,0
1531222769096,1531222769090,2719412,0.00000394,247.00000000,0
1531222769176,1531222769175,2719413,0.00000394,66.00000000,0
1531222769229,1531222769226,2719414,0.00000394,266.00000000,0
1531222769510,1531222769507,2719415,0.00000394,72.00000000,0
1531222769570,1531222769567,2719416,0.00000394,368.00000000,0
1531222769995,1531222769991,2719417,0.00000394,67.00000000,0
1531222792212,1531222792209,2719418,0.00000394,5.00000000,0
1531222861066,1531222861062,2719419,0.00000391,1533.00000000,1
1531222861107,1531222861104,2719420,0.00000391,2606.00000000,1
1531222866202,1531222866198,2719421,0.00000391,903.00000000,1
1531222870997,1531222870993,2719422,0.00000392,587.00000000,0
1531222871287,1531222871283,2719423,0.00000391,268.00000000,1
1531222880879,1531222880875,2719424,0.00000392,43.00000000,0
1531222906338,1531222906334,2719425,0.00000391,605.00000000,0
1531222906458,1531222906454,2719426,0.00000391,540.00000000,0
1531222913041,1531222913037,2719427,0.00000391,593.00000000,0
1531222930091,1531222930088,2719428,0.00000390,13.00000000,1
1531222933679,1531222933675,2719429,0.00000390,47348.00000000,1
1531222948141,1531222948137,2719430,0.00000390,734.00000000,1
1531222989216,1531222989213,2719431,0.00000391,1999.00000000,0
1531223002217,1531223002214,2719432,0.00000390,1478.00000000,1
1531223011259,1531223011255,2719433,0.00000391,829.00000000,0
1531223015656,1531223015652,2719434,0.00000390,20464.00000000,1
1531223017106,1531223017103,2719435,0.00000391,1999.00000000,0
1531223023711,1531223023707,2719436,0.00000391,1999.00000000,0
1531223029103,1531223029099,2719437,0.00000391,311.00000000,0
1531223036082,1531223036080,2719438,0.00000390,9909.00000000,1
1531223036095,1531223036092,2719439,0.00000390,1564.00000000,1
1531223041074,1531223041071,2719440,0.00000390,3109.00000000,1
1531223051344,1531223051339,2719441,0.00000390,3110.00000000,1
1531223059372,1531223059367,2719442,0.00000390,3121.00000000,1
1531223060202,1531223060198,2719443,0.00000391,8643.00000000,0
1531223060202,1531223060198,2719444,0.00000392,1357.00000000,0
1531223061362,1531223061359,2719445,0.00000392,79.00000000,0
1531223061465,1531223061462,2719446,0.00000392,151.00000000,0
1531223061684,1531223061680,2719447,0.00000392,703.00000000,0
1531223061739,1531223061736,2719448,0.00000392,68.00000000,0
1531223061897,1531223061894,2719449,0.00000392,120.00000000,0
1531223061957,1531223061954,2719450,0.00000392,1156.00000000,0
1531223061957,1531223061954,2719451,0.00000393,120.00000000,0
1531223061964,1531223061960,2719452,0.00000393,80.00000000,0
1531223062005,1531223062001,2719453,0.00000393,69.00000000,0
1531223062005,1531223062001,2719454,0.00000394,53.00000000,0
1531223062075,1531223062072,2719455,0.00000394,79.00000000,0
1531223062128,1531223062125,2719456,0.00000394,71.00000000,0
1531223062175,1531223062173,2719457,0.00000394,94.00000000,0
1531223062232,1531223062228,2719458,0.00000394,159.00000000,0
1531223062447,1531223062442,2719459,0.00000394,83.00000000,0
1531223062535,1531223062531,2719460,0.00000394,111.00000000,0
1531223062566,1531223062561,2719461,0.00000394,87.00000000,0
1531223074147,1531223074142,2719462,0.00000393,754.00000000,0
1531223106196,1531223106192,2719463,0.00000392,5571.00000000,1
1531223110410,1531223110408,2719464,0.00000391,1271.00000000,1
1531223115022,1531223115018,2719465,0.00000392,1411.00000000,0
1531223122198,1531223122194,2719466,0.00000392,1685.00000000,1
1531223147128,1531223147125,2719467,0.00000391,1015.00000000,1
1531223150120,1531223150117,2719468,0.00000391,1015.00000000,1
1531223155277,1531223155274,2719469,0.00000391,323.00000000,1
1531223156699,1531223156695,2719470,0.00000393,636.00000000,0
1531223162241,1531223162238,2719471,0.00000391,32109.00000000,1
1531223169210,1531223169206,2719472,0.00000390,3133.00000000,1
1531223175919,1531223175916,2719473,0.00000390,2788.00000000,1
1531223184459,1531223184456,2719474,0.00000390,56503.00000000,1
1531223198389,1531223198385,2719475,0.00000390,3627.00000000,1
1531223200269,1531223200265,2719476,0.00000391,3680.00000000,0
1531223238663,1531223238659,2719477,0.00000391,17759.00000000,0
1531223253088,1531223253084,2719478,0.00000391,9076.00000000,0
1531223253809,1531223253804,2719479,0.00000391,1212.00000000,0
1531223288457,1531223288452,2719480,0.00000391,2813.00000000,0
1531223368718,1531223368714,2719481,0.00000391,592.00000000,1
1531223368718,1531223368714,2719482,0.00000390,1555.00000000,1
1531223393290,1531223393287,2719483,0.00000390,2463.00000000,1
1531223421574,1531223421570,2719484,0.00000392,1658.00000000,0
1531223485677,1531223485674,2719485,0.00000392,11200.00000000,0
1531223491482,1531223491476,2719486,0.00000390,1336.00000000,1
1531223496144,1531223496141,2719487,0.00000390,1599.00000000,1
1531223539648,1531223539644,2719488,0.00000391,524.00000000,0
1531223625188,1531223625184,2719489,0.00000390,33.00000000,1
1531223662406,1531223662402,2719490,0.00000390,3611.00000000,1
1531223720205,1531223720201,2719491,0.00000391,3000.00000000,0
1531223722469,1531223722468,2719492,0.00000391,177.00000000,0
1531223780561,1531223780557,2719493,0.00000391,5040.00000000,1
1531223782445,1531223782441,2719494,0.00000391,2035.00000000,0
1531223845535,1531223845530,2719495,0.00000391,4196.00000000,0
1531223906940,1531223906935,2719496,0.00000391,651.00000000,1
1531224104348,1531224104344,2719497,0.00000392,2678.00000000,1
1531224104348,1531224104344,2719498,0.00000390,1674.00000000,1
1531224104396,1531224104393,2719499,0.00000390,2663.00000000,1
1531224108428,1531224108423,2719500,0.00000393,279.00000000,0
1531224117021,1531224117022,2719501,0.00000391,368.00000000,1
1531224117787,1531224117783,2719502,0.00000391,119.00000000,1
1531224118520,1531224118517,2719503,0.00000391,84.00000000,1
1531224119240,1531224119235,2719504,0.00000391,96.00000000,1
1531224119839,1531224119836,2719505,0.00000391,353.00000000,1
1531224120500,1531224120498,2719506,0.00000391,67.00000000,1
1531224121178,1531224121173,2719507,0.00000391,79.00000000,1
1531224121860,1531224121856,2719508,0.00000391,105.00000000,1
1531224122504,1531224122497,2719509,0.00000391,79.00000000,1
1531224123205,1531224123202,2719510,0.00000391,303.00000000,1
1531224124422,1531224124419,2719511,0.00000391,77.00000000,1
1531224125234,1531224125229,2719512,0.00000391,89.00000000,1
1531224126116,1531224126113,2719513,0.00000391,79.00000000,1
1531224126834,1531224126830,2719514,0.00000391,68.00000000,1
1531224127695,1531224127693,2719515,0.00000391,94.00000000,1
1531224129106,1531224129104,2719516,0.00000391,214.00000000,1
1531224129364,1531224129360,2719517,0.00000391,35.00000000,1
1531224129364,1531224129360,2719518,0.00000390,145.00000000,1
1531224129767,1531224129762,2719519,0.00000390,214.00000000,1
1531224130422,1531224130419,2719520,0.00000390,94.00000000,1
1531224131123,1531224131119,2719521,0.00000390,59.00000000,1
1531224131849,1531224131849,2719522,0.00000390,71.00000000,1
1531224132631,1531224132633,2719523,0.00000390,94.00000000,1
1531224133451,1531224133453,2719524,0.00000390,70.00000000,1
1531224134895,1531224134891,2719525,0.00000390,184.00000000,1
1531224135610,1531224135605,2719526,0.00000390,754.00000000,1
1531224136306,1531224136302,2719527,0.00000390,98.00000000,1
1531224136900,1531224136896,2719528,0.00000390,88.00000000,1
1531224137951,1531224137948,2719529,0.00000390,73.00000000,1
1531224138656,1531224138654,2719530,0.00000390,303.00000000,1
1531224139423,1531224139419,2719531,0.00000390,154.00000000,1
1531224140281,1531224140278,2719532,0.00000390,63.00000000,1
1531224140812,1531224140807,2719533,0.00000390,212.00000000,1
1531224141904,1531224141901,2719534,0.00000390,103.00000000,1
1531224142534,1531224142532,2719535,0.00000390,76.00000000,1
1531224143159,1531224143156,2719536,0.00000390,95.00000000,1
1531224143843,1531224143840,2719537,0.00000390,83.00000000,1
1531224144811,1531224144806,2719538,0.00000390,72.00000000,1
1531224145576,1531224145573,2719539,0.00000390,76.00000000,1
1531224146400,1531224146397,2719540,0.00000390,703.00000000,1
1531224160472,1531224160469,2719541,0.00000391,1901.00000000,1
1531224176459,1531224176456,2719542,0.00000391,775.00000000,1
1531224243058,1531224243054,2719543,0.00000392,2305.00000000,0
1531224304523,1531224304519,2719544,0.00000391,243.00000000,1
1531224345552,1531224345547,2719545,0.00000391,14605.00000000,1
1531224348867,1531224348863,2719546,0.00000391,930.00000000,0
1531224350703,1531224350699,2719547,0.00000391,12337.00000000,0
1531224354970,1531224354969,2719548,0.00000393,18.00000000,0
1531224356672,1531224356668,2719549,0.00000393,15684.00000000,0
1531224357644,1531224357646,2719550,0.00000393,1384.00000000,0
1531224359200,1531224359200,2719551,0.00000393,1537.00000000,0
1531224372081,1531224372077,2719552,0.00000393,754.00000000,0
1531224405268,1531224405266,2719553,0.00000391,55.00000000,1
1531224406386,1531224406382,2719554,0.00000391,111.00000000,1
1531224407296,1531224407292,2719555,0.00000391,194.00000000,1
1531224408173,1531224408171,2719556,0.00000391,71.00000000,1
1531224408864,1531224408865,2719557,0.00000391,73.00000000,1
1531224409570,1531224409567,2719558,0.00000391,101.00000000,1
1531224410403,1531224410400,2719559,0.00000391,122.00000000,1
1531224411508,1531224411506,2719560,0.00000391,75.00000000,1
1531224412291,1531224412288,2719561,0.00000391,227.00000000,1
1531224413458,1531224413455,2719562,0.00000391,266.00000000,1
1531224414078,1531224414078,2719563,0.00000391,76.00000000,1
1531224416379,1531224416374,2719564,0.00000391,159.00000000,1
1531224417337,1531224417332,2719565,0.00000391,83.00000000,1
1531224417967,1531224417964,2719566,0.00000391,117.00000000,1
1531224419236,1531224419232,2719567,0.00000391,247.00000000,1
1531224419816,1531224419813,2719568,0.00000391,63.00000000,1
1531224419816,1531224419813,2719569,0.00000390,41.00000000,1
1531224420634,1531224420630,2719570,0.00000390,460.00000000,1
1531224421475,1531224421471,2719571,0.00000390,134.00000000,1
1531224422370,1531224422368,2719572,0.00000390,83.00000000,1
1531224423370,1531224423368,2719573,0.00000390,108.00000000,1
1531224424410,1531224424408,2719574,0.00000390,371.00000000,1
1531224425169,1531224425167,2719575,0.00000390,68.00000000,1
1531224425937,1531224425933,2719576,0.00000390,66.00000000,1
1531224426938,1531224426935,2719577,0.00000390,87.00000000,1
1531224427540,1531224427536,2719578,0.00000390,113.00000000,1
1531224429056,1531224429053,2719579,0.00000390,81.00000000,1
1531224429728,1531224429725,2719580,0.00000390,86.00000000,1
1531224430897,1531224430895,2719581,0.00000390,120.00000000,1
1531224431765,1531224431761,2719582,0.00000390,76.00000000,1
1531224432572,1531224432569,2719583,0.00000390,519.00000000,1
1531224433167,1531224433164,2719584,0.00000390,146.00000000,1
1531224433893,1531224433892,2719585,0.00000390,54.00000000,1
1531224434457,1531224434454,2719586,0.00000390,83.00000000,1
1531224435275,1531224435272,2719587,0.00000390,220.00000000,1
1531224435982,1531224435979,2719588,0.00000390,103.00000000,1
1531224437530,1531224437526,2719589,0.00000390,66.00000000,1
1531224438224,1531224438220,2719590,0.00000390,118.00000000,1
1531224439606,1531224439601,2719591,0.00000390,97.00000000,1
1531224440508,1531224440511,2719592,0.00000390,142.00000000,1
1531224441470,1531224441467,2719593,0.00000390,186.00000000,1
1531224475338,1531224475334,2719594,0.00000393,2858.00000000,0
1531224490175,1531224490172,2719595,0.00000393,1058.00000000,0
1531224505111,1531224505107,2719596,0.00000393,462.00000000,1
1531224543827,1531224543827,2719597,0.00000393,2612.00000000,1
1531224565783,1531224565779,2719598,0.00000393,592.00000000,1
1531224569998,1531224569994,2719599,0.00000394,4892.00000000,0
1531224577244,1531224577239,2719600,0.00000393,203.00000000,1
1531224577637,1531224577636,2719601,0.00000393,136.00000000,1
1531224577954,1531224577950,2719602,0.00000393,135.00000000,1
1531224578493,1531224578491,2719603,0.00000393,174.00000000,1
1531224579286,1531224579286,2719604,0.00000393,157.00000000,1
1531224579738,1531224579735,2719605,0.00000393,300.00000000,1
1531224580163,1531224580159,2719606,0.00000393,159.00000000,1
1531224581144,1531224581141,2719607,0.00000393,163.00000000,1
1531224581487,1531224581484,2719608,0.00000393,121.00000000,1
1531224581978,1531224581976,2719609,0.00000393,233.00000000,1
1531224582390,1531224582387,2719610,0.00000393,326.00000000,1
1531224582823,1531224582824,2719611,0.00000393,160.00000000,1
1531224583274,1531224583271,2719612,0.00000393,198.00000000,1
1531224583752,1531224583749,2719613,0.00000393,194.00000000,1
1531224588272,1531224588269,2719614,0.00000394,2284.00000000,0
1531224600537,1531224600533,2719615,0.00000393,9996.00000000,1
1531224637809,1531224637805,2719616,0.00000394,5.00000000,0
1531224836658,1531224836655,2719617,0.00000394,9.00000000,0
1531224853987,1531224853983,2719618,0.00000394,500.00000000,0
1531224861263,1531224861258,2719619,0.00000394,733.00000000,0
1531224973620,1531224973616,2719620,0.00000395,6.00000000,0
1531224988497,1531224988494,2719621,0.00000395,2531.00000000,0
1531224990546,1531224990543,2719622,0.00000394,38.00000000,1
1531225009982,1531225009978,2719623,0.00000394,489.00000000,1
1531225129964,1531225129961,2719624,0.00000394,4133.00000000,1
1531225147755,1531225147752,2719625,0.00000395,2174.00000000,0
1531225211418,1531225211414,2719626,0.00000395,3764.00000000,0
1531225219302,1531225219299,2719627,0.00000394,80.00000000,1
1531225235761,1531225235759,2719628,0.00000395,17403.00000000,0
1531225241154,1531225241150,2719629,0.00000395,5000.00000000,0
1531225286757,1531225286754,2719630,0.00000395,2804.00000000,0
1531225387467,1531225387462,2719631,0.00000395,563.00000000,0
1531225450192,1531225450192,2719632,0.00000395,11007.00000000,0
1531225452530,1531225452526,2719633,0.00000395,1532.00000000,1
1531225466011,1531225466008,2719634,0.00000396,500.00000000,0
1531225468895,1531225468893,2719635,0.00000396,1782.00000000,0
1531225477924,1531225477923,2719636,0.00000397,1.00000000,0
1531225498784,1531225498783,2719637,0.00000396,2.00000000,1
1531225511301,1531225511297,2719638,0.00000396,319.00000000,1
1531225576444,1531225576441,2719639,0.00000397,1500.00000000,0
1531225794541,1531225794537,2719640,0.00000396,8860.00000000,1
1531225817981,1531225817979,2719641,0.00000396,934.00000000,0
1531225822844,1531225822841,2719642,0.00000396,700.00000000,0
1531225849481,1531225849478,2719643,0.00000396,324.00000000,0
1531225893126,1531225893126,2719644,0.00000395,1505.00000000,1
1531225973455,1531225973451,2719645,0.00000395,1274.00000000,1
1531226006732,1531226006728,2719646,0.00000395,803.00000000,1
1531226016994,1531226016989,2719647,0.00000395,8704.00000000,1
1531226106616,1531226106612,2719648,0.00000395,2020.00000000,0
1531226195243,1531226195239,2719649,0.00000396,340.00000000,0
1531226227423,1531226227417,2719650,0.00000396,4.00000000,0
1531226240295,1531226240290,2719651,0.00000395,330.00000000,1
1531226288717,1531226288714,2719652,0.00000395,1000.00000000,1
1531226411287,1531226411284,2719653,0.00000396,25974.00000000,0
1531226412856,1531226412852,2719654,0.00000395,2715.00000000,1
1531226416468,1531226416464,2719655,0.00000395,10361.00000000,0
1531226527466,1531226527461,2719656,0.00000394,8.00000000,1
1531226527675,1531226527671,2719657,0.00000394,7082.00000000,1
1531226653555,1531226653554,2719658,0.00000394,14.00000000,1
1531226710081,1531226710077,2719659,0.00000394,1.00000000,1
1531226863954,1531226863949,2719660,0.00000394,926.00000000,1
1531226968739,1531226968735,2719661,0.00000394,3342.00000000,1
1531227094906,1531227094904,2719662,0.00000395,487.00000000,0
1531227109220,1531227109216,2719663,0.00000395,5964.00000000,0
1531227109220,1531227109216,2719664,0.00000396,3186.00000000,0
1531227109220,1531227109216,2719665,0.00000397,10850.00000000,0
1531227112368,1531227112365,2719666,0.00000394,1154.00000000,1
1531227112372,1531227112368,2719667,0.00000394,1212.00000000,1
1531227112587,1531227112584,2719668,0.00000394,1236.00000000,1
1531227124748,1531227124744,2719669,0.00000394,2564.00000000,1
1531227183084,1531227183082,2719670,0.00000394,3440.00000000,1
1531227184673,1531227184668,2719671,0.00000393,8550.00000000,1
1531227191135,1531227191131,2719672,0.00000394,2025.00000000,0
1531227195008,1531227195005,2719673,0.00000394,2041.00000000,1
1531227207145,1531227207141,2719674,0.00000394,1090.00000000,0
1531227207149,1531227207145,2719675,0.00000394,19083.00000000,0
1531227247092,1531227247088,2719676,0.00000393,19083.00000000,1
1531227298606,1531227298606,2719677,0.00000393,29238.00000000,1
1531227478579,1531227478575,2719678,0.00000393,26323.00000000,1
1531227490563,1531227490561,2719679,0.00000393,1000.00000000,0
1531227612628,1531227612625,2719680,0.00000393,731.00000000,0
1531227654845,1531227654841,2719681,0.00000393,511.00000000,0
1531227665448,1531227665443,2719682,0.00000393,5279.00000000,0
1531227665498,1531227665492,2719683,0.00000393,29999.00000000,1
1531227665631,1531227665627,2719684,0.00000393,10070.00000000,1
1531227667018,1531227667013,2719685,0.00000393,2560.00000000,1
1531227668963,1531227668959,2719686,0.00000393,2681.00000000,1
1531227670087,1531227670082,2719687,0.00000393,1734.00000000,1
1531227675060,1531227675056,2719688,0.00000393,1734.00000000,1
1531227680042,1531227680039,2719689,0.00000393,1734.00000000,1
1531227680072,1531227680069,2719690,0.00000393,3715.00000000,1
1531227685050,1531227685045,2719691,0.00000393,1735.00000000,1
1531227743459,1531227743455,2719692,0.00000393,1446.00000000,1
1531227779880,1531227779875,2719693,0.00000393,1181.00000000,1
1531227790510,1531227790506,2719694,0.00000394,5025.00000000,0
1531227833307,1531227833302,2719695,0.00000395,1.00000000,0
1531227858062,1531227858059,2719696,0.00000394,37.00000000,1
1531228012421,1531228012418,2719697,0.00000394,2025.00000000,1
1531228039671,1531228039666,2719698,0.00000392,38138.00000000,1
1531228041495,1531228041492,2719699,0.00000394,2.00000000,0
1531228064148,1531228064142,2719700,0.00000391,4.00000000,1
1531228079777,1531228079771,2719701,0.00000392,379.00000000,1
1531228161620,1531228161614,2719702,0.00000394,5000.00000000,0
1531228224376,1531228224371,2719703,0.00000392,2401.00000000,1
1531228224376,1531228224371,2719704,0.00000391,4472.00000000,1
1531228224567,1531228224562,2719705,0.00000393,269.00000000,0
1531228325048,1531228325043,2719706,0.00000394,38.00000000,0
1531228333386,1531228333382,2719707,0.00000394,52.00000000,0
1531228336406,1531228336402,2719708,0.00000394,1.00000000,0
1531228355702,1531228355698,2719709,0.00000394,4500.00000000,0
1531228374042,1531228374039,2719710,0.00000392,596.00000000,1
1531228476500,1531228476495,2719711,0.00000394,5.00000000,0
1531228511011,1531228511007,2719712,0.00000394,1165.00000000,0
1531228514373,1531228514370,2719713,0.00000394,683.00000000,0
1531228514837,1531228514832,2719714,0.00000394,634.00000000,0
1531228514838,1531228514835,2719715,0.00000394,634.00000000,0
1531228526267,1531228526263,2719716,0.00000394,14608.00000000,0
1531228603731,1531228603728,2719717,0.00000394,749.00000000,1
1531228695553,1531228695548,2719718,0.00000395,40.00000000,0
1531228707645,1531228707640,2719719,0.00000395,4272.00000000,0
1531228707663,1531228707658,2719720,0.00000395,269.00000000,1
1531228707695,1531228707689,2719721,0.00000395,452.00000000,1
1531228781206,1531228781202,2719722,0.00000395,1080.00000000,1
1531228904517,1531228904513,2719723,0.00000396,25779.00000000,0
1531228911708,1531228911698,2719724,0.00000396,2.00000000,0
1531229002613,1531229002609,2719725,0.00000396,3439.00000000,0
1531229062298,1531229062294,2719726,0.00000396,275.00000000,0
1531229084181,1531229084177,2719727,0.00000396,200.00000000,0
1531229153494,1531229153489,2719728,0.00000396,3060.00000000,0
1531229168912,1531229168907,2719729,0.00000396,475.00000000,0
1531229194844,1531229194836,2719730,0.00000397,2.00000000,0
1531229240760,1531229240756,2719731,0.00000397,8.00000000,0
1531229251634,1531229251629,2719732,0.00000397,5000.00000000,0
1531229307615,1531229307610,2719733,0.00000396,13321.00000000,1
1531229341649,1531229341644,2719734,0.00000396,2811.00000000,0
1531229341675,1531229341669,2719735,0.00000396,2805.00000000,0
1531229344797,1531229344793,2719736,0.00000395,2805.00000000,1
1531229414108,1531229414103,2719737,0.00000395,477.00000000,1
1531229496535,1531229496531,2719738,0.00000395,325.00000000,1
1531229524548,1531229524545,2719739,0.00000395,1719.00000000,1
1531229648107,1531229648102,2719740,0.00000395,87522.00000000,1
1531229677311,1531229677307,2719741,0.00000395,20.00000000,0
1531229964790,1531229964786,2719742,0.00000394,4238.00000000,1
1531230208102,1531230208097,2719743,0.00000395,1478.00000000,0
1531230270644,1531230270640,2719744,0.00000395,48.00000000,0
1531230317882,1531230317876,2719745,0.00000395,494.00000000,0
1531230317882,1531230317876,2719746,0.00000396,8053.00000000,0
1531230352947,1531230352941,2719747,0.00000396,5093.00000000,0
1531230352947,1531230352941,2719748,0.00000397,16264.00000000,0
1531230352947,1531230352941,2719749,0.00000398,266.00000000,0
1531230352947,1531230352941,2719750,0.00000399,35326.00000000,0
1531230355828,1531230355822,2719751,0.00000398,300.00000000,0
1531230355828,1531230355822,2719752,0.00000399,1197.00000000,0
1531230360580,1531230360575,2719753,0.00000397,106.00000000,1
1531230361095,1531230361092,2719754,0.00000397,161.00000000,1
1531230361847,1531230361842,2719755,0.00000398,627.00000000,0
1531230361847,1531230361842,2719756,0.00000399,1625.00000000,0
1531230378653,1531230378649,2719757,0.00000397,2007.00000000,1
1531230380956,1531230380952,2719758,0.00000396,1258.00000000,1
1531230398612,1531230398607,2719759,0.00000397,3874.00000000,0
1531230398612,1531230398607,2719760,0.00000398,1653.00000000,0
1531230435317,1531230435311,2719761,0.00000396,35.00000000,1
1531230539953,1531230539947,2719762,0.00000398,11196.00000000,0
1531230739475,1531230739470,2719763,0.00000398,8561.00000000,1
1531230769318,1531230769313,2719764,0.00000398,3443.00000000,1
1531230769705,1531230769700,2719765,0.00000397,295.00000000,0
1531230769713,1531230769711,2719766,0.00000397,295.00000000,0
1531230769726,1531230769722,2719767,0.00000397,800.00000000,0
1531230769734,1531230769729,2719768,0.00000397,1564.00000000,0
1531230787809,1531230787805,2719769,0.00000396,295.00000000,1
1531230813450,1531230813445,2719770,0.00000397,660.00000000,0
1531230911131,1531230911126,2719771,0.00000397,1732.00000000,0
1531231030919,1531231030914,2719772,0.00000397,1631.00000000,0
1531231033938,1531231033933,2719773,0.00000397,4.00000000,0
1531231347586,1531231347582,2719774,0.00000397,1003.00000000,0
1531231348005,1531231348002,2719775,0.00000396,643.00000000,1
1531231350983,1531231350980,2719776,0.00000397,100.00000000,0
1531231382769,1531231382765,2719777,0.00000396,3870.00000000,1
1531231382788,1531231382784,2719778,0.00000396,1564.00000000,1
1531231476844,1531231476839,2719779,0.00000395,1720.00000000,1
1531231496624,1531231496620,2719780,0.00000396,22.00000000,0
1531231586008,1531231586004,2719781,0.00000395,1158.00000000,1
1531231589962,1531231589957,2719782,0.00000396,505.00000000,0
1531231697347,1531231697341,2719783,0.00000396,2025.00000000,0
1531231748686,1531231748682,2719784,0.00000397,3165.00000000,0
1531231853033,1531231853029,2719785,0.00000398,10000.00000000,0
1531231932758,1531231932753,2719786,0.00000397,2.00000000,1
1531231941758,1531231941753,2719787,0.00000397,3.00000000,1
1531231954607,1531231954600,2719788,0.00000397,45.00000000,1
1531232004359,1531232004355,2719789,0.00000398,572.00000000,0
1531232016004,1531232016000,2719790,0.00000397,18.00000000,1
1531232127163,1531232127161,2719791,0.00000397,2.00000000,1
1531232206750,1531232206745,2719792,0.00000397,58.00000000,1
1531232233537,1531232233534,2719793,0.00000398,20000.00000000,0
1531232267017,1531232267013,2719794,0.00000398,31375.00000000,0
1531232289925,1531232289922,2719795,0.00000397,1768.00000000,1
1531232289938,1531232289933,2719796,0.00000396,296.00000000,1
1531232289938,1531232289933,2719797,0.00000395,1472.00000000,1
1531232289981,1531232289975,2719798,0.00000395,296.00000000,1
1531232299360,1531232299354,2719799,0.00000396,3736.00000000,0
1531232368758,1531232368754,2719800,0.00000397,2705.00000000,0
1531232511503,1531232511497,2719801,0.00000398,1.00000000,0
1531232538235,1531232538230,2719802,0.00000398,233.00000000,0
1531232570549,1531232570544,2719803,0.00000399,1000.00000000,0
1531232608980,1531232608975,2719804,0.00000398,1.00000000,1
1531232618550,1531232618545,2719805,0.00000398,1030.00000000,1
1531232654424,1531232654413,2719806,0.00000399,2506.00000000,0
1531232688535,1531232688531,2719807,0.00000399,5012.00000000,0
1531232730389,1531232730386,2719808,0.00000398,861.00000000,1
1531232770943,1531232770938,2719809,0.00000398,4407.00000000,0
1531232784690,1531232784686,2719810,0.00000398,8794.00000000,0
1531232888469,1531232888466,2719811,0.00000398,1972.00000000,0
1531232920492,1531232920487,2719812,0.00000398,3.00000000,0
1531232920492,1531232920487,2719813,0.00000399,3021.00000000,0
1531233320209,1531233320204,2719814,0.00000399,26956.00000000,0
1531233389199,1531233389194,2719815,0.00000398,47.00000000,1
1531233397130,1531233397127,2719816,0.00000399,2506.00000000,0
1531233476708,1531233476703,2719817,0.00000399,7675.00000000,0
1531233487503,1531233487500,2719818,0.00000398,598.00000000,1
1531233569140,1531233569136,2719819,0.00000398,14017.00000000,1
1531233636777,1531233636776,2719820,0.00000397,33.00000000,1
1531233725084,1531233725080,2719821,0.00000397,43.00000000,1
1531233790972,1531233790968,2719822,0.00000397,214.00000000,1
1531233871950,1531233871945,2719823,0.00000398,2259.00000000,0
1531233871950,1531233871945,2719824,0.00000399,3291.00000000,0
1531234015454,1531234015451,2719825,0.00000397,2260.00000000,1
1531234015514,1531234015510,2719826,0.00000397,775.00000000,0
1531234015522,1531234015519,2719827,0.00000397,775.00000000,0
1531234015522,1531234015519,2719828,0.00000397,775.00000000,0
1531234015539,1531234015535,2719829,0.00000397,775.00000000,0
1531234031815,1531234031811,2719830,0.00000396,775.00000000,1
1531234032132,1531234032128,2719831,0.00000396,775.00000000,1
1531234048519,1531234048519,2719832,0.00000396,5420.00000000,1
1531234059429,1531234059424,2719833,0.00000396,62.00000000,1
1531234059429,1531234059424,2719834,0.00000395,2918.00000000,1
1531234089656,1531234089653,2719835,0.00000395,5400.00000000,1
1531234139388,1531234139385,2719836,0.00000397,200.00000000,0
1531234173265,1531234173261,2719837,0.00000396,2203.00000000,1
1531234173265,1531234173261,2719838,0.00000395,1797.00000000,1
1531234239887,1531234239884,2719839,0.00000397,16.00000000,0
1531234873827,1531234873824,2719840,0.00000395,10271.00000000,1
1531234873827,1531234873824,2719841,0.00000394,7642.00000000,1
1531234877370,1531234877368,2719842,0.00000394,148.00000000,0
1531234981602,1531234981600,2719843,0.00000396,526.00000000,0
1531235105927,1531235105924,2719844,0.00000397,674.00000000,0
1531235143117,1531235143116,2719845,0.00000396,50.00000000,1
1531235343055,1531235343053,2719846,0.00000396,968.00000000,1
1531235408780,1531235408778,2719847,0.00000397,5.00000000,0
1531235513610,1531235513610,2719848,0.00000397,9.00000000,0
1531235529447,1531235529446,2719849,0.00000397,5.00000000,0
1531235569421,1531235569418,2719850,0.00000397,1453.00000000,0
1531235569421,1531235569418,2719851,0.00000398,4673.00000000,0
1531235569421,1531235569418,2719852,0.00000399,265.00000000,0
1531235569421,1531235569418,2719853,0.00000400,15735.00000000,0
1531235607472,1531235607472,2719854,0.00000399,379.00000000,0
1531235609426,1531235609427,2719855,0.00000399,758.00000000,0
1531235652044,1531235652045,2719856,0.00000399,675.00000000,0
1531235688913,1531235688912,2719857,0.00000399,2506.00000000,0
1531235765774,1531235765773,2719858,0.00000399,3927.00000000,0
1531235853661,1531235853662,2719859,0.00000399,7632.00000000,0
1531235921873,1531235921873,2719860,0.00000398,12.00000000,1
1531236011238,1531236011238,2719861,0.00000398,279.00000000,1
1531236045516,1531236045516,2719862,0.00000399,3.00000000,0
1531236209936,1531236209935,2719863,0.00000398,1293.00000000,1
1531236330499,1531236330499,2719864,0.00000399,1007.00000000,0
1531236333355,1531236333356,2719865,0.00000400,1.00000000,0
1531236377856,1531236377854,2719866,0.00000400,5000.00000000,0
1531236408496,1531236408494,2719867,0.00000399,220.00000000,1
1531236435032,1531236435033,2719868,0.00000400,2240.00000000,0
1531236439183,1531236439181,2719869,0.00000400,10.00000000,0
1531236859047,1531236859047,2719870,0.00000399,10780.00000000,1
1531236902334,1531236902334,2719871,0.00000399,19.00000000,0
1531236959947,1531236959946,2719872,0.00000399,7519.00000000,0
1531237024405,1531237024405,2719873,0.00000398,4787.00000000,1
1531237127571,1531237127572,2719874,0.00000398,380.00000000,1
1531237205960,1531237205960,2719875,0.00000398,906.00000000,1
1531237300211,1531237300211,2719876,0.00000399,838.00000000,0
1531237302873,1531237302872,2719877,0.00000399,26348.00000000,1
1531237333900,1531237333900,2719878,0.00000399,6.00000000,1
1531237357622,1531237357623,2719879,0.00000400,8594.00000000,0
1531237395111,1531237395110,2719880,0.00000400,302.00000000,1
1531237404024,1531237404024,2719881,0.00000401,28106.00000000,0
1531237411454,1531237411454,2719882,0.00000401,2241.00000000,0
1531237459907,1531237459907,2719883,0.00000401,8938.00000000,0
1531237471355,1531237471356,2719884,0.00000401,876.00000000,0
1531237502136,1531237502135,2719885,0.00000401,1884.00000000,0
1531237710191,1531237710191,2719886,0.00000401,252.00000000,0
1531237861508,1531237861506,2719887,0.00000401,44911.00000000,0
1531237866535,1531237866532,2719888,0.00000402,10009.00000000,0
1531237866535,1531237866532,2719889,0.00000403,29884.00000000,0
1531237871432,1531237871433,2719890,0.00000401,105.00000000,1
1531237879489,1531237879490,2719891,0.00000402,250.00000000,1
1531237885957,1531237885956,2719892,0.00000403,184.00000000,1
1531237885996,1531237885995,2719893,0.00000403,140.00000000,1
1531237886077,1531237886076,2719894,0.00000403,573.00000000,1
1531237886232,1531237886230,2719895,0.00000403,116.00000000,1
1531237886273,1531237886273,2719896,0.00000403,96.00000000,1
1531237886300,1531237886299,2719897,0.00000403,101.00000000,1
1531237886310,1531237886310,2719898,0.00000403,65.00000000,1
1531237886331,1531237886329,2719899,0.00000403,217.00000000,1
1531237886344,1531237886340,2719900,0.00000403,82.00000000,1
1531237886398,1531237886396,2719901,0.00000403,53.00000000,1
1531237886451,1531237886448,2719902,0.00000403,144.00000000,1
1531237886484,1531237886484,2719903,0.00000403,513.00000000,1
1531237886510,1531237886509,2719904,0.00000403,75.00000000,1
1531237886663,1531237886663,2719905,0.00000403,118.00000000,1
1531237886799,1531237886798,2719906,0.00000403,4.00000000,1
1531237886799,1531237886798,2719907,0.00000402,76.00000000,1
1531237886822,1531237886822,2719908,0.00000402,111.00000000,1
1531237886864,1531237886863,2719909,0.00000402,86.00000000,1
1531237886889,1531237886888,2719910,0.00000402,65.00000000,1
1531237886927,1531237886928,2719911,0.00000402,67.00000000,1
1531237886951,1531237886949,2719912,0.00000402,85.00000000,1
1531237886966,1531237886965,2719913,0.00000402,367.00000000,1
1531237887010,1531237887011,2719914,0.00000402,106.00000000,1
1531237887228,1531237887228,2719915,0.00000402,132.00000000,1
1531237887308,1531237887308,2719916,0.00000402,455.00000000,1
1531237887352,1531237887352,2719917,0.00000402,102.00000000,1
1531237887374,1531237887376,2719918,0.00000402,82.00000000,1
1531237887431,1531237887430,2719919,0.00000402,75.00000000,1
1531237887532,1531237887530,2719920,0.00000402,695.00000000,1
1531237888709,1531237888708,2719921,0.00000402,1000.00000000,1
1531237889076,1531237889075,2719922,0.00000402,1245.00000000,1
1531237890943,1531237890943,2719923,0.00000402,104.00000000,1
1531237891524,1531237891524,2719924,0.00000404,749.00000000,0
1531237897820,1531237897819,2719925,0.00000404,1165.00000000,0
1531237897993,1531237897995,2719926,0.00000402,2284.00000000,1
1531237905991,1531237905991,2719927,0.00000402,1875.00000000,1
1531237909026,1531237909024,2719928,0.00000401,262.00000000,1
1531237912833,1531237912832,2719929,0.00000401,2862.00000000,1
1531237930481,1531237930481,2719930,0.00000400,275.00000000,1
1531237956051,1531237956051,2719931,0.00000401,982.00000000,0
1531237962030,1531237962030,2719932,0.00000402,2138.00000000,0
1531237962030,1531237962030,2719933,0.00000403,1950.00000000,0
1531237962628,1531237962629,2719934,0.00000404,1.00000000,0
1531237962966,1531237962964,2719935,0.00000403,1047.00000000,1
1531237965335,1531237965334,2719936,0.00000403,1099.00000000,1
1531237966516,1531237966517,2719937,0.00000403,71.00000000,1
1531237966554,1531237966554,2719938,0.00000403,82.00000000,1
1531237966571,1531237966570,2719939,0.00000403,94.00000000,1
1531237966647,1531237966644,2719940,0.00000403,101.00000000,1
1531237966704,1531237966703,2719941,0.00000403,209.00000000,1
1531237966765,1531237966765,2719942,0.00000403,75.00000000,1
1531237966832,1531237966831,2719943,0.00000403,152.00000000,1
1531237966860,1531237966859,2719944,0.00000403,246.00000000,1
1531237966860,1531237966859,2719945,0.00000402,53.00000000,1
1531237966883,1531237966881,2719946,0.00000402,72.00000000,1
1531237966912,1531237966912,2719947,0.00000402,62.00000000,1
1531237967116,1531237967117,2719948,0.00000402,87.00000000,1
1531237967192,1531237967191,2719949,0.00000402,97.00000000,1
1531237967207,1531237967206,2719950,0.00000402,746.00000000,1
1531237967406,1531237967407,2719951,0.00000402,182.00000000,1
1531237967442,1531237967438,2719952,0.00000402,69.00000000,1
1531237967552,1531237967550,2719953,0.00000402,93.00000000,1
1531237970817,1531237970817,2719954,0.00000403,1.00000000,0
1531237972522,1531237972523,2719955,0.00000403,1.00000000,0
1531237972792,1531237972792,2719956,0.00000401,598.00000000,1
1531237974326,1531237974326,2719957,0.00000403,11.00000000,0
1531237975755,1531237975755,2719958,0.00000403,1.00000000,0
1531237977118,1531237977119,2719959,0.00000403,1.00000000,0
1531237978540,1531237978538,2719960,0.00000403,1.00000000,0
1531237979878,1531237979877,2719961,0.00000403,1.00000000,0
1531237981177,1531237981177,2719962,0.00000403,1.00000000,0
1531237982436,1531237982436,2719963,0.00000403,1.00000000,0
1531237983038,1531237983037,2719964,0.00000401,1282.00000000,1
1531237983038,1531237983037,2719965,0.00000400,1262.00000000,1
1531237983772,1531237983770,2719966,0.00000403,11.00000000,0
1531237985073,1531237985073,2719967,0.00000403,1.00000000,0
1531237986292,1531237986292,2719968,0.00000403,1.00000000,0
1531237987341,1531237987340,2719969,0.00000403,1.00000000,0
1531237988611,1531237988611,2719970,0.00000403,1.00000000,0
1531237988784,1531237988782,2719971,0.00000403,1.00000000,0
1531237988970,1531237988969,2719972,0.00000403,1.00000000,0
1531237989639,1531237989639,2719973,0.00000403,1.00000000,0
1531237989826,1531237989826,2719974,0.00000403,1.00000000,0
1531237990009,1531237990007,2719975,0.00000403,1.00000000,0
1531237990488,1531237990489,2719976,0.00000403,1.00000000,0
1531237991201,1531237991201,2719977,0.00000403,1.00000000,0
1531237991328,1531237991328,2719978,0.00000403,1.00000000,0
1531237991476,1531237991475,2719979,0.00000403,1.00000000,0
1531237991677,1531237991653,2719980,0.00000403,1.00000000,0
1531237991806,1531237991806,2719981,0.00000403,1.00000000,0
1531237991964,1531237991962,2719982,0.00000403,1.00000000,0
1531237992128,1531237992128,2719983,0.00000403,11.00000000,0
1531237992307,1531237992307,2719984,0.00000403,1.00000000,0
1531237992669,1531237992666,2719985,0.00000403,1.00000000,0
1531237992779,1531237992777,2719986,0.00000403,11.00000000,0
1531237993603,1531237993601,2719987,0.00000403,1.00000000,0
1531237994240,1531237994237,2719988,0.00000403,11.00000000,0
1531237994392,1531237994392,2719989,0.00000403,111.00000000,0
1531237994491,1531237994491,2719990,0.00000403,111.00000000,0
1531237994770,1531237994770,2719991,0.00000403,1.00000000,0
1531237994885,1531237994885,2719992,0.00000403,11.00000000,0
1531237994902,1531237994901,2719993,0.00000403,1.00000000,0
1531237995012,1531237995012,2719994,0.00000403,111.00000000,0
1531237995124,1531237995123,2719995,0.00000403,111.00000000,0
1531237995575,1531237995573,2719996,0.00000403,11.00000000,0
1531237995700,1531237995697,2719997,0.00000403,1.00000000,0
1531237995834,1531237995832,2719998,0.00000403,11.00000000,0
1531237997089,1531237997086,2719999,0.00000403,1.00000000,0
1531237997400,1531237997400,2720000,0.00000403,1.00000000,0
1531237997414,1531237997412,2720001,0.00000403,1.00000000,0
1531237997722,1531237997722,2720002,0.00000403,1.00000000,0
1531237997867,1531237997864,2720003,0.00000403,1.00000000,0
1531237998688,1531237998687,2720004,0.00000403,1.00000000,0
1531237998876,1531237998876,2720005,0.00000403,1.00000000,0
1531237999086,1531237999086,2720006,0.00000403,1.00000000,0
1531237999568,1531237999569,2720007,0.00000403,1.00000000,0
1531238000366,1531238000366,2720008,0.00000403,1.00000000,0
1531238000525,1531238000524,2720009,0.00000403,1.00000000,0
1531238000663,1531238000661,2720010,0.00000403,1.00000000,0
1531238000822,1531238000822,2720011,0.00000403,1.00000000,0
1531238001397,1531238001395,2720012,0.00000403,1.00000000,0
1531238002003,1531238002002,2720013,0.00000403,1.00000000,0
1531238005123,1531238005122,2720014,0.00000403,1.00000000,0
1531238005126,1531238005126,2720015,0.00000403,1.00000000,0
1531238005167,1531238005167,2720016,0.00000403,1.00000000,0
1531238005263,1531238005261,2720017,0.00000403,1.00000000,0
1531238005300,1531238005298,2720018,0.00000403,1.00000000,0
