event_time,trade_time,trade_id,price,quantity,maker
1531211417823,1531211417820,1571984,0.00015050,12.04000000,1
1531211537011,1531211537007,1571985,0.00015070,0.02000000,0
1531211575200,1531211575195,1571986,0.00015070,1.14000000,0
1531212095719,1531212095716,1571987,0.00015000,1.14000000,1
1531212099919,1531212099915,1571988,0.00015070,0.18000000,0
1531212198954,1531212198950,1571989,0.00015000,100.00000000,1
1531212400227,1531212400222,1571990,0.00015070,0.02000000,0
1531212452447,1531212452444,1571991,0.00015070,1.00000000,0
1531213335057,1531213335054,1571992,0.00015060,0.57000000,0
1531213338056,1531213338052,1571993,0.00015060,0.01000000,0
1531213341088,1531213341083,1571994,0.00015060,33.20000000,0
1531213360252,1531213360248,1571995,0.00015000,15.68000000,1
1531213542567,1531213542562,1571996,0.00015000,0.20000000,1
1531213601297,1531213601291,1571997,0.00015000,372.83000000,1
1531213601977,1531213601972,1571998,0.00014980,89.96000000,1
1531213602976,1531213602970,1571999,0.00014970,17.92000000,1
1531213616667,1531213616661,1572000,0.00014960,83.41000000,1
1531213616667,1531213616661,1572001,0.00014950,8.15000000,1
1531213616667,1531213616661,1572002,0.00014940,284.86000000,1
1531213626085,1531213626082,1572003,0.00014930,6.14000000,1
1531213626723,1531213626719,1572004,0.00014930,4.19000000,1
1531213627391,1531213627386,1572005,0.00014930,1.49000000,1
1531213627927,1531213627923,1572006,0.00014930,1.59000000,1
1531213628479,1531213628474,1572007,0.00014930,2.26000000,1
1531213628743,1531213628738,1572008,0.00014930,15.31000000,1
1531213628743,1531213628738,1572009,0.00014920,26.58000000,1
1531213629166,1531213629161,1572010,0.00014920,3.80000000,1
1531213629659,1531213629654,1572011,0.00014920,4.79000000,1
1531213630133,1531213630129,1572012,0.00014920,2.35000000,1
1531213630461,1531213630458,1572013,0.00014920,1.68000000,1
1531213630987,1531213630981,1572014,0.00014920,8.35000000,1
1531213631150,1531213631144,1572015,0.00014920,2.17000000,1
1531213631431,1531213631425,1572016,0.00014960,0.24000000,0
1531213631612,1531213631607,1572017,0.00014920,4.71000000,1
1531213632029,1531213632023,1572018,0.00014920,3.89000000,1
1531213632505,1531213632500,1572019,0.00014920,1.69000000,1
1531213632898,1531213632893,1572020,0.00014920,4.70000000,1
1531213633269,1531213633264,1572021,0.00014920,4.14000000,1
1531213633667,1531213633662,1572022,0.00014920,1.90000000,1
1531213634134,1531213634129,1572023,0.00014920,2.43000000,1
1531213635209,1531213635204,1572024,0.00014920,1.39000000,1
1531213635608,1531213635603,1572025,0.00014920,1.51000000,1
1531213635699,1531213635694,1572026,0.00014920,6.83000000,1
1531213635981,1531213635975,1572027,0.00014920,2.27000000,1
1531213636429,1531213636426,1572028,0.00014920,2.19000000,1
1531213636800,1531213636796,1572029,0.00014920,3.61000000,1
1531213637239,1531213637235,1572030,0.00014920,2.16000000,1
1531213637621,1531213637616,1572031,0.00014920,3.00000000,1
1531213637621,1531213637616,1572032,0.00014910,2.22000000,1
1531213637621,1531213637616,1572033,0.00014910,5.75000000,1
1531213638084,1531213638079,1572034,0.00014900,2.14000000,1
1531213638617,1531213638611,1572035,0.00014900,5.85000000,1
1531213638617,1531213638611,1572036,0.00014890,0.93000000,1
1531213638929,1531213638926,1572037,0.00014890,2.14000000,1
1531213639982,1531213639978,1572038,0.00014890,2.09000000,1
1531213640569,1531213640564,1572039,0.00014890,4.99000000,1
1531213641102,1531213641095,1572040,0.00014910,6.97000000,0
1531213641203,1531213641199,1572041,0.00014890,1.55000000,1
1531213641769,1531213641765,1572042,0.00014890,2.27000000,1
1531213642205,1531213642199,1572043,0.00014890,1.99000000,1
1531213642563,1531213642558,1572044,0.00014900,6.73000000,0
1531213642585,1531213642580,1572045,0.00014890,1.88000000,1
1531213643182,1531213643177,1572046,0.00014890,2.29000000,1
1531213643804,1531213643800,1572047,0.00014890,1.49000000,1
1531213643804,1531213643800,1572048,0.00014880,0.26000000,1
1531213644357,1531213644352,1572049,0.00014880,3.60000000,1
1531213644925,1531213644920,1572050,0.00014880,1.66000000,1
1531213645453,1531213645450,1572051,0.00014880,2.74000000,1
1531213645453,1531213645450,1572052,0.00014870,6.23000000,1
1531213647886,1531213647882,1572053,0.00014910,84.82000000,0
1531213654121,1531213654116,1572054,0.00014880,7.72000000,0
1531213661384,1531213661379,1572055,0.00014870,0.01000000,1
1531213664268,1531213664262,1572056,0.00014910,2.95000000,0
1531213667276,1531213667271,1572057,0.00014910,0.01000000,0
1531213668732,1531213668727,1572058,0.00014870,1.92000000,1
1531213668801,1531213668795,1572059,0.00014870,4.88000000,0
1531213677663,1531213677657,1572060,0.00014910,29.27000000,0
1531213677852,1531213677848,1572061,0.00014910,136.83000000,0
1531213678991,1531213678986,1572062,0.00014910,133.18000000,0
1531213682908,1531213682904,1572063,0.00014900,15.26000000,1
1531213682908,1531213682904,1572064,0.00014870,31.67000000,1
1531213686944,1531213686939,1572065,0.00014870,4.38000000,1
1531213686944,1531213686939,1572066,0.00014860,18.36000000,1
1531213686944,1531213686939,1572067,0.00014850,15.03000000,1
1531213686944,1531213686939,1572068,0.00014840,8.34000000,1
1531213686944,1531213686939,1572069,0.00014830,19.12000000,1
1531213703519,1531213703514,1572070,0.00014880,7.63000000,0
1531213703762,1531213703759,1572071,0.00014890,7.63000000,0
1531213708607,1531213708602,1572072,0.00014870,13.61000000,1
1531213709774,1531213709768,1572073,0.00014870,6.81000000,1
1531214024375,1531214024370,1572074,0.00014930,51.49000000,0
1531214114893,1531214114889,1572075,0.00014930,3.39000000,0
1531214119569,1531214119564,1572076,0.00014950,16.49000000,0
1531214142847,1531214142842,1572077,0.00014950,13.52000000,1
1531214150925,1531214150918,1572078,0.00014960,8.34000000,0
1531214150925,1531214150918,1572079,0.00014970,8.29000000,0
1531214150925,1531214150918,1572080,0.00014980,8.27000000,0
1531214150925,1531214150918,1572081,0.00014990,14.84000000,0
1531214150925,1531214150918,1572082,0.00015000,8.26000000,0
1531214150925,1531214150918,1572083,0.00015010,14.92000000,0
1531214150925,1531214150918,1572084,0.00015020,15.32000000,0
1531214150925,1531214150918,1572085,0.00015030,7.97000000,0
1531214150925,1531214150918,1572086,0.00015040,1.20000000,0
1531214684089,1531214684085,1572087,0.00015030,0.01000000,0
1531214725333,1531214725323,1572088,0.00014960,41.37000000,1
1531214725333,1531214725323,1572089,0.00014950,103.76000000,1
1531214725333,1531214725323,1572090,0.00014910,8.01000000,1
1531214725333,1531214725323,1572091,0.00014900,8.03000000,1
1531214725333,1531214725323,1572092,0.00014890,8.22000000,1
1531214725333,1531214725323,1572093,0.00014880,15.03000000,1
1531214725333,1531214725323,1572094,0.00014870,8.20000000,1
1531214725333,1531214725323,1572095,0.00014860,8.31000000,1
1531214725333,1531214725323,1572096,0.00014850,28.53000000,1
1531214725333,1531214725323,1572097,0.00014840,23.22000000,1
1531214725333,1531214725323,1572098,0.00014830,8.50000000,1
1531214725333,1531214725323,1572099,0.00014820,29.28000000,1
1531214725333,1531214725323,1572100,0.00014810,26.59000000,1
1531214725333,1531214725323,1572101,0.00014800,1074.17000000,1
1531214725333,1531214725323,1572102,0.00014790,321.99000000,1
1531214725333,1531214725323,1572103,0.00014780,21.88000000,1
1531214725333,1531214725323,1572104,0.00014770,177.44000000,1
1531214725333,1531214725323,1572105,0.00014760,138.77000000,1
1531214725333,1531214725323,1572106,0.00014750,17.09000000,1
1531214725333,1531214725323,1572107,0.00014740,15.27000000,1
1531214725333,1531214725323,1572108,0.00014730,219.28000000,1
1531214725333,1531214725323,1572109,0.00014720,617.06000000,1
1531214725348,1531214725344,1572110,0.00014790,50.00000000,0
1531214727485,1531214727481,1572111,0.00014810,0.53000000,1
1531214772898,1531214772892,1572112,0.00014810,26.35000000,1
1531214780325,1531214780321,1572113,0.00014810,13.64000000,1
1531214780568,1531214780563,1572114,0.00014810,6.82000000,1
1531214780588,1531214780584,1572115,0.00014810,7.30000000,1
1531214800096,1531214800092,1572116,0.00014810,6.82000000,1
1531214803913,1531214803908,1572117,0.00014810,236.35000000,1
1531214844795,1531214844790,1572118,0.00014810,377.40000000,1
1531214912379,1531214912375,1572119,0.00014710,7.98000000,1
1531214912379,1531214912375,1572120,0.00014700,184.99000000,1
1531214912392,1531214912388,1572121,0.00014700,160.05000000,0
1531214912399,1531214912396,1572122,0.00014700,160.05000000,0
1531214912457,1531214912452,1572123,0.00014690,8.18000000,1
1531214912457,1531214912452,1572124,0.00014680,8.09000000,1
1531214912457,1531214912452,1572125,0.00014670,62.26000000,1
1531214912457,1531214912452,1572126,0.00014660,56.31000000,1
1531214912872,1531214912869,1572127,0.00014700,45.32000000,0
1531214921098,1531214921094,1572128,0.00014680,41.37000000,0
1531214922646,1531214922640,1572129,0.00014770,8.97000000,0
1531214922821,1531214922817,1572130,0.00014770,2.43000000,0
1531214922892,1531214922888,1572131,0.00014770,1.66000000,0
1531214922904,1531214922899,1572132,0.00014770,1.69000000,0
1531214922970,1531214922965,1572133,0.00014770,3.60000000,0
1531214923098,1531214923093,1572134,0.00014770,1.75000000,0
1531214923179,1531214923175,1572135,0.00014770,2.29000000,0
1531214923229,1531214923226,1572136,0.00014770,1.88000000,0
1531214923422,1531214923417,1572137,0.00014770,1.99000000,0
1531214923566,1531214923563,1572138,0.00014770,1.55000000,0
1531214923635,1531214923630,1572139,0.00014770,4.99000000,0
1531214923643,1531214923639,1572140,0.00014770,2.27000000,0
1531214923783,1531214923780,1572141,0.00014770,2.14000000,0
1531214923827,1531214923824,1572142,0.00014770,6.78000000,0
1531214923965,1531214923960,1572143,0.00014770,5.22000000,0
1531214924014,1531214924009,1572144,0.00014770,2.16000000,0
1531214924052,1531214924048,1572145,0.00014770,2.14000000,0
1531214924091,1531214924088,1572146,0.00014770,3.61000000,0
1531214924133,1531214924129,1572147,0.00014770,2.19000000,0
1531214924227,1531214924224,1572148,0.00014770,2.27000000,0
1531214924434,1531214924430,1572149,0.00014770,1.51000000,0
1531214924486,1531214924480,1572150,0.00014770,1.39000000,0
1531214924586,1531214924583,1572151,0.00014770,6.83000000,0
1531214924629,1531214924624,1572152,0.00014770,1.90000000,0
1531214924684,1531214924680,1572153,0.00014770,4.14000000,0
1531214924700,1531214924695,1572154,0.00014770,0.74000000,0
1531214924700,1531214924695,1572155,0.00014780,1.35000000,0
1531214924746,1531214924742,1572156,0.00014780,4.70000000,0
1531214924842,1531214924837,1572157,0.00014780,3.89000000,0
1531214924896,1531214924891,1572158,0.00014780,4.71000000,0
1531214924897,1531214924892,1572159,0.00014670,20.76000000,1
1531214924897,1531214924892,1572160,0.00014660,40.58000000,1
1531214924962,1531214924958,1572161,0.00014780,2.17000000,0
1531214925025,1531214925021,1572162,0.00014780,8.35000000,0
1531214925203,1531214925199,1572163,0.00014780,1.68000000,0
1531214925250,1531214925246,1572164,0.00014780,2.35000000,0
1531214928214,1531214928210,1572165,0.00014770,4.79000000,0
1531214928262,1531214928257,1572166,0.00014770,3.80000000,0
1531214928318,1531214928313,1572167,0.00014770,12.17000000,0
1531214928318,1531214928313,1572168,0.00014780,19.39000000,0
1531214928318,1531214928313,1572169,0.00014790,8.13000000,0
1531214928318,1531214928313,1572170,0.00014800,2.20000000,0
1531214928418,1531214928414,1572171,0.00014800,2.26000000,0
1531214928577,1531214928573,1572172,0.00014800,1.59000000,0
1531214928624,1531214928621,1572173,0.00014800,1.49000000,0
1531214928732,1531214928727,1572174,0.00014800,0.55000000,0
1531214928732,1531214928727,1572175,0.00014810,5.59000000,0
1531214928814,1531214928811,1572176,0.00014810,4.19000000,0
1531214932595,1531214932590,1572177,0.00014700,42.11000000,1
1531214932595,1531214932590,1572178,0.00014690,17.73000000,1
1531214934057,1531214934052,1572179,0.00014690,9.24000000,1
1531214934057,1531214934052,1572180,0.00014680,25.16000000,1
1531214934057,1531214934052,1572181,0.00014670,8.17000000,1
1531214934057,1531214934052,1572182,0.00014660,17.85000000,1
1531214934680,1531214934677,1572183,0.00014780,0.97000000,0
1531214934778,1531214934772,1572184,0.00014660,59.84000000,1
1531214953092,1531214953089,1572185,0.00014710,13.49000000,0
1531214956182,1531214956177,1572186,0.00014720,13.48000000,0
1531214958424,1531214958421,1572187,0.00014730,13.59000000,0
1531214959235,1531214959231,1572188,0.00014750,17.44000000,0
1531214961332,1531214961329,1572189,0.00014700,6.88000000,1
1531214961654,1531214961650,1572190,0.00014700,13.76000000,1
1531214973100,1531214973095,1572191,0.00014740,17.47000000,0
1531215031675,1531215031671,1572192,0.00014780,0.30000000,0
1531215158994,1531215158991,1572193,0.00014740,41.14000000,1
1531215199369,1531215199365,1572194,0.00014740,6.33000000,1
1531215231290,1531215231286,1572195,0.00014740,4.55000000,0
1531215234502,1531215234495,1572196,0.00014740,0.01000000,0
1531215240572,1531215240567,1572197,0.00014680,13.77000000,1
1531215392664,1531215392660,1572198,0.00014780,3.83000000,0
1531215395685,1531215395682,1572199,0.00014780,0.01000000,0
1531215476255,1531215476252,1572200,0.00014710,13.77000000,0
1531215580717,1531215580712,1572201,0.00014740,0.38000000,0
1531215605899,1531215605890,1572202,0.00014700,10.00000000,1
1531215605899,1531215605890,1572203,0.00014680,128.10000000,1
1531215605899,1531215605890,1572204,0.00014670,7.00000000,1
1531215605899,1531215605890,1572205,0.00014660,405.30000000,1
1531215605899,1531215605890,1572206,0.00014650,8.03000000,1
1531215605899,1531215605890,1572207,0.00014640,8.11000000,1
1531215605899,1531215605890,1572208,0.00014630,38.83000000,1
1531215605899,1531215605890,1572209,0.00014620,8.04000000,1
1531215605899,1531215605890,1572210,0.00014610,122.83000000,1
1531215605899,1531215605890,1572211,0.00014600,110.65000000,1
1531215605899,1531215605890,1572212,0.00014590,112.95000000,1
1531215605899,1531215605890,1572213,0.00014590,34.62000000,1
1531215605899,1531215605890,1572214,0.00014580,5.88000000,1
1531215605912,1531215605908,1572215,0.00014630,74.02000000,0
1531215613389,1531215613385,1572216,0.00014660,4.55000000,0
1531215629711,1531215629707,1572217,0.00014630,10.50000000,1
1531215629711,1531215629707,1572218,0.00014600,55.72000000,1
1531215643674,1531215643670,1572219,0.00014600,0.01000000,1
1531215666755,1531215666752,1572220,0.00014610,25.13000000,0
1531215673975,1531215673971,1572221,0.00014600,61.61000000,1
1531215687839,1531215687835,1572222,0.00014640,75.34000000,0
1531215689252,1531215689248,1572223,0.00014600,6.92000000,1
1531215727098,1531215727093,1572224,0.00014660,41.71000000,0
1531215727593,1531215727589,1572225,0.00014660,26.73000000,0
1531215791315,1531215791310,1572226,0.00014650,14.00000000,0
1531215838142,1531215838138,1572227,0.00014620,41.91000000,0
1531215839863,1531215839859,1572228,0.00014630,16.77000000,0
1531215840302,1531215840298,1572229,0.00014640,64.90000000,0
1531216006096,1531216006091,1572230,0.00014640,22.19000000,1
1531216006644,1531216006641,1572231,0.00014650,11.02000000,1
1531216072941,1531216072937,1572232,0.00014600,6.92000000,1
1531216162309,1531216162304,1572233,0.00014660,0.54000000,0
1531216172995,1531216172991,1572234,0.00014600,61.31000000,1
1531216175062,1531216175059,1572235,0.00014650,250.00000000,0
1531216195311,1531216195308,1572236,0.00014650,50.00000000,1
1531216210412,1531216210409,1572237,0.00014600,0.20000000,1
1531216344260,1531216344257,1572238,0.00014650,122.42000000,0
1531216880437,1531216880432,1572239,0.00014600,61.27000000,1
1531216957945,1531216957940,1572240,0.00014600,13.84000000,1
1531216981294,1531216981289,1572241,0.00014600,61.29000000,1
1531216999900,1531216999895,1572242,0.00014600,26.03000000,0
1531216999900,1531216999895,1572243,0.00014610,14.59000000,0
1531217000463,1531217000458,1572244,0.00014650,31.67000000,0
1531217000507,1531217000503,1572245,0.00014650,54.79000000,0
1531217002172,1531217002168,1572246,0.00014650,2.40000000,0
1531217005187,1531217005183,1572247,0.00014650,0.01000000,0
1531217026128,1531217026121,1572248,0.00014650,13.00000000,0
1531217327456,1531217327453,1572249,0.00014650,5.68000000,0
1531217330488,1531217330483,1572250,0.00014650,0.02000000,0
1531217394803,1531217394799,1572251,0.00014650,1.67000000,0
1531217542375,1531217542368,1572252,0.00014650,985.83000000,0
1531217542375,1531217542368,1572253,0.00014660,91.02000000,0
1531217542375,1531217542368,1572254,0.00014680,32.03000000,0
1531217542375,1531217542368,1572255,0.00014700,675.73000000,0
1531217542375,1531217542368,1572256,0.00014710,40.97000000,0
1531217542388,1531217542385,1572257,0.00014710,481.70000000,1
1531217547875,1531217547870,1572258,0.00014630,6.14000000,1
1531217548340,1531217548335,1572259,0.00014630,4.19000000,1
1531217548731,1531217548726,1572260,0.00014630,1.49000000,1
1531217549191,1531217549187,1572261,0.00014630,1.59000000,1
1531217549660,1531217549656,1572262,0.00014600,2.26000000,1
1531217549938,1531217549933,1572263,0.00014620,41.89000000,1
1531217550426,1531217550423,1572264,0.00014620,3.80000000,1
1531217551022,1531217551018,1572265,0.00014600,4.79000000,1
1531217551818,1531217551814,1572266,0.00014620,2.35000000,1
1531217552647,1531217552641,1572267,0.00014630,1.68000000,1
1531217553324,1531217553320,1572268,0.00014630,8.35000000,1
1531217553666,1531217553662,1572269,0.00014630,2.17000000,1
1531217554422,1531217554418,1572270,0.00014630,4.71000000,1
1531217554901,1531217554897,1572271,0.00014630,3.89000000,1
1531217555408,1531217555404,1572272,0.00014630,1.69000000,1
1531217555970,1531217555965,1572273,0.00014630,4.70000000,1
1531217556553,1531217556549,1572274,0.00014630,4.14000000,1
1531217557088,1531217557084,1572275,0.00014600,1.90000000,1
1531217557602,1531217557598,1572276,0.00014600,2.43000000,1
1531217558198,1531217558193,1572277,0.00014620,6.83000000,1
1531217558714,1531217558710,1572278,0.00014620,1.51000000,1
1531217559152,1531217559149,1572279,0.00014620,2.27000000,1
1531217559569,1531217559564,1572280,0.00014620,2.19000000,1
1531217560096,1531217560091,1572281,0.00014620,0.02000000,1
1531217560186,1531217560182,1572282,0.00014620,3.61000000,1
1531217560218,1531217560213,1572283,0.00014620,2.27000000,1
1531217560307,1531217560303,1572284,0.00014610,2.19000000,1
1531217560350,1531217560346,1572285,0.00014610,0.02000000,1
1531217560650,1531217560602,1572286,0.00014610,2.16000000,1
1531217561184,1531217561179,1572287,0.00014610,5.22000000,1
1531217561904,1531217561898,1572288,0.00014610,2.14000000,1
1531217562445,1531217562439,1572289,0.00014610,6.78000000,1
1531217563112,1531217563108,1572290,0.00014620,2.14000000,1
1531217563455,1531217563451,1572291,0.00014620,2.09000000,1
1531217563851,1531217563846,1572292,0.00014620,4.99000000,1
1531217564425,1531217564421,1572293,0.00014620,1.55000000,1
1531217565132,1531217565128,1572294,0.00014620,2.27000000,1
1531217565224,1531217565221,1572295,0.00014620,15.34000000,1
1531217565622,1531217565618,1572296,0.00014620,1.99000000,1
1531217566298,1531217566293,1572297,0.00014620,1.88000000,1
1531217566902,1531217566898,1572298,0.00014620,2.29000000,1
1531217567688,1531217567685,1572299,0.00014610,1.75000000,1
1531217568362,1531217568357,1572300,0.00014610,3.60000000,1
1531217569131,1531217569127,1572301,0.00014610,1.66000000,1
1531217569428,1531217569424,1572302,0.00014610,8.97000000,1
1531217586165,1531217586162,1572303,0.00014610,18.51000000,1
1531217689325,1531217689320,1572304,0.00014620,149.58000000,1
1531217720839,1531217720834,1572305,0.00014640,34.54000000,0
1531217720839,1531217720834,1572306,0.00014700,33.81000000,0
1531218008664,1531218008658,1572307,0.00014600,11.38000000,1
1531218014062,1531218014057,1572308,0.00014600,5.74000000,1
1531218014108,1531218014102,1572309,0.00014600,20.63000000,0
1531218166996,1531218166991,1572310,0.00014650,14.00000000,1
1531218167507,1531218167503,1572311,0.00014650,25.79000000,1
1531218318555,1531218318550,1572312,0.00014650,15.11000000,1
1531218319497,1531218319493,1572313,0.00014680,0.21000000,0
1531218427647,1531218427642,1572314,0.00014600,0.64000000,1
1531218428845,1531218428839,1572315,0.00014590,0.64000000,1
1531218444959,1531218444955,1572316,0.00014660,1.16000000,0
1531218691194,1531218691188,1572317,0.00014650,0.41000000,0
1531218812856,1531218812851,1572318,0.00014590,0.19000000,1
1531219018347,1531219018343,1572319,0.00014590,0.17000000,1
1531219025361,1531219025357,1572320,0.00014650,0.14000000,0
1531219121687,1531219121682,1572321,0.00014650,32.58000000,0
1531219121687,1531219121682,1572322,0.00014660,62.93000000,0
1531219122515,1531219122510,1572323,0.00014650,500.00000000,1
1531219202655,1531219202649,1572324,0.00014660,1612.06000000,0
1531219221606,1531219221602,1572325,0.00014670,0.54000000,0
1531219224638,1531219224632,1572326,0.00014670,0.01000000,0
1531219514931,1531219514929,1572327,0.00014660,8.08000000,0
1531219515218,1531219515213,1572328,0.00014660,260.55000000,0
1531219515250,1531219515245,1572329,0.00014660,39.45000000,1
1531219749979,1531219749975,1572330,0.00014670,0.67000000,0
1531219818548,1531219818542,1572331,0.00014670,7.63000000,0
1531219914109,1531219914104,1572332,0.00014670,4.56000000,0
1531219914109,1531219914104,1572333,0.00014690,17.12000000,0
1531219914109,1531219914104,1572334,0.00014700,1852.20000000,0
1531219914123,1531219914118,1572335,0.00014700,606.12000000,1
1531219930783,1531219930778,1572336,0.00014700,18.68000000,0
1531219934366,1531219934360,1572337,0.00014700,17.00000000,0
1531219934381,1531219934376,1572338,0.00014700,17.00000000,0
1531219934406,1531219934401,1572339,0.00014700,17.00000000,0
1531220009308,1531220009303,1572340,0.00014700,114.83000000,0
1531220167497,1531220167492,1572341,0.00014690,134.88000000,0
1531220251135,1531220251131,1572342,0.00014690,76.54000000,0
1531220324323,1531220324317,1572343,0.00014610,41.74000000,1
1531220324323,1531220324317,1572344,0.00014600,74.47000000,1
1531220324323,1531220324317,1572345,0.00014590,369.59000000,1
1531220324323,1531220324317,1572346,0.00014580,17.27000000,1
1531220324345,1531220324341,1572347,0.00014580,131.76000000,0
1531220324364,1531220324359,1572348,0.00014580,131.52000000,0
1531220324374,1531220324369,1572349,0.00014580,103.73000000,0
1531220324562,1531220324557,1572350,0.00014580,64.80000000,0
1531220376886,1531220376882,1572351,0.00014580,6.93000000,1
1531220555489,1531220555484,1572352,0.00014580,46.07000000,1
1531220555504,1531220555500,1572353,0.00014580,8.84000000,0
1531220555512,1531220555507,1572354,0.00014580,8.86000000,0
1531220583364,1531220583358,1572355,0.00014570,17.98000000,1
1531220651559,1531220651554,1572356,0.00014580,0.67000000,0
1531220700145,1531220700142,1572357,0.00014580,2.80000000,0
1531220751106,1531220751100,1572358,0.00014650,4.08000000,0
1531220784277,1531220784271,1572359,0.00014650,0.58000000,0
1531221058587,1531221058582,1572360,0.00014570,10.00000000,1
1531221067668,1531221067663,1572361,0.00014650,1.10000000,0
1531221439502,1531221439497,1572362,0.00014640,10.02000000,0
1531221708842,1531221708838,1572363,0.00014580,44.46000000,1
1531221708842,1531221708838,1572364,0.00014570,31.54000000,1
1531221708842,1531221708838,1572365,0.00014560,43.21000000,1
1531221708842,1531221708838,1572366,0.00014550,73.76000000,1
1531221708848,1531221708843,1572367,0.00014550,44.03000000,1
1531221750417,1531221750415,1572368,0.00014550,6.95000000,1
1531221772266,1531221772262,1572369,0.00014550,13.89000000,1
1531221777716,1531221777712,1572370,0.00014550,32.00000000,1
1531221883522,1531221883518,1572371,0.00014570,0.15000000,0
1531222002079,1531222002073,1572372,0.00014570,9.68000000,0
1531222005078,1531222005074,1572373,0.00014570,0.02000000,0
1531222102827,1531222102823,1572374,0.00014570,0.51000000,0
1531222200081,1531222200077,1572375,0.00014550,11.58000000,1
1531222200084,1531222200079,1572376,0.00014550,2.02000000,1
1531222216459,1531222216455,1572377,0.00014570,73.81000000,0
1531222234672,1531222234668,1572378,0.00014630,0.02000000,0
1531222446154,1531222446149,1572379,0.00014630,1.28000000,0
1531222659717,1531222659712,1572380,0.00014630,0.65000000,0
1531222727218,1531222727215,1572381,0.00014560,41.21000000,1
1531222742913,1531222742908,1572382,0.00014550,163.31000000,1
1531222744426,1531222744422,1572383,0.00014550,45.32000000,1
1531222751788,1531222751784,1572384,0.00014550,115.17000000,1
1531222782183,1531222782180,1572385,0.00014540,7.93000000,1
1531222782183,1531222782180,1572386,0.00014530,42.07000000,1
1531222782530,1531222782526,1572387,0.00014530,40.33000000,1
1531222782530,1531222782526,1572388,0.00014520,123.11000000,1
1531222783886,1531222783882,1572389,0.00014520,446.39000000,1
1531222786711,1531222786707,1572390,0.00014510,7.80000000,1
1531222787811,1531222787807,1572391,0.00014500,57.76000000,1
1531222789827,1531222789822,1572392,0.00014480,186.87000000,1
1531222791075,1531222791072,1572393,0.00014470,6.93000000,1
1531222791894,1531222791889,1572394,0.00014450,6.93000000,1
1531222801381,1531222801377,1572395,0.00014500,20.35000000,0
1531222803055,1531222803051,1572396,0.00014500,22.16000000,0
1531222803055,1531222803051,1572397,0.00014510,20.35000000,0
1531222807125,1531222807121,1572398,0.00014510,15.74000000,0
1531222815316,1531222815313,1572399,0.00014510,0.20000000,0
1531222819435,1531222819431,1572400,0.00014440,9.30000000,1
1531222819508,1531222819503,1572401,0.00014420,9.30000000,1
1531222832141,1531222832136,1572402,0.00014420,4.59000000,1
1531222842692,1531222842687,1572403,0.00014410,7.01000000,1
1531222843321,1531222843316,1572404,0.00014410,0.01000000,1
1531222843958,1531222843957,1572405,0.00014410,6.72000000,1
1531222882627,1531222882624,1572406,0.00014400,14.03000000,1
1531222882802,1531222882799,1572407,0.00014400,7.51000000,1
1531222883237,1531222883233,1572408,0.00014400,7.02000000,1
1531222884355,1531222884352,1572409,0.00014400,471.44000000,1
1531222891219,1531222891214,1572410,0.00014370,6.96000000,1
1531222891219,1531222891214,1572411,0.00014340,9.07000000,1
1531222891219,1531222891214,1572412,0.00014330,11.00000000,1
1531222891219,1531222891214,1572413,0.00014300,286.73000000,1
1531222891219,1531222891214,1572414,0.00014270,568.22000000,1
1531222891219,1531222891214,1572415,0.00014260,1598.02000000,1
1531222899250,1531222899246,1572416,0.00014400,0.24000000,0
1531222902145,1531222902141,1572417,0.00014270,0.24000000,1
1531222902821,1531222902817,1572418,0.00014270,14.16000000,1
1531222920844,1531222920840,1572419,0.00014280,0.01000000,1
1531222923754,1531222923749,1572420,0.00014300,14.13000000,1
1531222943466,1531222943463,1572421,0.00014300,7.07000000,1
1531222963133,1531222963128,1572422,0.00014310,7.07000000,1
1531222963927,1531222963923,1572423,0.00014350,14.00000000,0
1531222980526,1531222980523,1572424,0.00014340,7.07000000,0
1531222981088,1531222981085,1572425,0.00014340,18.92000000,0
1531222989910,1531222989907,1572426,0.00014340,9.40000000,0
1531223018141,1531223018136,1572427,0.00014340,58.60000000,1
1531223018141,1531223018136,1572428,0.00014260,0.81000000,1
1531223018837,1531223018834,1572429,0.00014260,60.56000000,1
1531223019076,1531223019072,1572430,0.00014350,20.00000000,0
1531223019258,1531223019255,1572431,0.00014260,66.22000000,1
1531223019638,1531223019634,1572432,0.00014350,4.35000000,0
1531223021417,1531223021383,1572433,0.00014380,8.35000000,0
1531223021417,1531223021383,1572434,0.00014420,0.62000000,0
1531223021767,1531223021763,1572435,0.00014410,1.66000000,0
1531223024752,1531223024747,1572436,0.00014410,39.55000000,0
1531223024752,1531223024747,1572437,0.00014420,9.23000000,0
1531223027411,1531223027406,1572438,0.00014420,44.23000000,0
1531223027411,1531223027406,1572439,0.00014430,4.55000000,0
1531223029770,1531223029765,1572440,0.00014430,3.60000000,0
1531223029892,1531223029888,1572441,0.00014430,2.29000000,0
1531223029984,1531223029981,1572442,0.00014430,1.75000000,0
1531223030054,1531223030050,1572443,0.00014430,2.27000000,0
1531223030098,1531223030095,1572444,0.00014430,1.88000000,0
1531223030132,1531223030128,1572445,0.00014430,1.55000000,0
1531223030150,1531223030145,1572446,0.00014430,1.99000000,0
1531223030166,1531223030163,1572447,0.00014430,4.99000000,0
1531223030297,1531223030293,1572448,0.00014430,2.09000000,0
1531223030568,1531223030564,1572449,0.00014410,2.14000000,0
1531223030627,1531223030623,1572450,0.00014410,6.78000000,0
1531223030805,1531223030801,1572451,0.00014410,2.16000000,0
1531223030829,1531223030824,1572452,0.00014410,0.31000000,0
1531223030829,1531223030824,1572453,0.00014430,1.83000000,0
1531223030913,1531223030909,1572454,0.00014430,5.22000000,0
1531223031023,1531223031022,1572455,0.00014430,3.61000000,0
1531223036716,1531223036712,1572456,0.00014430,2.19000000,0
1531223036818,1531223036815,1572457,0.00014430,2.27000000,0
1531223036869,1531223036864,1572458,0.00014430,0.54000000,0
1531223036869,1531223036864,1572459,0.00014450,0.97000000,0
1531223037014,1531223037010,1572460,0.00014450,2.43000000,0
1531223037082,1531223037078,1572461,0.00014450,1.90000000,0
1531223037149,1531223037144,1572462,0.00014450,1.69000000,0
1531223044705,1531223044700,1572463,0.00014350,45.65000000,1
1531223044705,1531223044700,1572464,0.00014280,15.42000000,1
1531223044705,1531223044700,1572465,0.00014250,4.07000000,1
1531223045513,1531223045510,1572466,0.00014250,66.18000000,1
1531223047892,1531223047887,1572467,0.00014450,6.83000000,0
1531223048004,1531223048000,1572468,0.00014450,4.14000000,0
1531223048061,1531223048058,1572469,0.00014450,4.70000000,0
1531223048315,1531223048311,1572470,0.00014450,3.89000000,0
1531223048409,1531223048408,1572471,0.00014450,4.71000000,0
1531223048532,1531223048528,1572472,0.00014450,8.35000000,0
1531223048616,1531223048613,1572473,0.00014450,1.68000000,0
1531223048681,1531223048679,1572474,0.00014450,2.35000000,0
1531223048823,1531223048820,1572475,0.00014450,4.79000000,0
1531223049076,1531223049071,1572476,0.00014450,3.80000000,0
1531223049124,1531223049119,1572477,0.00014450,41.89000000,0
1531223049206,1531223049203,1572478,0.00014450,2.26000000,0
1531223049298,1531223049294,1572479,0.00014450,1.49000000,0
1531223049362,1531223049357,1572480,0.00014450,4.19000000,0
1531223049410,1531223049406,1572481,0.00014450,1.59000000,0
1531223049420,1531223049415,1572482,0.00014450,6.14000000,0
1531223049635,1531223049631,1572483,0.00014450,2.17000000,0
1531223084954,1531223084951,1572484,0.00014360,7.04000000,1
1531223105259,1531223105254,1572485,0.00014300,25.50000000,1
1531223112821,1531223112821,1572486,0.00014440,15.37000000,0
1531223112864,1531223112859,1572487,0.00014510,56.01000000,0
1531223112921,1531223112917,1572488,0.00014510,0.41000000,0
1531223113235,1531223113230,1572489,0.00014510,55.59000000,1
1531223115911,1531223115907,1572490,0.00014440,15.07000000,1
1531223121591,1531223121587,1572491,0.00014440,8.90000000,0
1531223135875,1531223135871,1572492,0.00014380,38.77000000,1
1531223146957,1531223146952,1572493,0.00014380,27.43000000,1
1531223146957,1531223146952,1572494,0.00014350,16.60000000,1
1531223206176,1531223206173,1572495,0.00014350,14.08000000,1
1531223371946,1531223371944,1572496,0.00014360,107.21000000,1
1531223390109,1531223390105,1572497,0.00014420,0.77000000,0
1531223546108,1531223546104,1572498,0.00014360,642.50000000,1
1531223546108,1531223546104,1572499,0.00014350,1000.00000000,1
1531223546108,1531223546104,1572500,0.00014340,265.97000000,1
1531223590814,1531223590810,1572501,0.00014360,7.04000000,1
1531223682588,1531223682584,1572502,0.00014360,87.13000000,1
1531224072332,1531224072328,1572503,0.00014360,554.32000000,1
1531224154114,1531224154112,1572504,0.00014410,1.10000000,0
1531224294833,1531224294827,1572505,0.00014360,561.83000000,1
1531224294833,1531224294827,1572506,0.00014260,14.06000000,1
1531224294833,1531224294827,1572507,0.00014250,163.43000000,1
1531224294833,1531224294827,1572508,0.00014200,652.47000000,1
1531224294833,1531224294827,1572509,0.00014200,21.00000000,1
1531224301632,1531224301628,1572510,0.00014240,14.00000000,1
1531224308792,1531224308791,1572511,0.00014240,59.72000000,1
1531224326175,1531224326172,1572512,0.00014250,40.58000000,1
1531224331930,1531224331930,1572513,0.00014270,134.74000000,1
1531224334162,1531224334159,1572514,0.00014260,31.52000000,1
1531224334162,1531224334159,1572515,0.00014240,23.21000000,1
1531224357534,1531224357531,1572516,0.00014260,14.17000000,1
1531224358707,1531224358705,1572517,0.00014260,7.09000000,1
1531224358981,1531224358980,1572518,0.00014340,28.67000000,0
1531224359108,1531224359103,1572519,0.00014260,7.09000000,1
1531224438132,1531224438127,1572520,0.00014330,1.23000000,0
1531224441131,1531224441129,1572521,0.00014300,0.01000000,0
1531224445867,1531224445864,1572522,0.00014280,29.90000000,0
1531224516209,1531224516206,1572523,0.00014290,300.00000000,1
1531224516209,1531224516206,1572524,0.00014280,128.44000000,1
1531224517020,1531224517017,1572525,0.00014280,196.56000000,0
1531224557342,1531224557341,1572526,0.00014330,8.79000000,0
1531224560358,1531224560355,1572527,0.00014330,0.03000000,0
1531224617508,1531224617504,1572528,0.00014310,31.84000000,0
1531224738974,1531224738971,1572529,0.00014320,7.00000000,0
1531224739915,1531224739912,1572530,0.00014320,0.71000000,0
1531224742916,1531224742913,1572531,0.00014320,0.01000000,0
1531225412382,1531225412379,1572532,0.00014340,48.81000000,0
1531225412478,1531225412473,1572533,0.00014340,131.55000000,0
1531225543974,1531225543970,1572534,0.00014350,121.11000000,0
1531225549997,1531225549994,1572535,0.00014350,0.22000000,0
1531225550382,1531225550377,1572536,0.00014350,60.38000000,0
1531225659000,1531225658996,1572537,0.00014360,477.74000000,0
1531225659999,1531225659997,1572538,0.00014380,6.96000000,0
1531225665585,1531225665582,1572539,0.00014340,8.30000000,1
1531225667222,1531225667219,1572540,0.00014340,12.17000000,1
1531225669097,1531225669091,1572541,0.00014340,2.96000000,1
1531225670471,1531225670468,1572542,0.00014340,3.16000000,1
1531225672249,1531225672246,1572543,0.00014340,4.48000000,1
1531225672845,1531225672842,1572544,0.00014340,20.20000000,1
1531225672845,1531225672842,1572545,0.00014330,21.69000000,1
1531225673858,1531225673854,1572546,0.00014330,7.55000000,1
1531225675622,1531225675620,1572547,0.00014330,9.51000000,1
1531225676880,1531225676876,1572548,0.00014340,4.66000000,1
1531225678224,1531225678221,1572549,0.00014340,3.34000000,1
1531225679499,1531225679494,1572550,0.00014340,0.88000000,1
1531225679499,1531225679494,1572551,0.00014330,15.68000000,1
1531225680105,1531225680100,1572552,0.00014330,4.30000000,1
1531225680617,1531225680613,1572553,0.00014330,9.36000000,1
1531225681265,1531225681258,1572554,0.00014330,7.72000000,1
1531225681729,1531225681726,1572555,0.00014330,3.36000000,1
1531225682112,1531225682108,1572556,0.00014330,9.34000000,1
1531225682572,1531225682572,1572557,0.00014330,8.21000000,1
1531225683076,1531225683073,1572558,0.00014330,3.78000000,1
1531225683677,1531225683679,1572559,0.00014330,4.82000000,1
1531225684370,1531225684366,1572560,0.00014350,6.97000000,1
1531225684370,1531225684366,1572561,0.00014330,6.58000000,1
1531225684804,1531225684800,1572562,0.00014330,3.00000000,1
1531225685435,1531225685432,1572563,0.00014330,4.50000000,1
1531225686080,1531225686077,1572564,0.00014330,4.36000000,1
1531225686691,1531225686686,1572565,0.00014330,7.17000000,1
1531225687229,1531225687225,1572566,0.00014330,10.36000000,1
1531225687618,1531225687613,1572567,0.00014330,4.29000000,1
1531225687943,1531225687940,1572568,0.00014330,4.26000000,1
1531225688395,1531225688390,1572569,0.00014330,13.45000000,1
1531225688795,1531225688791,1572570,0.00014330,4.25000000,1
1531225689205,1531225689207,1572571,0.00014330,4.15000000,1
1531225689651,1531225689647,1572572,0.00014330,9.90000000,1
1531225690195,1531225690192,1572573,0.00014330,3.09000000,1
1531225690596,1531225690592,1572574,0.00014330,4.51000000,1
1531225690954,1531225690949,1572575,0.00014330,3.96000000,1
1531225691347,1531225691343,1572576,0.00014330,3.74000000,1
1531225691849,1531225691848,1572577,0.00014330,4.54000000,1
1531225692206,1531225692203,1572578,0.00014330,3.49000000,1
1531225692582,1531225692579,1572579,0.00014330,7.15000000,1
1531225692980,1531225692976,1572580,0.00014330,3.31000000,1
1531225693367,1531225693363,1572581,0.00014330,17.80000000,1
1531225718892,1531225718888,1572582,0.00014400,0.90000000,0
1531225721890,1531225721886,1572583,0.00014400,0.01000000,0
1531225734007,1531225734004,1572584,0.00014360,7.97000000,0
1531225740028,1531225740024,1572585,0.00014350,41.26000000,0
1531225826039,1531225826036,1572586,0.00014350,32.63000000,0
1531225902899,1531225902894,1572587,0.00014330,29.86000000,1
1531225925351,1531225925348,1572588,0.00014410,0.38000000,0
1531226027284,1531226027280,1572589,0.00014340,13.67000000,1
1531226099843,1531226099841,1572590,0.00014410,4.41000000,0
1531226103131,1531226103128,1572591,0.00014410,0.01000000,0
1531226113473,1531226113469,1572592,0.00014340,674.63000000,1
1531226113485,1531226113482,1572593,0.00014340,240.40000000,1
1531226574177,1531226574173,1572594,0.00014410,0.53000000,0
1531226999046,1531226999042,1572595,0.00014410,33.00000000,0
1531227002462,1531227002456,1572596,0.00014410,0.09000000,0
1531227023376,1531227023373,1572597,0.00014410,15.63000000,0
1531227157749,1531227157743,1572598,0.00014340,9.98000000,1
1531227796202,1531227796198,1572599,0.00014400,1.05000000,0
1531227917458,1531227917454,1572600,0.00014400,8.93000000,0
1531227918374,1531227918369,1572601,0.00014400,13.97000000,1
1531227949767,1531227949761,1572602,0.00014330,246.10000000,1
1531227949767,1531227949761,1572603,0.00014310,354.85000000,1
1531227949767,1531227949761,1572604,0.00014290,899.70000000,1
1531227953005,1531227953001,1572605,0.00014310,2.04000000,1
1531228030231,1531228030227,1572606,0.00014320,0.05000000,1
1531228090717,1531228090712,1572607,0.00014410,21.09000000,0
1531228093752,1531228093747,1572608,0.00014410,17.34000000,0
1531228093758,1531228093755,1572609,0.00014410,17.34000000,0
1531228093762,1531228093758,1572610,0.00014410,17.34000000,0
1531228143915,1531228143911,1572611,0.00014410,65.55000000,0
1531228167930,1531228167926,1572612,0.00014410,19.05000000,0
1531228167940,1531228167937,1572613,0.00014410,45.32000000,0
1531228206033,1531228206029,1572614,0.00014340,229.02000000,1
1531228206033,1531228206029,1572615,0.00014320,114.25000000,1
1531228206033,1531228206029,1572616,0.00014290,268.43000000,1
1531228437361,1531228437359,1572617,0.00014410,300.00000000,0
1531228454511,1531228454506,1572618,0.00014410,242.82000000,0
1531228454511,1531228454506,1572619,0.00014420,109.19000000,0
1531228503995,1531228503990,1572620,0.00014420,18.97000000,0
1531228504026,1531228504021,1572621,0.00014420,18.96000000,0
1531228504027,1531228504023,1572622,0.00014420,18.96000000,0
1531228518321,1531228518317,1572623,0.00014410,1.94000000,1
1531228540636,1531228540634,1572624,0.00014430,5.41000000,0
1531228542409,1531228542403,1572625,0.00014430,25.87000000,0
1531228567615,1531228567611,1572626,0.00014410,6.94000000,1
1531228567636,1531228567629,1572627,0.00014410,8.44000000,0
1531228568075,1531228568072,1572628,0.00014410,8.47000000,0
1531228568784,1531228568779,1572629,0.00014410,24.96000000,0
1531228601702,1531228601698,1572630,0.00014460,6.98000000,0
1531228788076,1531228788071,1572631,0.00014460,1.32000000,0
1531228791099,1531228791095,1572632,0.00014470,52.72000000,0
1531228794116,1531228794112,1572633,0.00014480,86.69000000,0
1531228797473,1531228797468,1572634,0.00014480,0.22000000,0
1531229173735,1531229173729,1572635,0.00014480,0.03000000,0
1531229202733,1531229202726,1572636,0.00014430,141.36000000,1
1531229202733,1531229202726,1572637,0.00014400,505.00000000,1
1531229202733,1531229202726,1572638,0.00014390,10.00000000,1
1531229202733,1531229202726,1572639,0.00014330,6.98000000,1
1531229202733,1531229202726,1572640,0.00014320,48.33000000,1
1531229202733,1531229202726,1572641,0.00014300,23.76000000,1
1531229202733,1531229202726,1572642,0.00014290,777.23000000,1
1531229202733,1531229202726,1572643,0.00014280,200.00000000,1
1531229202733,1531229202726,1572644,0.00014260,479.76000000,1
1531229202733,1531229202726,1572645,0.00014240,47.90000000,1
1531229202733,1531229202726,1572646,0.00014220,33.00000000,1
1531229202733,1531229202726,1572647,0.00014210,523.43000000,1
1531229203819,1531229203815,1572648,0.00014400,26.77000000,0
1531229203863,1531229203859,1572649,0.00014400,8.23000000,0
1531229205564,1531229205560,1572650,0.00014400,50.00000000,1
1531229205845,1531229205840,1572651,0.00014440,501.62000000,0
1531229213322,1531229213318,1572652,0.00014450,41.82000000,0
1531229221470,1531229221466,1572653,0.00014440,58.45000000,0
1531229221498,1531229221492,1572654,0.00014440,0.11000000,0
1531229226280,1531229226275,1572655,0.00014440,20.00000000,1
1531229232550,1531229232545,1572656,0.00014440,38.45000000,1
1531229268402,1531229268398,1572657,0.00014390,7.02000000,1
1531229268419,1531229268415,1572658,0.00014390,14.04000000,1
1531229309642,1531229309637,1572659,0.00014450,0.11000000,0
1531229309642,1531229309637,1572660,0.00014460,0.33000000,0
1531229363343,1531229363339,1572661,0.00014460,17.04000000,0
1531229363622,1531229363618,1572662,0.00014460,64.34000000,1
1531229414307,1531229414303,1572663,0.00014460,11.22000000,1
1531229426572,1531229426568,1572664,0.00014470,15.28000000,0
1531229428721,1531229428717,1572665,0.00014480,85.06000000,0
1531229431482,1531229431478,1572666,0.00014490,6.91000000,0
1531229454547,1531229454542,1572667,0.00014470,40.07000000,1
1531229468242,1531229468238,1572668,0.00014470,25.43000000,1
1531229469314,1531229469309,1572669,0.00014540,0.13000000,0
1531229609131,1531229609112,1572670,0.00014460,446.48000000,1
1531229609131,1531229609112,1572671,0.00014390,43.42000000,1
1531229609131,1531229609112,1572672,0.00014380,102.13000000,1
1531229609131,1531229609112,1572673,0.00014370,130.38000000,1
1531229609131,1531229609112,1572674,0.00014350,34.78000000,1
1531229609131,1531229609112,1572675,0.00014340,42.48000000,1
1531229609131,1531229609112,1572676,0.00014320,17.50000000,1
1531229609131,1531229609112,1572677,0.00014310,193.62000000,1
1531229609131,1531229609112,1572678,0.00014280,36.37000000,1
1531229609131,1531229609112,1572679,0.00014270,43.88000000,1
1531229609131,1531229609112,1572680,0.00014260,14.04000000,1
1531229609131,1531229609112,1572681,0.00014250,568.35000000,1
1531229609131,1531229609112,1572682,0.00014240,190.69000000,1
1531229609131,1531229609112,1572683,0.00014230,429.99000000,1
1531229609131,1531229609112,1572684,0.00014210,219.29000000,1
1531229609131,1531229609112,1572685,0.00014200,1093.78000000,1
1531229609131,1531229609112,1572686,0.00014190,366.34000000,1
1531229609131,1531229609112,1572687,0.00014180,302.03000000,1
1531229609602,1531229609598,1572688,0.00014340,44.20000000,0
1531229609610,1531229609606,1572689,0.00014340,21.74000000,0
1531229609620,1531229609615,1572690,0.00014340,0.01000000,0
1531229609625,1531229609620,1572691,0.00014340,21.05000000,1
1531229609633,1531229609629,1572692,0.00014340,21.05000000,1
1531229609637,1531229609633,1572693,0.00014340,2.01000000,1
1531229609654,1531229609650,1572694,0.00014340,20.43000000,0
1531229609654,1531229609650,1572695,0.00014350,0.60000000,0
1531229609654,1531229609650,1572696,0.00014350,21.03000000,0
1531229610040,1531229610035,1572697,0.00014340,52.88000000,0
1531229612966,1531229612964,1572698,0.00014290,44.11000000,1
1531229613095,1531229613092,1572699,0.00014290,0.01000000,1
1531229622510,1531229622505,1572700,0.00014290,205.84000000,1
1531229633046,1531229633041,1572701,0.00014270,128.73000000,0
1531229634639,1531229634632,1572702,0.00014270,20.75000000,0
1531229634662,1531229634657,1572703,0.00014270,42.59000000,0
1531229644631,1531229644627,1572704,0.00014260,128.40000000,0
1531229646643,1531229646639,1572705,0.00014260,14.03000000,0
1531229671314,1531229671310,1572706,0.00014250,7.09000000,1
1531229671390,1531229671385,1572707,0.00014260,7.09000000,1
1531229671520,1531229671515,1572708,0.00014260,14.18000000,1
1531229671733,1531229671727,1572709,0.00014290,30.31000000,0
1531229674572,1531229674567,1572710,0.00014300,225.66000000,0
1531229675723,1531229675716,1572711,0.00014310,169.06000000,0
1531229685656,1531229685653,1572712,0.00014330,43.88000000,0
1531229688090,1531229688083,1572713,0.00014360,4.85000000,0
1531229688734,1531229688730,1572714,0.00014340,8.37000000,0
1531229691101,1531229691096,1572715,0.00014360,0.01000000,0
1531229714703,1531229714698,1572716,0.00014280,9.06000000,1
1531229717943,1531229717939,1572717,0.00014360,28.14000000,0
1531229747977,1531229747974,1572718,0.00014360,9.06000000,1
1531229761946,1531229761941,1572719,0.00014360,93.58000000,1
1531229859503,1531229859498,1572720,0.00014350,140.95000000,0
1531229869644,1531229869639,1572721,0.00014360,36.70000000,0
1531229923655,1531229923650,1572722,0.00014370,6.96000000,0
1531229940675,1531229940671,1572723,0.00014310,17.47000000,1
1531229940675,1531229940671,1572724,0.00014300,308.80000000,1
1531229941529,1531229941524,1572725,0.00014300,173.72000000,0
1531230038920,1531230038916,1572726,0.00014390,0.56000000,0
1531230142416,1531230142407,1572727,0.00014390,16.91000000,0
1531230142416,1531230142407,1572728,0.00014400,848.47000000,0
1531230142416,1531230142407,1572729,0.00014410,206.35000000,0
1531230142416,1531230142407,1572730,0.00014420,76.15000000,0
1531230142416,1531230142407,1572731,0.00014440,20.69000000,0
1531230142416,1531230142407,1572732,0.00014460,703.22000000,0
1531230142416,1531230142407,1572733,0.00014470,45.23000000,0
1531230142416,1531230142407,1572734,0.00014480,6.91000000,0
1531230142416,1531230142407,1572735,0.00014490,2.14000000,0
1531230142423,1531230142421,1572736,0.00014490,7.62000000,0
1531230142970,1531230142966,1572737,0.00014500,72.53000000,0
1531230144828,1531230144822,1572738,0.00014450,54.79000000,0
1531230149287,1531230149282,1572739,0.00014470,30.79000000,1
1531230152488,1531230152484,1572740,0.00014490,7.62000000,0
1531230170482,1531230170478,1572741,0.00014470,55.00000000,1
1531230187669,1531230187666,1572742,0.00014500,0.28000000,0
1531230249711,1531230249708,1572743,0.00014500,39.23000000,0
1531230254528,1531230254523,1572744,0.00014540,10.16000000,0
1531230281683,1531230281679,1572745,0.00014500,24.72000000,1
1531230313033,1531230313029,1572746,0.00014500,68.66000000,1
1531230352231,1531230352226,1572747,0.00014500,307.68000000,1
1531230410987,1531230410984,1572748,0.00014500,50.50000000,1
1531230466382,1531230466378,1572749,0.00014500,0.01000000,1
1531230681482,1531230681476,1572750,0.00014540,6.95000000,0
1531230969965,1531230969962,1572751,0.00014540,135.87000000,0
1531230970603,1531230970597,1572752,0.00014550,77.07000000,0
1531231053626,1531231053622,1572753,0.00014580,412.17000000,0
1531231055768,1531231055763,1572754,0.00014590,58.56000000,0
1531231060780,1531231060775,1572755,0.00014600,13.70000000,0
1531231068864,1531231068856,1572756,0.00014610,22.84000000,0
1531231068864,1531231068856,1572757,0.00014620,7.76000000,0
1531231068864,1531231068856,1572758,0.00014630,7.80000000,0
1531231068864,1531231068856,1572759,0.00014640,7.85000000,0
1531231068864,1531231068856,1572760,0.00014650,7.85000000,0
1531231068864,1531231068856,1572761,0.00014660,14.34000000,0
1531231068865,1531231068856,1572762,0.00014660,23.44000000,0
1531231068865,1531231068856,1572763,0.00014670,8.03000000,0
1531231068865,1531231068856,1572764,0.00014680,7.99000000,0
1531231068865,1531231068856,1572765,0.00014690,12.10000000,0
1531231086167,1531231086162,1572766,0.00014660,6.88000000,0
1531231089867,1531231089864,1572767,0.00014660,6.16000000,0
1531231090367,1531231090363,1572768,0.00014660,24.51000000,0
1531231105492,1531231105487,1572769,0.00014660,9.38000000,0
1531231127573,1531231127566,1572770,0.00014660,4.41000000,0
1531231232790,1531231232781,1572771,0.00014660,50.06000000,0
1531231239011,1531231239007,1572772,0.00014680,6.87000000,0
1531231245616,1531231245611,1572773,0.00014680,5.37000000,1
1531231367873,1531231367867,1572774,0.00014680,1.74000000,1
1531231566040,1531231566036,1572775,0.00014680,6.04000000,1
1531231624862,1531231624857,1572776,0.00014680,20.02000000,1
1531231651185,1531231651181,1572777,0.00014680,1.63000000,1
1531231735248,1531231735242,1572778,0.00014690,12.91000000,0
1531231735248,1531231735242,1572779,0.00014700,16.22000000,0
1531231735248,1531231735242,1572780,0.00014710,38.94000000,0
1531231737453,1531231737449,1572781,0.00014680,1.95000000,1
1531231744134,1531231744128,1572782,0.00014680,9.48000000,1
1531232117881,1531232117876,1572783,0.00014680,9.02000000,1
1531232485502,1531232485498,1572784,0.00014680,0.54000000,1
1531232575642,1531232575639,1572785,0.00014680,0.26000000,1
1531232626280,1531232626276,1572786,0.00014680,10.68000000,1
1531232925145,1531232925142,1572787,0.00014710,7.55000000,0
1531233020433,1531233020429,1572788,0.00014680,0.50000000,1
1531233030050,1531233030045,1572789,0.00014710,200.11000000,0
1531233031068,1531233031064,1572790,0.00014710,405.90000000,0
1531233034894,1531233034890,1572791,0.00014720,74.67000000,0
1531233101641,1531233101638,1572792,0.00014690,0.01000000,1
1531233108577,1531233108573,1572793,0.00014690,0.01000000,1
1531233121712,1531233121709,1572794,0.00014680,0.01000000,1
1531233307068,1531233307064,1572795,0.00014690,9.61000000,1
1531233307358,1531233307354,1572796,0.00014690,500.00000000,1
1531233307390,1531233307387,1572797,0.00014690,500.00000000,1
1531233679091,1531233679088,1572798,0.00014680,1.44000000,1
1531233733428,1531233733424,1572799,0.00014680,1901.52000000,1
1531233979572,1531233979569,1572800,0.00014680,0.71000000,1
1531234165553,1531234165550,1572801,0.00014710,17.13000000,0
1531234168575,1531234168571,1572802,0.00014710,0.05000000,0
1531234228145,1531234228142,1572803,0.00014710,200.09000000,0
1531234404835,1531234404831,1572804,0.00014710,122.63000000,0
1531234774681,1531234774677,1572805,0.00014720,50.00000000,0
1531234817850,1531234817848,1572806,0.00014720,10.42000000,0
1531234931632,1531234931630,1572807,0.00014680,0.48000000,1
1531235132479,1531235132476,1572808,0.00014680,1.11000000,1
1531235221067,1531235221065,1572809,0.00014680,0.23000000,1
1531235343311,1531235343311,1572810,0.00014680,29.63000000,1
1531235384613,1531235384614,1572811,0.00014680,21.20000000,1
1531236150605,1531236150604,1572812,0.00014720,1.80000000,0
1531236153640,1531236153639,1572813,0.00014720,0.01000000,0
1531236291021,1531236291021,1572814,0.00014720,0.04000000,0
1531236618715,1531236618713,1572815,0.00014720,9.24000000,0
1531236652369,1531236652368,1572816,0.00014720,0.01000000,0
1531236861807,1531236861807,1572817,0.00014720,2.73000000,0
1531236925425,1531236925424,1572818,0.00014720,484.46000000,0
1531236928396,1531236928395,1572819,0.00014720,25.16000000,0
1531236929297,1531236929296,1572820,0.00014730,7.93000000,0
1531236976828,1531236976829,1572821,0.00014720,7.47000000,1
1531236998189,1531236998188,1572822,0.00014690,13.76000000,1
1531237088862,1531237088862,1572823,0.00014690,21.09000000,1
1531237088875,1531237088877,1572824,0.00014690,16.40000000,1
1531237088875,1531237088877,1572825,0.00014680,0.05000000,1
1531237089327,1531237089326,1572826,0.00014680,18.68000000,1
1531237093697,1531237093697,1572827,0.00014680,16.46000000,1
1531237093704,1531237093704,1572828,0.00014680,17.34000000,1
1531237093712,1531237093711,1572829,0.00014680,17.34000000,1
1531237093721,1531237093721,1572830,0.00014680,16.46000000,1
1531237094156,1531237094154,1572831,0.00014680,17.00000000,1
1531237094160,1531237094161,1572832,0.00014680,17.00000000,1
1531237094162,1531237094162,1572833,0.00014680,17.34000000,1
1531237094164,1531237094164,1572834,0.00014680,17.00000000,1
1531237225442,1531237225444,1572835,0.00014680,22.10000000,1
1531237328320,1531237328318,1572836,0.00014720,0.40000000,0
1531237500642,1531237500641,1572837,0.00014720,2.23000000,0
1531237503641,1531237503642,1572838,0.00014720,0.01000000,0
1531237602815,1531237602815,1572839,0.00014710,204.00000000,0
1531237828425,1531237828426,1572840,0.00014690,378.36000000,0
1531237875313,1531237875313,1572841,0.00014680,76.02000000,1
1531237962328,1531237962327,1572842,0.00014690,680.72000000,0
1531237971585,1531237971584,1572843,0.00014690,340.36000000,0
1531238152065,1531238152065,1572844,0.00014710,67.98000000,0
1531238172506,1531238172505,1572845,0.00014700,32.00000000,0
1531238251714,1531238251713,1572846,0.00014680,351.30000000,1
1531238612917,1531238612916,1572847,0.00014700,0.59000000,0
1531238724714,1531238724710,1572848,0.00014700,9.12000000,0
1531238790996,1531238790993,1572849,0.00014700,68.02000000,0
1531238849251,1531238849245,1572850,0.00014700,1.49000000,0
1531239032054,1531239032053,1572851,0.00014700,0.44000000,0
1531239205347,1531239205344,1572852,0.00014700,35.56000000,0
1531239723668,1531239723665,1572853,0.00014700,0.87000000,0
1531239919922,1531239919917,1572854,0.00014700,0.04000000,0
1531240044591,1531240044585,1572855,0.00014680,122.63000000,1
1531240165184,1531240165178,1572856,0.00014680,1698.30000000,1
1531240276807,1531240276802,1572857,0.00014700,0.06000000,0
1531240347914,1531240347910,1572858,0.00014680,0.75000000,1
1531240388944,1531240388938,1572859,0.00014680,566.22000000,1
1531240518325,1531240518318,1572860,0.00014680,9.43000000,0
1531240588658,1531240588653,1572861,0.00014640,8.88000000,1
1531240588658,1531240588653,1572862,0.00014630,31.12000000,1
1531240601752,1531240601748,1572863,0.00014630,27.25000000,1
1531240601752,1531240601748,1572864,0.00014610,7.97000000,1
1531240608862,1531240608857,1572865,0.00014620,30.74000000,1
1531240658038,1531240658032,1572866,0.00014620,45.86000000,1
1531240658038,1531240658032,1572867,0.00014610,33.00000000,1
1531240658038,1531240658032,1572868,0.00014600,112.70000000,1
1531240682131,1531240682125,1572869,0.00014600,1.51000000,1
1531240682132,1531240682127,1572870,0.00014600,15.61000000,1
1531240682132,1531240682127,1572871,0.00014590,8.05000000,1
1531240682132,1531240682127,1572872,0.00014580,21.64000000,1
1531240685814,1531240685809,1572873,0.00014620,45.86000000,0
1531240686824,1531240686820,1572874,0.00014630,36.36000000,0
1531240694523,1531240694518,1572875,0.00014600,239.39000000,1
1531240701504,1531240701498,1572876,0.00014600,6.31000000,1
1531240702599,1531240702595,1572877,0.00014600,13.55000000,1
1531240767982,1531240767976,1572878,0.00014620,204.86000000,0
1531240782117,1531240782110,1572879,0.00014570,14.95000000,1
1531240782410,1531240782406,1572880,0.00014570,400.00000000,0
1531240793981,1531240793975,1572881,0.00014570,0.48000000,0
1531240815241,1531240815236,1572882,0.00014570,52.12000000,0
1531240816013,1531240816004,1572883,0.00014570,200.00000000,0
1531240816323,1531240816318,1572884,0.00014570,500.00000000,0
1531240816969,1531240816964,1572885,0.00014570,248.47000000,0
1531240826821,1531240826815,1572886,0.00014570,343.17000000,0
1531240911072,1531240911064,1572887,0.00014600,208.80000000,0
1531240911992,1531240911986,1572888,0.00014610,70.77000000,0
1531240915826,1531240915820,1572889,0.00014610,342.23000000,0
1531240917827,1531240917822,1572890,0.00014620,196.62000000,0
1531240959144,1531240959138,1572891,0.00014620,524.47000000,0
1531240972057,1531240972052,1572892,0.00014620,75.31000000,0
1531241064976,1531241064971,1572893,0.00014630,98.13000000,0
1531241116839,1531241116834,1572894,0.00014630,453.35000000,0
1531241117829,1531241117823,1572895,0.00014630,46.04000000,0
1531241165620,1531241165615,1572896,0.00014670,68.16000000,0
1531241258952,1531241258948,1572897,0.00014670,0.10000000,0
1531241259026,1531241259022,1572898,0.00014600,39.00000000,1
1531241296645,1531241296639,1572899,0.00014600,41.81000000,1
1531241296645,1531241296639,1572900,0.00014590,51.67000000,1
1531241296645,1531241296639,1572901,0.00014560,6.52000000,1
1531241345172,1531241345167,1572902,0.00014570,13.00000000,1
1531241374667,1531241374661,1572903,0.00014620,13.00000000,0
1531241374667,1531241374661,1572904,0.00014630,32.32000000,0
1531241458982,1531241458974,1572905,0.00014560,7.00000000,1
1531241472887,1531241472883,1572906,0.00014630,7.00000000,0
1531242137713,1531242137706,1572907,0.00014600,0.83000000,0
1531242299647,1531242299642,1572908,0.00014570,0.16000000,0
1531242318437,1531242318431,1572909,0.00014570,14.46000000,0
1531242452972,1531242452967,1572910,0.00014570,5.53000000,0
1531242455964,1531242455959,1572911,0.00014570,0.02000000,0
1531242686523,1531242686518,1572912,0.00014570,0.63000000,0
1531242934156,1531242934147,1572913,0.00014560,1.38000000,1
1531242934156,1531242934147,1572914,0.00014550,8.07000000,1
1531242934156,1531242934147,1572915,0.00014540,40.63000000,1
1531242935119,1531242935112,1572916,0.00014540,114.69000000,1
1531242936129,1531242936122,1572917,0.00014530,73.69000000,1
1531242937274,1531242937268,1572918,0.00014560,0.37000000,0
1531242942120,1531242942116,1572919,0.00014520,7.89000000,1
1531242944121,1531242944116,1572920,0.00014510,7.84000000,1
1531242976116,1531242976109,1572921,0.00014500,14.70000000,1
1531243054006,1531243054000,1572922,0.00014490,20.70000000,1
1531243077115,1531243077108,1572923,0.00014490,109.15000000,0
1531243077141,1531243077134,1572924,0.00014490,52.17000000,1
1531243087819,1531243087812,1572925,0.00014490,345.06000000,1
1531243088132,1531243088126,1572926,0.00014490,183.75000000,1
1531243116316,1531243116308,1572927,0.00014470,52.17000000,1
1531243229169,1531243229163,1572928,0.00014470,38.91000000,1
1531243283259,1531243283255,1572929,0.00014470,80.00000000,1
1531243374381,1531243374373,1572930,0.00014500,10.26000000,0
1531243815443,1531243815436,1572931,0.00014500,1.67000000,0
1531243817247,1531243817240,1572932,0.00014450,24.22000000,1
1531243818453,1531243818450,1572933,0.00014500,0.01000000,0
1531243830046,1531243830044,1572934,0.00014420,6.94000000,1
1531243830101,1531243830093,1572935,0.00014420,7.07000000,0
1531243888925,1531243888915,1572936,0.00014420,45.90000000,0
1531243888928,1531243888924,1572937,0.00014420,45.97000000,0
1531243888930,1531243888924,1572938,0.00014420,9.13000000,0
1531243892061,1531243892052,1572939,0.00014500,0.20000000,0
1531244059935,1531244059929,1572940,0.00014490,20.88000000,0
1531244062949,1531244062942,1572941,0.00014490,0.06000000,0
1531244091050,1531244091041,1572942,0.00014490,4.97000000,0
1531244094043,1531244094036,1572943,0.00014490,0.02000000,0
1531244094429,1531244094424,1572944,0.00014420,9.13000000,1
1531244095099,1531244095091,1572945,0.00014420,21.78000000,1
1531244095301,1531244095294,1572946,0.00014420,8.28000000,1
1531244250419,1531244250414,1572947,0.00014410,11.26000000,1
1531244251430,1531244251423,1572948,0.00014400,31.93000000,1
1531244252537,1531244252531,1572949,0.00014380,0.24000000,1
1531244252639,1531244252635,1572950,0.00014380,8.81000000,1
1531244295008,1531244294999,1572951,0.00014420,0.28000000,0
1531244526346,1531244526343,1572952,0.00014390,19.10000000,1
1531244560825,1531244560815,1572953,0.00014370,75.00000000,1
1531244560825,1531244560815,1572954,0.00014350,13.92000000,1
1531244560825,1531244560815,1572955,0.00014330,34.61000000,1
1531244560825,1531244560815,1572956,0.00014290,29.39000000,1
1531244560825,1531244560815,1572957,0.00014260,45.94000000,1
1531244560825,1531244560815,1572958,0.00014230,33.00000000,1
1531244560825,1531244560815,1572959,0.00014220,42.14000000,1
1531244560825,1531244560815,1572960,0.00014200,35.88000000,1
1531244560825,1531244560815,1572961,0.00014190,102.94000000,1
1531244562886,1531244562882,1572962,0.00014300,0.52000000,0
1531244573179,1531244573170,1572963,0.00014200,59.80000000,1
1531244597861,1531244597860,1572964,0.00014200,14.23000000,1
1531244598142,1531244598134,1572965,0.00014200,4.88000000,1
1531244606660,1531244606652,1572966,0.00014230,4.27000000,0
1531244606751,1531244606743,1572967,0.00014230,98.67000000,0
1531244608533,1531244608525,1572968,0.00014240,39.19000000,0
1531244618120,1531244618112,1572969,0.00014200,7.12000000,1
1531244618228,1531244618220,1572970,0.00014200,7.12000000,1
1531244619036,1531244619032,1572971,0.00014200,14.23000000,1
1531244620397,1531244620397,1572972,0.00014230,351.37000000,0
1531244630763,1531244630755,1572973,0.00014280,19.58000000,0
1531244644493,1531244644489,1572974,0.00014280,18.94000000,0
1531244686179,1531244686172,1572975,0.00014280,16.57000000,0
1531244687396,1531244687388,1572976,0.00014280,333.57000000,0
1531244688398,1531244688394,1572977,0.00014300,14.24000000,0
1531244692653,1531244692644,1572978,0.00014320,6.99000000,0
1531244701992,1531244701986,1572979,0.00014320,4.07000000,1
1531244719130,1531244719121,1572980,0.00014320,30.14000000,0
1531244761678,1531244761669,1572981,0.00014320,314.95000000,0
1531244775406,1531244775398,1572982,0.00014350,7.67000000,0
1531244780403,1531244780393,1572983,0.00014360,25.84000000,0
1531244780403,1531244780393,1572984,0.00014390,30.02000000,0
1531244786399,1531244786391,1572985,0.00014350,348.43000000,0
1531244924193,1531244924185,1572986,0.00014390,0.76000000,0
1531245162130,1531245162123,1572987,0.00014390,0.32000000,0
1531245169016,1531245169017,1572988,0.00014390,53.50000000,0
1531245320349,1531245320343,1572989,0.00014330,29.60000000,1
1531245382831,1531245382821,1572990,0.00014390,354.47000000,0
1531245436211,1531245436203,1572991,0.00014390,20.44000000,1
1531245505232,1531245505226,1572992,0.00014420,27.74000000,0
1531245556884,1531245556877,1572993,0.00014390,20.09000000,1
1531245578805,1531245578801,1572994,0.00014280,11.06000000,1
1531245649273,1531245649267,1572995,0.00014310,16.95000000,1
1531245834188,1531245834185,1572996,0.00014370,2.58000000,0
1531245923112,1531245923105,1572997,0.00014370,29.59000000,0
1531245973376,1531245973367,1572998,0.00014370,291.38000000,0
1531246077348,1531246077343,1572999,0.00014370,1.65000000,0
1531246080392,1531246080386,1573000,0.00014370,0.01000000,0
1531246144095,1531246144088,1573001,0.00014370,53.14000000,0
1531246170274,1531246170265,1573002,0.00014370,0.76000000,0
1531246196868,1531246196862,1573003,0.00014370,22.00000000,0
1531246264648,1531246264644,1573004,0.00014370,49.33000000,0
1531246264950,1531246264943,1573005,0.00014370,100.00000000,0
1531246320777,1531246320771,1573006,0.00014370,4.64000000,0
1531246323791,1531246323788,1573007,0.00014370,0.01000000,0
1531246325914,1531246325908,1573008,0.00014370,14.00000000,0
1531246620573,1531246620564,1573009,0.00014370,161.76000000,0
1531246640307,1531246640298,1573010,0.00014380,34.60000000,0
1531246709248,1531246709240,1573011,0.00014380,220.00000000,0
1531246828109,1531246828100,1573012,0.00014380,65.00000000,0
1531246872444,1531246872445,1573013,0.00014380,80.53000000,0
1531246991946,1531246991939,1573014,0.00014430,0.05000000,0
1531247024360,1531247024360,1573015,0.00014390,1.99000000,1
1531247042320,1531247042314,1573016,0.00014430,0.11000000,0
1531247164590,1531247164584,1573017,0.00014410,24.18000000,0
1531247236864,1531247236858,1573018,0.00014430,46.20000000,0
1531247297287,1531247297283,1573019,0.00014390,19.58000000,1
1531247415588,1531247415582,1573020,0.00014430,31.27000000,0
1531247416899,1531247416895,1573021,0.00014430,0.28000000,0
1531247424154,1531247424147,1573022,0.00014430,2.00000000,0
1531247426294,1531247426287,1573023,0.00014430,10.42000000,0
1531247474590,1531247474585,1573024,0.00014430,0.26000000,0
1531247588140,1531247588134,1573025,0.00014430,1.56000000,0
1531247778557,1531247778551,1573026,0.00014430,0.07000000,0
1531247947772,1531247947766,1573027,0.00014430,0.03000000,0
1531248071904,1531248071897,1573028,0.00014410,11.95000000,1
1531248313192,1531248313193,1573029,0.00014420,7.65000000,1
1531248373941,1531248373934,1573030,0.00014430,42.04000000,0
1531248519024,1531248519027,1573031,0.00014430,0.33000000,0
1531248519352,1531248519345,1573032,0.00014430,100.00000000,0
1531248830730,1531248830723,1573033,0.00014430,9.00000000,0
1531248865269,1531248865267,1573034,0.00014430,138.60000000,0
1531248921469,1531248921463,1573035,0.00014430,394.51000000,0
1531248921536,1531248921528,1573036,0.00014430,461.19000000,1
1531249104626,1531249104618,1573037,0.00014440,100.00000000,0
1531249114350,1531249114341,1573038,0.00014440,100.00000000,0
1531249114865,1531249114861,1573039,0.00014440,146.26000000,0
1531249215562,1531249215553,1573040,0.00014440,28.00000000,1
1531249297283,1531249297277,1573041,0.00014440,0.41000000,1
1531249511503,1531249511490,1573042,0.00014440,8.39000000,1
1531249569353,1531249569344,1573043,0.00014470,1039.02000000,0
1531249569353,1531249569344,1573044,0.00014480,52.07000000,0
1531249569353,1531249569344,1573045,0.00014490,7.60000000,0
1531249603166,1531249603163,1573046,0.00014440,0.47000000,1
1531249618926,1531249618917,1573047,0.00014510,384.48000000,0
1531249626022,1531249626011,1573048,0.00014520,96.69000000,0
1531249626022,1531249626011,1573049,0.00014540,20.70000000,0
1531249626022,1531249626011,1573050,0.00014550,6.88000000,0
1531249626022,1531249626011,1573051,0.00014560,56.81000000,0
1531249633216,1531249633207,1573052,0.00014510,344.58000000,0
1531249682926,1531249682916,1573053,0.00014480,4.77000000,1
1531249695458,1531249695450,1573054,0.00014550,0.01000000,0
1531249705085,1531249705077,1573055,0.00014550,0.21000000,0
1531249713065,1531249713056,1573056,0.00014550,0.22000000,0
1531249719052,1531249719044,1573057,0.00014550,0.03000000,0
1531250352647,1531250352637,1573058,0.00014540,34.60000000,0
1531250352647,1531250352637,1573059,0.00014550,719.11000000,0
1531250360859,1531250360851,1573060,0.00014550,343.87000000,1
1531250591510,1531250591515,1573061,0.00014550,1.57000000,1
1531250594948,1531250594941,1573062,0.00014550,0.10000000,1
1531250759872,1531250759870,1573063,0.00014560,1.88000000,0
1531250762879,1531250762872,1573064,0.00014560,0.01000000,0
1531251071016,1531251071010,1573065,0.00014550,0.26000000,1
1531251104669,1531251104663,1573066,0.00014550,1.72000000,1
1531251313766,1531251313762,1573067,0.00014550,14.19000000,1
1531251527154,1531251527145,1573068,0.00014550,0.51000000,1
1531251880740,1531251880733,1573069,0.00014550,310.91000000,1
1531251896276,1531251896275,1573070,0.00014560,343.40000000,0
1531251919857,1531251919848,1573071,0.00014570,306.94000000,0
1531251976596,1531251976586,1573072,0.00014570,53.95000000,0
1531251976596,1531251976586,1573073,0.00014580,69.05000000,0
1531252004062,1531252004051,1573074,0.00014560,0.14000000,1
1531252043326,1531252043317,1573075,0.00014560,190.00000000,1
1531252327573,1531252327564,1573076,0.00014560,0.28000000,1
1531252577678,1531252577675,1573077,0.00014550,0.21000000,1
1531252617794,1531252617785,1573078,0.00014550,291.38000000,1
1531252915001,1531252914991,1573079,0.00014550,0.96000000,1
1531253079547,1531253079539,1573080,0.00014580,34.29000000,0
1531253102271,1531253102260,1573081,0.00014580,75.40000000,0
1531253102273,1531253102264,1573082,0.00014580,45.32000000,0
1531253102277,1531253102267,1573083,0.00014580,75.05000000,0
1531253102299,1531253102294,1573084,0.00014580,13.65000000,0
1531253102454,1531253102445,1573085,0.00014550,7.49000000,1
1531253102454,1531253102445,1573086,0.00014510,67.56000000,1
1531253102950,1531253102946,1573087,0.00014580,0.71000000,0
1531253121143,1531253121133,1573088,0.00014560,20.37000000,0
1531253121214,1531253121205,1573089,0.00014570,73.75000000,0
1531253121220,1531253121210,1573090,0.00014570,94.12000000,0
1531253129436,1531253129429,1573091,0.00014500,49.29000000,1
1531253220879,1531253220869,1573092,0.00014570,1.07000000,0
1531253292821,1531253292812,1573093,0.00014570,36.35000000,0
1531253313814,1531253313809,1573094,0.00014510,0.39000000,1
1531253342984,1531253342975,1573095,0.00014510,13.61000000,1
1531253433317,1531253433317,1573096,0.00014510,14.00000000,1
1531253635031,1531253635021,1573097,0.00014570,189.62000000,0
1531253713310,1531253713300,1573098,0.00014570,8.84000000,1
1531253720103,1531253720093,1573099,0.00014570,1.12000000,1
1531253756062,1531253756051,1573100,0.00014570,47.57000000,0
1531253756691,1531253756683,1573101,0.00014570,46.95000000,0
1531254110895,1531254110890,1573102,0.00014530,0.21000000,1
1531254284185,1531254284176,1573103,0.00014570,0.01000000,0
1531254696556,1531254696554,1573104,0.00014570,0.03000000,0
1531254778920,1531254778921,1573105,0.00014580,0.18000000,0
1531254857903,1531254857895,1573106,0.00014580,0.10000000,0
1531255158768,1531255158762,1573107,0.00014570,1.07000000,0
1531255289743,1531255289738,1573108,0.00014570,0.15000000,0
1531255337555,1531255337560,1573109,0.00014550,6.88000000,1
1531255693697,1531255693693,1573110,0.00014570,0.08000000,0
1531255754918,1531255754914,1573111,0.00014570,439.90000000,0
1531255811403,1531255811405,1573112,0.00014570,10.74000000,1
1531256005039,1531256005035,1573113,0.00014600,23.25000000,0
1531256177481,1531256177482,1573114,0.00014600,12.00000000,0
1531256182363,1531256182363,1573115,0.00014600,12.00000000,0
1531256333588,1531256333587,1573116,0.00014600,15.00000000,0
1531256600898,1531256600898,1573117,0.00014600,0.49000000,0
1531256927054,1531256927059,1573118,0.00014600,0.11000000,0
1531256970614,1531256970598,1573119,0.00014600,54.82000000,0
1531257017425,1531257017423,1573120,0.00014600,9.00000000,0
1531257049088,1531257049085,1573121,0.00014600,0.31000000,0
1531257457180,1531257457175,1573122,0.00014600,20.74000000,0
1531257537988,1531257537985,1573123,0.00014600,74.73000000,0
1531257772912,1531257772915,1573124,0.00014600,102.63000000,0
1531257773875,1531257773875,1573125,0.00014570,0.39000000,1
1531257776014,1531257776009,1573126,0.00014570,102.55000000,1
1531257874427,1531257874422,1573127,0.00014600,64.58000000,0
1531257874427,1531257874422,1573128,0.00014620,35.42000000,0
1531258106408,1531258106407,1573129,0.00014570,0.44000000,1
1531258282283,1531258282283,1573130,0.00014600,0.04000000,0
1531258350452,1531258350449,1573131,0.00014600,2.11000000,0
1531258514390,1531258514383,1573132,0.00014600,8.00000000,0
1531258524136,1531258524133,1573133,0.00014600,542.64000000,0
1531258526469,1531258526465,1573134,0.00014600,0.06000000,0
1531258550245,1531258550239,1573135,0.00014600,16.48000000,0
1531258560295,1531258560292,1573136,0.00014600,342.46000000,1
1531258560524,1531258560519,1573137,0.00014600,154.33000000,1
1531258688974,1531258688967,1573138,0.00014580,52.37000000,1
1531258690989,1531258690986,1573139,0.00014570,70.30000000,1
1531258746070,1531258746065,1573140,0.00014600,0.01000000,0
1531259003029,1531259003029,1573141,0.00014540,0.07000000,1
1531259064788,1531259064786,1573142,0.00014540,9.99000000,1
1531259125338,1531259125332,1573143,0.00014540,41.79000000,1
1531259125715,1531259125710,1573144,0.00014530,6.89000000,1
1531259126127,1531259126122,1573145,0.00014530,38.39000000,1
1531259126127,1531259126122,1573146,0.00014520,33.00000000,1
1531259126781,1531259126773,1573147,0.00014530,100.49000000,1
1531259127130,1531259127125,1573148,0.00014510,54.85000000,1
1531259127495,1531259127491,1573149,0.00014500,405.31000000,1
1531259226022,1531259226014,1573150,0.00014530,19.67000000,1
1531259293339,1531259293333,1573151,0.00014560,0.08000000,0
1531259371839,1531259371832,1573152,0.00014510,32.34000000,1
1531259371926,1531259371920,1573153,0.00014510,19.62000000,1
1531259399671,1531259399665,1573154,0.00014560,68.68000000,0
1531259402948,1531259402944,1573155,0.00014560,274.26000000,0
1531259412397,1531259412392,1573156,0.00014560,0.38000000,0
1531259412397,1531259412392,1573157,0.00014570,31.62000000,0
1531260041437,1531260041436,1573158,0.00014570,68.63000000,0
1531260066866,1531260066858,1573159,0.00014530,0.03000000,1
1531260066965,1531260066960,1573160,0.00014530,6.86000000,1
1531260153396,1531260153391,1573161,0.00014520,1.52000000,1
1531260383444,1531260383435,1573162,0.00014570,1.69000000,0
1531260386420,1531260386416,1573163,0.00014570,0.01000000,0
1531260407058,1531260407050,1573164,0.00014570,0.36000000,0
1531261348564,1531261348560,1573165,0.00014570,0.56000000,0
1531261508690,1531261508686,1573166,0.00014570,0.01000000,0
1531261798055,1531261798052,1573167,0.00014560,0.29000000,0
1531261936411,1531261936408,1573168,0.00014560,0.09000000,0
1531262035010,1531262035009,1573169,0.00014510,0.38000000,1
1531262132852,1531262132849,1573170,0.00014560,0.10000000,0
1531263432685,1531263432684,1573171,0.00014500,15.95000000,1
1531263432851,1531263432851,1573172,0.00014500,129.49000000,1
1531263631550,1531263631548,1573173,0.00014490,6.91000000,1
1531263764648,1531263764649,1573174,0.00014500,0.02000000,0
1531263908548,1531263908547,1573175,0.00014470,120.49000000,1
1531263909692,1531263909691,1573176,0.00014460,20.75000000,1
1531263910799,1531263910799,1573177,0.00014450,52.17000000,1
1531264038271,1531264038272,1573178,0.00014500,1.17000000,0
1531264149945,1531264149944,1573179,0.00014500,0.37000000,0
1531264152978,1531264152978,1573180,0.00014500,0.01000000,0
1531264753853,1531264753852,1573181,0.00014480,0.24000000,0
1531264813699,1531264813697,1573182,0.00014410,73.17000000,1
1531264814689,1531264814689,1573183,0.00014410,6.94000000,1
1531264815878,1531264815877,1573184,0.00014390,6.95000000,1
1531264816223,1531264816222,1573185,0.00014370,0.23000000,1
1531264876114,1531264876113,1573186,0.00014470,0.33000000,0
1531264934918,1531264934917,1573187,0.00014350,0.33000000,1
1531264935006,1531264935006,1573188,0.00014350,6.64000000,1
1531264971489,1531264971488,1573189,0.00014410,52.32000000,0
1531264971489,1531264971488,1573190,0.00014430,17.07000000,0
1531264993735,1531264993733,1573191,0.00014410,0.46000000,0
1531264993820,1531264993817,1573192,0.00014340,19.80000000,1
1531264995726,1531264995726,1573193,0.00014330,52.61000000,1
1531264996834,1531264996832,1573194,0.00014330,111.90000000,1
1531264997051,1531264997049,1573195,0.00014410,0.28000000,0
1531265055100,1531265055100,1573196,0.00014310,0.28000000,1
1531265055193,1531265055193,1573197,0.00014310,20.69000000,1
1531265101588,1531265101588,1573198,0.00014410,0.05000000,0
1531265104615,1531265104616,1573199,0.00014410,0.01000000,0
1531265114947,1531265114947,1573200,0.00014410,0.19000000,0
1531265172934,1531265172932,1573201,0.00014310,0.19000000,1
1531265174029,1531265174028,1573202,0.00014310,17.28000000,1
1531265175923,1531265175923,1573203,0.00014300,7.00000000,1
1531265176965,1531265176964,1573204,0.00014280,31.73000000,1
1531265177746,1531265177745,1573205,0.00014270,33.00000000,1
1531265180918,1531265180917,1573206,0.00014260,7.02000000,1
1531265187151,1531265187150,1573207,0.00014310,95.65000000,0
1531265187154,1531265187153,1573208,0.00014310,95.65000000,0
1531265187163,1531265187163,1573209,0.00014310,16.78000000,0
1531265193071,1531265193071,1573210,0.00014310,30.00000000,0
1531265211139,1531265211136,1573211,0.00014310,96.07000000,0
1531265235299,1531265235299,1573212,0.00014310,0.20000000,0
1531265294088,1531265294088,1573213,0.00014250,0.20000000,1
1531265307509,1531265307508,1573214,0.00014310,363.38000000,0
1531265307509,1531265307508,1573215,0.00014320,52.65000000,0
1531265312518,1531265312518,1573216,0.00014310,165.65000000,0
1531265313380,1531265313379,1573217,0.00014380,11.92000000,0
1531265315720,1531265315719,1573218,0.00014380,17.39000000,0
1531265356097,1531265356096,1573219,0.00014360,0.05000000,0
1531265384702,1531265384701,1573220,0.00014310,0.24000000,0
1531265427935,1531265427933,1573221,0.00014310,0.02000000,0
1531265526041,1531265526039,1573222,0.00014310,2.36000000,0
1531265529029,1531265529027,1573223,0.00014310,0.01000000,0
1531265596938,1531265596938,1573224,0.00014250,0.07000000,1
1531265621839,1531265621838,1573225,0.00014310,0.21000000,0
1531265706902,1531265706901,1573226,0.00014310,8.00000000,0
1531265736031,1531265736029,1573227,0.00014310,8.00000000,0
1531265820939,1531265820939,1573228,0.00014310,113.26000000,0
1531265870721,1531265870718,1573229,0.00014310,1.02000000,0
1531265936982,1531265936982,1573230,0.00014310,69.88000000,0
1531265953723,1531265953722,1573231,0.00014260,9.46000000,1
1531265953723,1531265953722,1573232,0.00014240,35.85000000,1
1531265964294,1531265964292,1573233,0.00014240,17.09000000,1
1531265964348,1531265964339,1573234,0.00014240,9.61000000,0
1531265966342,1531265966341,1573235,0.00014240,1.68000000,0
1531265992337,1531265992337,1573236,0.00014280,2.61000000,0
1531266011915,1531266011915,1573237,0.00014280,7.66000000,0
1531266028242,1531266028241,1573238,0.00014280,8.00000000,0
1531266058265,1531266058264,1573239,0.00014280,1.58000000,0
1531266234603,1531266234603,1573240,0.00014280,12.24000000,0
1531266237176,1531266237174,1573241,0.00014240,1.07000000,1
1531266240207,1531266240206,1573242,0.00014280,56.17000000,0
1531266312712,1531266312713,1573243,0.00014280,8.00000000,0
1531266337760,1531266337759,1573244,0.00014280,279.88000000,0
1531266806461,1531266806460,1573245,0.00014280,33.80000000,0
1531266806461,1531266806460,1573246,0.00014310,293.48000000,0
1531266806767,1531266806767,1573247,0.00014310,164.61000000,1
1531266814795,1531266814794,1573248,0.00014310,322.81000000,0
1531266817939,1531266817939,1573249,0.00014310,44.61000000,1
1531266833805,1531266833806,1573250,0.00014250,31.96000000,1
1531267014928,1531267014928,1573251,0.00014300,61.28000000,1
1531267022016,1531267022016,1573252,0.00014290,61.33000000,1
1531267060629,1531267060629,1573253,0.00014310,16.56000000,0
1531267456405,1531267456406,1573254,0.00014310,0.24000000,0
1531267484446,1531267484447,1573255,0.00014310,0.15000000,0
1531267500844,1531267500846,1573256,0.00014250,8.53000000,1
1531267638336,1531267638336,1573257,0.00014310,1.58000000,0
1531267697232,1531267697234,1573258,0.00014310,0.11000000,0
1531268042376,1531268042378,1573259,0.00014300,14.92000000,0
1531268382704,1531268382705,1573260,0.00014300,69.93000000,0
1531268382710,1531268382713,1573261,0.00014300,279.72000000,0
1531268390445,1531268390447,1573262,0.00014310,14.45000000,0
1531268390744,1531268390747,1573263,0.00014310,164.01000000,0
1531268391598,1531268391600,1573264,0.00014310,185.39000000,0
1531268393296,1531268393298,1573265,0.00014320,45.40000000,0
1531268394478,1531268394481,1573266,0.00014330,52.61000000,0
1531268545365,1531268545367,1573267,0.00014380,0.68000000,0
1531268573445,1531268573447,1573268,0.00014310,17.47000000,1
1531268573445,1531268573447,1573269,0.00014300,1.78000000,1
1531268574116,1531268574116,1573270,0.00014300,19.16000000,1
1531268692447,1531268692450,1573271,0.00014330,0.09000000,0
1531268712896,1531268712899,1573272,0.00014330,8.00000000,0
1531268794588,1531268794591,1573273,0.00014330,17.47000000,0
1531268798769,1531268798772,1573274,0.00014330,7.67000000,0
1531268950498,1531268950502,1573275,0.00014310,27.72000000,1
1531268992509,1531268992512,1573276,0.00014310,0.26000000,0
1531269148160,1531269148162,1573277,0.00014310,9.18000000,0
1531269149214,1531269149217,1573278,0.00014290,55.83000000,1
1531269178813,1531269178815,1573279,0.00014310,9.00000000,1
1531269178813,1531269178815,1573280,0.00014280,242.90000000,1
1531269182316,1531269182318,1573281,0.00014350,0.12000000,0
1531269203321,1531269203325,1573282,0.00014350,2.84000000,0
1531269206346,1531269206348,1573283,0.00014350,0.01000000,0
1531269393132,1531269393134,1573284,0.00014340,0.03000000,0
1531269706723,1531269706723,1573285,0.00014280,0.12000000,1
1531269825890,1531269825893,1573286,0.00014300,2.74000000,0
1531269828589,1531269828589,1573287,0.00014300,0.01000000,0
1531270035842,1531270035845,1573288,0.00014300,69.93000000,0
1531270362362,1531270362362,1573289,0.00014300,62.93000000,0
1531270363156,1531270363159,1573290,0.00014300,241.72000000,0
1531270505750,1531270505752,1573291,0.00014350,8.00000000,0
1531270521181,1531270521182,1573292,0.00014350,8.00000000,0
1531270805749,1531270805751,1573293,0.00014350,8.00000000,0
1531270822661,1531270822661,1573294,0.00014350,8.00000000,0
1531270968001,1531270968000,1573295,0.00014350,1.64000000,0
1531271107280,1531271107281,1573296,0.00014350,8.00000000,0
1531271119857,1531271119857,1573297,0.00014350,8.00000000,0
1531271210538,1531271210538,1573298,0.00014350,2.48000000,0
1531271374004,1531271374004,1573299,0.00014350,0.05000000,0
1531271405090,1531271405090,1573300,0.00014350,0.45000000,0
1531271408319,1531271408318,1573301,0.00014350,8.00000000,0
1531271419468,1531271419468,1573302,0.00014350,8.00000000,0
1531271708901,1531271708900,1573303,0.00014350,8.00000000,0
1531271850983,1531271850977,1573304,0.00014350,69.68000000,0
1531271918646,1531271918640,1573305,0.00014350,258.99000000,0
1531271960056,1531271960052,1573306,0.00014370,380.94000000,0
1531271969223,1531271969218,1573307,0.00014380,69.90000000,0
1531271977836,1531271977833,1573308,0.00014380,276.73000000,0
1531271995242,1531271995239,1573309,0.00014380,53.50000000,0
1531272026363,1531272026354,1573310,0.00014390,111.53000000,0
1531272027374,1531272027371,1573311,0.00014400,47.85000000,0
1531272092433,1531272092427,1573312,0.00014410,1.06000000,0
1531272160972,1531272160969,1573313,0.00014390,0.96000000,1
1531272196395,1531272196390,1573314,0.00014410,7.00000000,0
1531272255012,1531272255009,1573315,0.00014390,0.06000000,1
1531272376985,1531272376980,1573316,0.00014410,20.75000000,0
1531272376985,1531272376980,1573317,0.00014430,11.42000000,0
1531272376985,1531272376980,1573318,0.00014440,9.00000000,0
1531272376985,1531272376980,1573319,0.00014460,134.83000000,0
1531272469183,1531272469178,1573320,0.00014390,10.26000000,1
1531272638639,1531272638631,1573321,0.00014390,0.70000000,1
1531272687576,1531272687571,1573322,0.00014390,0.18000000,1
1531272812427,1531272812423,1573323,0.00014390,4.69000000,1
1531273050611,1531273050606,1573324,0.00014390,50.10000000,1
1531273081434,1531273081430,1573325,0.00014440,0.17000000,0
1531273090179,1531273090172,1573326,0.00014340,52.57000000,1
1531273090179,1531273090172,1573327,0.00014320,27.80000000,1
1531273090179,1531273090172,1573328,0.00014310,75.00000000,1
1531273090499,1531273090495,1573329,0.00014310,149.90000000,0
1531273184842,1531273184837,1573330,0.00014310,0.31000000,1
1531273357552,1531273357545,1573331,0.00014420,745.88000000,0
1531273504920,1531273504914,1573332,0.00014420,641.22000000,0
1531273840668,1531273840663,1573333,0.00014420,18.95000000,0
1531274354106,1531274354100,1573334,0.00014420,10.30000000,0
1531274354122,1531274354118,1573335,0.00014430,39.01000000,0
1531274358751,1531274358743,1573336,0.00014430,0.07000000,0
1531274359805,1531274359798,1573337,0.00014430,20.70000000,1
1531274432684,1531274432679,1573338,0.00014420,69.34000000,0
1531274433214,1531274433209,1573339,0.00014420,60.82000000,0
1531274575431,1531274575424,1573340,0.00014390,4.74000000,1
1531274686195,1531274686190,1573341,0.00014470,7.30000000,0
1531274687033,1531274687029,1573342,0.00014470,8.87000000,1
1531274871926,1531274871918,1573343,0.00014400,6.63000000,1
1531274936103,1531274936097,1573344,0.00014480,10.03000000,0
1531274996504,1531274996498,1573345,0.00014400,1.61000000,1
1531275769566,1531275769560,1573346,0.00014400,0.97000000,1
1531275822411,1531275822405,1573347,0.00014400,0.15000000,1
1531276177830,1531276177826,1573348,0.00014400,26.14000000,1
1531276179007,1531276179003,1573349,0.00014400,0.81000000,1
1531276310673,1531276310669,1573350,0.00014400,1.35000000,1
1531276327435,1531276327429,1573351,0.00014400,0.13000000,1
1531276537099,1531276537094,1573352,0.00014460,0.49000000,0
1531276884157,1531276884154,1573353,0.00014400,0.71000000,1
1531277414275,1531277414268,1573354,0.00014400,126.69000000,1
1531277414290,1531277414284,1573355,0.00014400,146.01000000,0
1531277432079,1531277432077,1573356,0.00014460,7.75000000,0
1531277432090,1531277432086,1573357,0.00014460,61.19000000,1
1531277568015,1531277568010,1573358,0.00014470,15.14000000,0
1531277568015,1531277568010,1573359,0.00014480,40.41000000,0
1531277568015,1531277568010,1573360,0.00014500,6.90000000,0
1531277568015,1531277568010,1573361,0.00014510,6.65000000,0
1531278069384,1531278069380,1573362,0.00014460,1.58000000,1
1531278210478,1531278210474,1573363,0.00014510,46.25000000,0
1531278210478,1531278210474,1573364,0.00014520,22.66000000,0
1531278359763,1531278359757,1573365,0.00014470,39.27000000,1
1531278359763,1531278359757,1573366,0.00014460,30.41000000,1
1531278583215,1531278583211,1573367,0.00014460,2.04000000,1
1531278635518,1531278635518,1573368,0.00014460,1.12000000,1
1531278752246,1531278752245,1573369,0.00014510,39.27000000,0
1531278752246,1531278752245,1573370,0.00014520,29.64000000,0
1531278803603,1531278803597,1573371,0.00014490,39.30000000,1
1531278803603,1531278803597,1573372,0.00014480,4.70000000,1
1531278921941,1531278921937,1573373,0.00014520,10.16000000,0
1531278921941,1531278921937,1573374,0.00014560,39.30000000,0
1531278921941,1531278921937,1573375,0.00014570,60.01000000,0
1531278923558,1531278923556,1573376,0.00014570,7.45000000,1
1531279333469,1531279333466,1573377,0.00014540,1.59000000,1
1531279372920,1531279372916,1573378,0.00014540,0.26000000,1
1531279449681,1531279449682,1573379,0.00014540,3.78000000,1
1531279578072,1531279578068,1573380,0.00014570,62.93000000,1
1531279628166,1531279628164,1573381,0.00014570,0.87000000,1
1531279729424,1531279729420,1573382,0.00014580,26.53000000,0
1531279782790,1531279782786,1573383,0.00014580,1.13000000,1
1531279810909,1531279810904,1573384,0.00014580,8.35000000,1
1531279847673,1531279847668,1573385,0.00014570,141.20000000,1
1531279850322,1531279850321,1573386,0.00014550,0.48000000,1
1531279910192,1531279910189,1573387,0.00014590,452.96000000,1
1531279914882,1531279914877,1573388,0.00014590,250.00000000,0
1531279945519,1531279945514,1573389,0.00014540,17.39000000,1
1531279951448,1531279951445,1573390,0.00014580,2518.23000000,1
1531280083371,1531280083367,1573391,0.00014540,3.85000000,1
1531280128626,1531280128621,1573392,0.00014590,0.78000000,0
1531280320453,1531280320453,1573393,0.00014590,30.00000000,0
1531280324601,1531280324597,1573394,0.00014540,0.16000000,1
1531280614537,1531280614532,1573395,0.00014540,1.37000000,1
1531280704442,1531280704439,1573396,0.00014550,250.00000000,1
1531280727391,1531280727387,1573397,0.00014540,71.60000000,1
1531281084433,1531281084427,1573398,0.00014500,30.63000000,1
1531281752607,1531281752603,1573399,0.00014500,2.72000000,1
1531281815372,1531281815367,1573400,0.00014510,17.23000000,1
1531281815372,1531281815367,1573401,0.00014500,18.64000000,1
1531281822751,1531281822745,1573402,0.00014480,1940.80000000,1
1531281823759,1531281823756,1573403,0.00014460,368.53000000,1
1531281824911,1531281824905,1573404,0.00014450,52.17000000,1
1531281908748,1531281908741,1573405,0.00014430,20.26000000,1
1531282033958,1531282033952,1573406,0.00014400,0.36000000,1
1531282047909,1531282047903,1573407,0.00014400,1.52000000,1
1531282107974,1531282107968,1573408,0.00014400,71.03000000,1
1531282841067,1531282841062,1573409,0.00014400,334.69000000,1
1531282984805,1531282984801,1573410,0.00014380,0.03000000,1
1531283046930,1531283046925,1573411,0.00014380,32.97000000,1
1531283046930,1531283046925,1573412,0.00014370,50.75000000,1
1531283089119,1531283089116,1573413,0.00014480,0.14000000,0
1531283399449,1531283399444,1573414,0.00014480,0.29000000,0
1531283459084,1531283459081,1573415,0.00014370,227.73000000,1
1531283464235,1531283464231,1573416,0.00014370,58.35000000,1
1531283498580,1531283498575,1573417,0.00014450,0.02000000,0
1531283701114,1531283701110,1573418,0.00014450,1.11000000,0
1531283877647,1531283877642,1573419,0.00014450,2.79000000,0
1531283880655,1531283880653,1573420,0.00014450,0.01000000,0
1531284041233,1531284041229,1573421,0.00014450,0.28000000,0
1531284044275,1531284044271,1573422,0.00014450,0.01000000,0
1531285034140,1531285034136,1573423,0.00014450,0.28000000,0
1531285391728,1531285391723,1573424,0.00014450,0.91000000,0
1531285642972,1531285642966,1573425,0.00014310,1.12000000,1
1531285685320,1531285685316,1573426,0.00014300,0.31000000,1
1531286609733,1531286609725,1573427,0.00014420,0.10000000,0
1531286815020,1531286815015,1573428,0.00014420,23.85000000,0
1531286815041,1531286815034,1573429,0.00014420,202.91000000,0
1531286818300,1531286818300,1573430,0.00014340,202.91000000,1
1531286849915,1531286849910,1573431,0.00014410,34.67000000,0
1531286987803,1531286987797,1573432,0.00014390,0.53000000,0
1531287091851,1531287091851,1573433,0.00014300,0.05000000,1
1531287116978,1531287116971,1573434,0.00014340,0.81000000,1
1531287126030,1531287126024,1573435,0.00014340,244.61000000,1
1531287295989,1531287295981,1573436,0.00014390,1.03000000,0
1531287298999,1531287298991,1573437,0.00014390,0.01000000,0
1531287366421,1531287366414,1573438,0.00014390,25.00000000,0
1531287605196,1531287605190,1573439,0.00014340,0.29000000,1
1531288526989,1531288526985,1573440,0.00014340,91.47000000,1
1531288663707,1531288663703,1573441,0.00014340,80.00000000,1
1531288952369,1531288952369,1573442,0.00014390,7.59000000,0
1531288955384,1531288955379,1573443,0.00014390,0.02000000,0
1531289270958,1531289270954,1573444,0.00014340,0.39000000,1
1531289556036,1531289556032,1573445,0.00014340,22.15000000,1
1531289635929,1531289635927,1573446,0.00014340,3.30000000,1
1531290185321,1531290185322,1573447,0.00014300,0.90000000,1
1531290256748,1531290256746,1573448,0.00014300,0.06000000,1
1531290578133,1531290578130,1573449,0.00014300,0.76000000,1
1531290649502,1531290649500,1573450,0.00014300,0.19000000,1
1531290718880,1531290718881,1573451,0.00014300,0.66000000,1
1531290721158,1531290721154,1573452,0.00014300,106.00000000,1
1531290974622,1531290974621,1573453,0.00014350,1.38000000,0
1531290976826,1531290976824,1573454,0.00014350,0.01000000,0
1531291013962,1531291013959,1573455,0.00014350,96.09000000,0
1531291183696,1531291183692,1573456,0.00014310,0.04000000,1
1531291718064,1531291718062,1573457,0.00014310,250.90000000,1
1531291796104,1531291796102,1573458,0.00014340,32.54000000,0
1531291796104,1531291796102,1573459,0.00014350,7.50000000,0
1531291796104,1531291796102,1573460,0.00014370,29.69000000,0
1531292551879,1531292551877,1573461,0.00014310,1.03000000,1
1531292669400,1531292669397,1573462,0.00014310,9.16000000,1
1531292848430,1531292848426,1573463,0.00014310,0.97000000,1
1531292886270,1531292886267,1573464,0.00014370,7.27000000,0
1531292895808,1531292895806,1573465,0.00014310,1.06000000,1
1531292900985,1531292900982,1573466,0.00014310,0.23000000,1
1531293227383,1531293227379,1573467,0.00014400,52.36000000,0
1531293227383,1531293227379,1573468,0.00014440,33.00000000,0
1531293227383,1531293227379,1573469,0.00014450,50.97000000,0
1531293227383,1531293227379,1573470,0.00014480,973.97000000,0
1531293227383,1531293227379,1573471,0.00014490,2274.89000000,0
1531293227383,1531293227379,1573472,0.00014500,4190.08000000,0
1531293234396,1531293234334,1573473,0.00014480,4.92000000,0
1531293391766,1531293391761,1573474,0.00014480,10.35000000,0
1531293789240,1531293789238,1573475,0.00014420,0.26000000,1
1531293873714,1531293873710,1573476,0.00014440,0.06000000,1
1531293922788,1531293922784,1573477,0.00014440,237.43000000,1
1531293940634,1531293940628,1573478,0.00014440,45.32000000,1
1531293943071,1531293943067,1573479,0.00014440,9.58000000,1
1531294176046,1531294176047,1573480,0.00014500,300.00000000,0
1531294184615,1531294184613,1573481,0.00014500,268.12000000,0
1531294185200,1531294185195,1573482,0.00014500,183.74000000,0
1531294187704,1531294187704,1573483,0.00014510,1.48000000,0
1531294199401,1531294199396,1573484,0.00014510,64.34000000,0
1531294205209,1531294205206,1573485,0.00014520,7.27000000,0
1531294210095,1531294210090,1573486,0.00014550,1.48000000,0
1531294390029,1531294390025,1573487,0.00014510,1.22000000,1
1531294411639,1531294411636,1573488,0.00014510,0.16000000,1
1531294580221,1531294580217,1573489,0.00014550,365.46000000,0
1531294587205,1531294587200,1573490,0.00014580,1.48000000,0
1531294689362,1531294689358,1573491,0.00014550,310.87000000,1
1531294720365,1531294720362,1573492,0.00014580,15.75000000,0
1531294733003,1531294733001,1573493,0.00014540,104.36000000,1
1531294812936,1531294812933,1573494,0.00014540,28.25000000,1
1531294827830,1531294827827,1573495,0.00014540,11.33000000,1
1531294923428,1531294923423,1573496,0.00014540,0.87000000,1
1531295551684,1531295551681,1573497,0.00014540,27.79000000,1
1531295575350,1531295575346,1573498,0.00014590,51.67000000,0
1531295575350,1531295575346,1573499,0.00014600,16.87000000,0
1531296236200,1531296236194,1573500,0.00014600,0.40000000,0
1531296301855,1531296301850,1573501,0.00014600,0.42000000,0
1531296301855,1531296301850,1573502,0.00014620,68.07000000,0
1531296308928,1531296308925,1573503,0.00014620,1.48000000,0
1531296415817,1531296415815,1573504,0.00014550,2.98000000,1
1531296609378,1531296609374,1573505,0.00014610,302.81000000,0
1531296610480,1531296610478,1573506,0.00014620,34.32000000,0
1531296612481,1531296612478,1573507,0.00014630,136.59000000,0
1531296613544,1531296613541,1573508,0.00014640,7.89000000,0
1531296615480,1531296615477,1573509,0.00014650,97.32000000,0
1531296616449,1531296616448,1573510,0.00014660,1.48000000,0
1531296617791,1531296617786,1573511,0.00014660,13.32000000,0
1531296619391,1531296619389,1573512,0.00014670,8.07000000,0
1531296858147,1531296858143,1573513,0.00014680,19.29000000,0
1531296858163,1531296858159,1573514,0.00014690,14.89000000,0
1531296858163,1531296858159,1573515,0.00014700,54.97000000,0
1531296858163,1531296858159,1573516,0.00014710,8.05000000,0
1531296858163,1531296858159,1573517,0.00014720,134.29000000,0
1531296858167,1531296858163,1573518,0.00014720,12.23000000,0
1531296858182,1531296858180,1573519,0.00014730,7.97000000,0
1531296859344,1531296859340,1573520,0.00014690,0.54000000,1
1531296862993,1531296862993,1573521,0.00014740,1.48000000,0
1531296864541,1531296864538,1573522,0.00014690,0.28000000,1
1531296908338,1531296908335,1573523,0.00014670,10.35000000,1
1531296909629,1531296909625,1573524,0.00014670,0.71000000,1
1531297036104,1531297036100,1573525,0.00014670,40.33000000,1
1531297036104,1531297036100,1573526,0.00014620,71.65000000,1
1531297036104,1531297036100,1573527,0.00014610,8.01000000,1
1531297036104,1531297036100,1573528,0.00014600,2.89000000,1
1531297114792,1531297114789,1573529,0.00014620,51.57000000,1
1531297114792,1531297114789,1573530,0.00014600,5.07000000,1
1531297114973,1531297114970,1573531,0.00014600,17.09000000,0
1531297120456,1531297120451,1573532,0.00014590,8.09000000,1
1531297120456,1531297120451,1573533,0.00014580,8.13000000,1
1531297120456,1531297120451,1573534,0.00014570,53.66000000,1
1531297127519,1531297127515,1573535,0.00014590,39.13000000,0
1531297127936,1531297127933,1573536,0.00014570,69.93000000,1
1531297191304,1531297191300,1573537,0.00014570,4.18000000,1
1531297191304,1531297191300,1573538,0.00014560,7.64000000,1
1531297256809,1531297256805,1573539,0.00014560,4.80000000,1
1531297270053,1531297270050,1573540,0.00014600,84.50000000,0
1531297383174,1531297383171,1573541,0.00014630,0.05000000,1
1531297383420,1531297383419,1573542,0.00014670,51.39000000,0
1531297388424,1531297388420,1573543,0.00014680,8.07000000,0
1531297396910,1531297396907,1573544,0.00014630,0.05000000,1
1531297408290,1531297408286,1573545,0.00014640,0.05000000,1
1531297409853,1531297409850,1573546,0.00014630,0.05000000,1
1531297424480,1531297424475,1573547,0.00014630,0.05000000,1
1531297488327,1531297488325,1573548,0.00014640,0.36000000,1
1531297495016,1531297495014,1573549,0.00014640,0.36000000,1
1531297506214,1531297506212,1573550,0.00014640,0.36000000,1
1531297520048,1531297520044,1573551,0.00014640,0.36000000,1
1531297537758,1531297537753,1573552,0.00014660,13.80000000,1
1531297557427,1531297557424,1573553,0.00014690,8.13000000,0
1531297558433,1531297558431,1573554,0.00014700,25.22000000,0
1531297559431,1531297559428,1573555,0.00014710,59.34000000,0
1531297563522,1531297563520,1573556,0.00014720,7.96000000,0
1531297586418,1531297586413,1573557,0.00014730,20.24000000,0
1531297586418,1531297586413,1573558,0.00014740,39.56000000,0
1531297586418,1531297586413,1573559,0.00014750,8.08000000,0
1531297805526,1531297805524,1573560,0.00014750,29.14000000,0
1531297850643,1531297850641,1573561,0.00014710,0.08000000,1
1531297866624,1531297866622,1573562,0.00014710,0.08000000,1
1531297879823,1531297879820,1573563,0.00014710,0.08000000,1
1531297889903,1531297889900,1573564,0.00014760,8.11000000,0
1531297889903,1531297889900,1573565,0.00014770,9.58000000,0
1531297890611,1531297890609,1573566,0.00014700,0.08000000,1
1531297927402,1531297927399,1573567,0.00014770,7.81000000,0
1531297928590,1531297928588,1573568,0.00014770,13.42000000,0
1531298063471,1531298063467,1573569,0.00014720,2.92000000,1
1531298109509,1531298109507,1573570,0.00014720,27.47000000,1
1531298372023,1531298372021,1573571,0.00014720,0.19000000,1
1531298504887,1531298504884,1573572,0.00014720,46.70000000,1
1531298537617,1531298537615,1573573,0.00014720,14.00000000,1
1531298635630,1531298635627,1573574,0.00014710,3.87000000,1
1531298646232,1531298646230,1573575,0.00014720,231.60000000,1
1531298873595,1531298873590,1573576,0.00014780,79.95000000,0
1531298873621,1531298873619,1573577,0.00014780,0.19000000,0
1531298874216,1531298874212,1573578,0.00014790,8.16000000,0
1531298897280,1531298897277,1573579,0.00014790,0.01000000,0
1531298897305,1531298897304,1573580,0.00014800,51.99000000,0
1531298930782,1531298930779,1573581,0.00014800,0.06000000,0
1531298930782,1531298930779,1573582,0.00014810,8.18000000,0
1531298930782,1531298930779,1573583,0.00014820,32.05000000,0
1531298930782,1531298930779,1573584,0.00014830,4.83000000,0
1531298930896,1531298930890,1573585,0.00014830,3.15000000,0
1531298930896,1531298930890,1573586,0.00014840,15.13000000,0
1531298930896,1531298930890,1573587,0.00014850,7.95000000,0
1531298930896,1531298930890,1573588,0.00014860,15.07000000,0
1531298930916,1531298930913,1573589,0.00014870,40.92000000,0
1531298931771,1531298931769,1573590,0.00014810,8.24000000,1
1531298931771,1531298931769,1573591,0.00014760,65.49000000,1
1531298931794,1531298931791,1573592,0.00014870,0.17000000,0
1531298932096,1531298932093,1573593,0.00014880,54.49000000,0
1531298933695,1531298933691,1573594,0.00014890,69.18000000,0
1531298935747,1531298935745,1573595,0.00014900,8.39000000,0
1531298936224,1531298936221,1573596,0.00014880,0.17000000,1
1531298937288,1531298937284,1573597,0.00014880,17.62000000,1
1531298937410,1531298937408,1573598,0.00014880,3.45000000,1
1531298937434,1531298937431,1573599,0.00014880,4.49000000,1
1531298937469,1531298937468,1573600,0.00014880,3.27000000,1
1531298937484,1531298937482,1573601,0.00014880,3.70000000,1
1531298937499,1531298937496,1573602,0.00014880,7.07000000,1
1531298937530,1531298937525,1573603,0.00014880,3.92000000,1
1531298937631,1531298937625,1573604,0.00014880,3.05000000,1
1531298937704,1531298937704,1573605,0.00014880,4.46000000,1
1531298937777,1531298937777,1573606,0.00014880,3.46000000,1
1531298937777,1531298937777,1573607,0.00014840,6.34000000,1
1531298937819,1531298937817,1573608,0.00014840,4.10000000,1
1531298938077,1531298938073,1573609,0.00014840,4.21000000,1
1531298938143,1531298938141,1573610,0.00014840,4.20000000,1
1531298938172,1531298938171,1573611,0.00014840,4.24000000,1
1531298938195,1531298938194,1573612,0.00014840,10.25000000,1
1531298938229,1531298938226,1573613,0.00014840,7.09000000,1
1531298938303,1531298938300,1573614,0.00014840,10.37000000,1
1531298938303,1531298938300,1573615,0.00014790,2.94000000,1
1531298938371,1531298938370,1573616,0.00014790,4.31000000,1
1531298938429,1531298938427,1573617,0.00014790,4.45000000,1
1531298938549,1531298938548,1573618,0.00014810,13.41000000,1
1531298938590,1531298938587,1573619,0.00014810,4.77000000,1
1531298938632,1531298938631,1573620,0.00014810,2.97000000,1
1531298941096,1531298941092,1573621,0.00014910,8.33000000,0
1531298941096,1531298941092,1573622,0.00014920,16.19000000,0
1531298941096,1531298941092,1573623,0.00014930,8.39000000,0
1531298941096,1531298941092,1573624,0.00014940,8.34000000,0
1531298941096,1531298941092,1573625,0.00014950,8.50000000,0
1531298941096,1531298941092,1573626,0.00014960,8.39000000,0
1531298941096,1531298941092,1573627,0.00014970,9.01000000,0
1531298979897,1531298979897,1573628,0.00014870,3.94000000,1
1531298988073,1531298988071,1573629,0.00014870,3.74000000,1
1531298988089,1531298988085,1573630,0.00014870,8.12000000,1
1531298988149,1531298988146,1573631,0.00014870,9.24000000,1
