event_time,trade_time,trade_id,price,quantity,maker
1531210375970,1531210375965,2923450,0.00016070,0.06000000,0
1531210378849,1531210378844,2923451,0.00015970,15.65000000,1
1531210401552,1531210401549,2923452,0.00015980,1.34000000,1
1531210402249,1531210402246,2923453,0.00015930,11.42000000,1
1531210402778,1531210402772,2923454,0.00015920,1.34000000,1
1531210402899,1531210402894,2923455,0.00015920,1.92000000,1
1531210403626,1531210403623,2923456,0.00015920,4.21000000,1
1531210404164,1531210404164,2923457,0.00015930,4.28000000,1
1531210405448,1531210405443,2923458,0.00015910,4.19000000,1
1531210405555,1531210405551,2923459,0.00015910,1.84000000,1
1531210405757,1531210405754,2923460,0.00015910,4.28000000,1
1531210406306,1531210406301,2923461,0.00015910,2.10000000,1
1531210406937,1531210406930,2923462,0.00015910,4.94000000,1
1531210407474,1531210407470,2923463,0.00015910,6.20000000,1
1531210407974,1531210407969,2923464,0.00015910,1.89000000,1
1531210408568,1531210408564,2923465,0.00015910,1.53000000,1
1531210409077,1531210409070,2923466,0.00015910,13.87000000,1
1531210409620,1531210409615,2923467,0.00015910,2.05000000,1
1531210410134,1531210410130,2923468,0.00015910,1.60000000,1
1531210410888,1531210410885,2923469,0.00015910,1.58000000,1
1531210411874,1531210411871,2923470,0.00015910,9.54000000,1
1531210412478,1531210412474,2923471,0.00015910,2.63000000,1
1531210413181,1531210413176,2923472,0.00015910,2.17000000,1
1531210413848,1531210413844,2923473,0.00015910,2.06000000,1
1531210414396,1531210414392,2923474,0.00015910,3.22000000,1
1531210414893,1531210414889,2923475,0.00015910,2.12000000,1
1531210415564,1531210415557,2923476,0.00015910,2.05000000,1
1531210416016,1531210416012,2923477,0.00015910,7.92000000,1
1531210416939,1531210416934,2923478,0.00015910,4.91000000,1
1531210417613,1531210417608,2923479,0.00015910,3.86000000,1
1531210418152,1531210418151,2923480,0.00015910,3.72000000,1
1531210418471,1531210418467,2923481,0.00015910,144.59000000,1
1531210418471,1531210418467,2923482,0.00015900,241.22000000,1
1531210419045,1531210419040,2923483,0.00015900,3.91000000,1
1531210419570,1531210419565,2923484,0.00015900,1.50000000,1
1531210419861,1531210419855,2923485,0.00015900,3.50000000,1
1531210420619,1531210420614,2923486,0.00015900,7.05000000,1
1531210421063,1531210421058,2923487,0.00015950,0.22000000,0
1531210421273,1531210421269,2923488,0.00015900,2.05000000,1
1531210421758,1531210421754,2923489,0.00015900,2.51000000,1
1531210422469,1531210422465,2923490,0.00015900,1.74000000,1
1531210422940,1531210422935,2923491,0.00015900,2.92000000,1
1531210423640,1531210423636,2923492,0.00015900,4.24000000,1
1531210424259,1531210424254,2923493,0.00015900,1.69000000,1
1531210424923,1531210424917,2923494,0.00015900,4.68000000,1
1531210460218,1531210460213,2923495,0.00015900,6.79000000,1
1531210460304,1531210460300,2923496,0.00015900,6.79000000,1
1531210466276,1531210466270,2923497,0.00015900,0.52000000,1
1531210489584,1531210489578,2923498,0.00015910,18.67000000,0
1531210528092,1531210528086,2923499,0.00015910,1.44000000,1
1531210528754,1531210528749,2923500,0.00015910,2.39000000,1
1531210529320,1531210529316,2923501,0.00015910,2.07000000,1
1531210529674,1531210529670,2923502,0.00015910,4.48000000,1
1531210530172,1531210530168,2923503,0.00015900,3.36000000,1
1531210530777,1531210530771,2923504,0.00015900,2.08000000,1
1531210531271,1531210531266,2923505,0.00015900,13.36000000,1
1531210531652,1531210531648,2923506,0.00015900,3.99000000,1
1531210532051,1531210532045,2923507,0.00015900,1.55000000,1
1531210532520,1531210532515,2923508,0.00015900,3.80000000,1
1531210533237,1531210533232,2923509,0.00015900,1.40000000,1
1531210533636,1531210533631,2923510,0.00015900,2.95000000,1
1531210534440,1531210534435,2923511,0.00015900,2.35000000,1
1531210534976,1531210534972,2923512,0.00015900,2.69000000,1
1531210535430,1531210535426,2923513,0.00015900,2.00000000,1
1531210536614,1531210536611,2923514,0.00015900,4.14000000,1
1531210536894,1531210536890,2923515,0.00015900,4.64000000,1
1531210537125,1531210537122,2923516,0.00015900,1.59000000,1
1531210537576,1531210537572,2923517,0.00015900,4.40000000,1
1531210538054,1531210538050,2923518,0.00015900,1.59000000,1
1531210538588,1531210538583,2923519,0.00015900,4.28000000,1
1531210539028,1531210539025,2923520,0.00015900,6.22000000,1
1531210539864,1531210539860,2923521,0.00015900,3.93000000,1
1531210540175,1531210540171,2923522,0.00015900,1.66000000,1
1531210540679,1531210540679,2923523,0.00015900,3.86000000,1
1531210541218,1531210541214,2923524,0.00015900,1.67000000,1
1531210541657,1531210541654,2923525,0.00015900,5.28000000,1
1531210542198,1531210542195,2923526,0.00015900,21.48000000,1
1531210542630,1531210542627,2923527,0.00015900,2.48000000,1
1531210543434,1531210543430,2923528,0.00015900,1.90000000,1
1531210543944,1531210543939,2923529,0.00015900,3.54000000,1
1531210544566,1531210544561,2923530,0.00015900,1.93000000,1
1531210545038,1531210545037,2923531,0.00015900,4.23000000,1
1531210545576,1531210545573,2923532,0.00015900,1.33000000,1
1531210546361,1531210546356,2923533,0.00015900,1.84000000,1
1531210546697,1531210546693,2923534,0.00015900,4.05000000,1
1531210547107,1531210547102,2923535,0.00015900,1.86000000,1
1531210547628,1531210547623,2923536,0.00015900,4.46000000,1
1531210548136,1531210548131,2923537,0.00015900,2.19000000,1
1531210548823,1531210548817,2923538,0.00015900,3.75000000,1
1531210573997,1531210573993,2923539,0.00015900,4.92000000,1
1531210574581,1531210574576,2923540,0.00015900,4.27000000,1
1531210575076,1531210575072,2923541,0.00015900,4.28000000,1
1531210575577,1531210575573,2923542,0.00015900,3.55000000,1
1531210576013,1531210576009,2923543,0.00015900,2.20000000,1
1531210576647,1531210576647,2923544,0.00015900,8.85000000,1
1531210577137,1531210577133,2923545,0.00015900,1.36000000,1
1531210577645,1531210577641,2923546,0.00015900,2.63000000,1
1531210578224,1531210578220,2923547,0.00015900,3.91000000,1
1531210578645,1531210578641,2923548,0.00015900,1.36000000,1
1531210579255,1531210579251,2923549,0.00015900,7.25000000,1
1531210579650,1531210579646,2923550,0.00015900,1.81000000,1
1531210580161,1531210580157,2923551,0.00015900,6.62000000,1
1531210580758,1531210580754,2923552,0.00015900,1.67000000,1
1531210581010,1531210581004,2923553,0.00015900,5.10000000,1
1531210581376,1531210581370,2923554,0.00015900,5.20000000,1
1531210581928,1531210581923,2923555,0.00015900,1.64000000,1
1531210582479,1531210582474,2923556,0.00015900,3.93000000,1
1531210583014,1531210583009,2923557,0.00015900,3.65000000,1
1531210583556,1531210583551,2923558,0.00015900,3.98000000,1
1531210584093,1531210584087,2923559,0.00015900,5.84000000,1
1531210584702,1531210584698,2923560,0.00015900,2.24000000,1
1531210585450,1531210585446,2923561,0.00015900,3.28000000,1
1531210586276,1531210586272,2923562,0.00015900,3.03000000,1
1531210586786,1531210586781,2923563,0.00015900,1.99000000,1
1531210587296,1531210587292,2923564,0.00015900,3.99000000,1
1531210587737,1531210587734,2923565,0.00015900,2.31000000,1
1531210588249,1531210588245,2923566,0.00015900,14.71000000,1
1531210588860,1531210588856,2923567,0.00015900,4.84000000,1
1531210589331,1531210589323,2923568,0.00015900,1.50000000,1
1531210589796,1531210589793,2923569,0.00015900,1.75000000,1
1531210590413,1531210590409,2923570,0.00015900,3.54000000,1
1531210590886,1531210590886,2923571,0.00015900,7.98000000,1
1531210591406,1531210591402,2923572,0.00015900,3.09000000,1
1531210591781,1531210591776,2923573,0.00015900,3.24000000,1
1531210592498,1531210592493,2923574,0.00015900,4.89000000,1
1531210592971,1531210592965,2923575,0.00015900,5.58000000,1
1531210593470,1531210593465,2923576,0.00015900,4.72000000,1
1531210594046,1531210594040,2923577,0.00015900,1.95000000,1
1531210594545,1531210594541,2923578,0.00015900,1.47000000,1
1531210597100,1531210597095,2923579,0.00015990,6.75000000,0
1531210597112,1531210597107,2923580,0.00015990,6.75000000,0
1531210650176,1531210650172,2923581,0.00015930,43.66000000,1
1531210650220,1531210650216,2923582,0.00015920,6.89000000,1
1531210650220,1531210650216,2923583,0.00015900,502.69000000,1
1531210650343,1531210650340,2923584,0.00015900,91.43000000,1
1531210651668,1531210651664,2923585,0.00015900,268.70000000,1
1531210701911,1531210701907,2923586,0.00015920,0.04000000,0
1531210708686,1531210708681,2923587,0.00015900,1.38000000,1
1531210709162,1531210709158,2923588,0.00015900,4.63000000,1
1531210709660,1531210709654,2923589,0.00015900,1.58000000,1
1531210710251,1531210710246,2923590,0.00015900,1.63000000,1
1531210710865,1531210710859,2923591,0.00015900,9.69000000,1
1531210711492,1531210711487,2923592,0.00015900,1.61000000,1
1531210711881,1531210711877,2923593,0.00015900,3.45000000,1
1531210712428,1531210712422,2923594,0.00015900,7.82000000,1
1531210712893,1531210712889,2923595,0.00015900,5.02000000,1
1531210713483,1531210713479,2923596,0.00015900,9.29000000,1
1531210713918,1531210713918,2923597,0.00015900,3.41000000,1
1531210714437,1531210714432,2923598,0.00015900,5.48000000,1
1531210715124,1531210715120,2923599,0.00015900,2.51000000,1
1531210715576,1531210715573,2923600,0.00015900,4.38000000,1
1531210716458,1531210716454,2923601,0.00015900,4.30000000,1
1531210717058,1531210717054,2923602,0.00015900,7.59000000,1
1531210717439,1531210717436,2923603,0.00015900,3.64000000,1
1531210717948,1531210717942,2923604,0.00015900,9.60000000,1
1531210718808,1531210718807,2923605,0.00015900,1.98000000,1
1531210719231,1531210719226,2923606,0.00015900,1.61000000,1
1531210719758,1531210719754,2923607,0.00015900,1.95000000,1
1531210720244,1531210720238,2923608,0.00015900,3.94000000,1
1531210720755,1531210720750,2923609,0.00015900,4.96000000,1
1531210721220,1531210721216,2923610,0.00015900,3.88000000,1
1531210721332,1531210721328,2923611,0.00015900,4.51000000,1
1531210721762,1531210721759,2923612,0.00015900,3.81000000,1
1531210721840,1531210721840,2923613,0.00015900,4.98000000,1
1531210722236,1531210722231,2923614,0.00015900,5.09000000,1
1531210722473,1531210722470,2923615,0.00015900,2.12000000,1
1531210722617,1531210722615,2923616,0.00015900,6.80000000,1
1531210722834,1531210722830,2923617,0.00015900,14.29000000,1
1531210723245,1531210723240,2923618,0.00015900,1.31000000,1
1531210723339,1531210723335,2923619,0.00015900,9.05000000,1
1531210723836,1531210723832,2923620,0.00015900,3.82000000,1
1531210724042,1531210724038,2923621,0.00015900,3.59000000,1
1531210724571,1531210724568,2923622,0.00015900,1.81000000,1
1531210724769,1531210724764,2923623,0.00015900,2.28000000,1
1531210725081,1531210725077,2923624,0.00015900,9.22000000,1
1531210725369,1531210725363,2923625,0.00015900,4.16000000,1
1531210725720,1531210725715,2923626,0.00015900,5.30000000,1
1531210725786,1531210725781,2923627,0.00015900,4.74000000,1
1531210726202,1531210726199,2923628,0.00015900,8.84000000,1
1531210726226,1531210726221,2923629,0.00015900,3.77000000,1
1531210726685,1531210726682,2923630,0.00015900,3.48000000,1
1531210726725,1531210726721,2923631,0.00015900,3.92000000,1
1531210727345,1531210727339,2923632,0.00015900,3.81000000,1
1531210727768,1531210727763,2923633,0.00015900,3.96000000,1
1531210728286,1531210728282,2923634,0.00015900,4.73000000,1
1531210728914,1531210728910,2923635,0.00015900,1.63000000,1
1531210729441,1531210729436,2923636,0.00015900,7.83000000,1
1531210736258,1531210736253,2923637,0.00015920,6.69000000,0
1531210769036,1531210769032,2923638,0.00015900,0.03000000,1
1531210804568,1531210804565,2923639,0.00015920,1.40000000,0
1531210807578,1531210807573,2923640,0.00015920,0.01000000,0
1531210893818,1531210893814,2923641,0.00015920,0.01000000,0
1531210922231,1531210922228,2923642,0.00015920,13.56000000,0
1531210922365,1531210922361,2923643,0.00015920,6.76000000,0
1531210939898,1531210939894,2923644,0.00015920,23.29000000,0
1531211083069,1531211083065,2923645,0.00015920,5.71000000,0
1531211124197,1531211124191,2923646,0.00015980,0.56000000,0
1531211133232,1531211133226,2923647,0.00015980,3.74000000,0
1531211262244,1531211262238,2923648,0.00015900,31.79000000,1
1531211366636,1531211366631,2923649,0.00015900,0.89000000,1
1531211395097,1531211395092,2923650,0.00015980,12.75000000,0
1531211395192,1531211395189,2923651,0.00015980,12.75000000,0
1531211405332,1531211405330,2923652,0.00015900,54.94000000,1
1531211438144,1531211438138,2923653,0.00015900,95.04000000,1
1531211725029,1531211725027,2923654,0.00015910,0.10000000,1
1531212082855,1531212082849,2923655,0.00015910,0.09000000,1
1531212122516,1531212122515,2923656,0.00015910,0.40000000,1
1531212135940,1531212135935,2923657,0.00015980,113.86000000,0
1531212135940,1531212135935,2923658,0.00015990,48.16000000,0
1531212135940,1531212135935,2923659,0.00016000,10.38000000,0
1531212135940,1531212135935,2923660,0.00016050,17.60000000,0
1531212334621,1531212334616,2923661,0.00015980,0.13000000,1
1531212379630,1531212379625,2923662,0.00015930,0.23000000,1
1531212454640,1531212454634,2923663,0.00016020,10.00000000,0
1531212454640,1531212454634,2923664,0.00016030,2.40000000,0
1531212465043,1531212465039,2923665,0.00015930,0.86000000,1
1531212487041,1531212487036,2923666,0.00015930,0.23000000,1
1531212792024,1531212792020,2923667,0.00015920,0.18000000,1
1531212807750,1531212807745,2923668,0.00015920,0.01000000,1
1531212824533,1531212824529,2923669,0.00015920,0.65000000,1
1531212893821,1531212893815,2923670,0.00015950,6.78000000,1
1531213120696,1531213120693,2923671,0.00015970,3.75000000,1
1531213121901,1531213121897,2923672,0.00015920,3.75000000,1
1531213184943,1531213184939,2923673,0.00015940,9.61000000,1
1531213277760,1531213277754,2923674,0.00015940,26.39000000,1
1531213277796,1531213277792,2923675,0.00015920,0.06000000,1
1531213277828,1531213277825,2923676,0.00015940,56.77000000,0
1531213278506,1531213278500,2923677,0.00015940,6.77000000,0
1531213278869,1531213278864,2923678,0.00015940,9.42000000,0
1531213286969,1531213286963,2923679,0.00016030,16.35000000,0
1531213296894,1531213296888,2923680,0.00016010,0.12000000,0
1531213404749,1531213404746,2923681,0.00015950,0.05000000,1
1531213406399,1531213406394,2923682,0.00015920,0.05000000,1
1531213528217,1531213528211,2923683,0.00015930,0.45000000,1
1531213529473,1531213529468,2923684,0.00015920,0.45000000,1
1531213688375,1531213688370,2923685,0.00015950,0.10000000,1
1531213823231,1531213823228,2923686,0.00015950,37.00000000,1
1531213835511,1531213835507,2923687,0.00016030,0.05000000,0
1531213927368,1531213927363,2923688,0.00015950,40.00000000,1
1531213929014,1531213929009,2923689,0.00015960,36.00000000,1
1531214048419,1531214048416,2923690,0.00015950,0.66000000,1
1531214220518,1531214220513,2923691,0.00016060,0.50000000,0
1531214287956,1531214287952,2923692,0.00015950,2.42000000,1
1531214289519,1531214289513,2923693,0.00015950,0.07000000,1
1531214446629,1531214446625,2923694,0.00015960,15.00000000,1
1531214446629,1531214446625,2923695,0.00015950,19.85000000,1
1531214448218,1531214448214,2923696,0.00015940,32.56000000,1
1531214456861,1531214456855,2923697,0.00015920,99.33000000,1
1531214456861,1531214456855,2923698,0.00015910,71.01000000,1
1531214456861,1531214456855,2923699,0.00015900,563.38000000,1
1531214484572,1531214484565,2923700,0.00015900,2.73000000,1
1531214486461,1531214486457,2923701,0.00015910,35.99000000,1
1531214493142,1531214493139,2923702,0.00016000,0.02000000,0
1531214538367,1531214538364,2923703,0.00015990,0.63000000,0
1531214599756,1531214599753,2923704,0.00015980,48.00000000,0
1531214599756,1531214599753,2923705,0.00015990,52.00000000,0
1531214620746,1531214620742,2923706,0.00015900,0.06000000,1
1531214620839,1531214620833,2923707,0.00015900,445.40000000,1
1531214670913,1531214670909,2923708,0.00015960,6.28000000,0
1531214688262,1531214688257,2923709,0.00015890,20.00000000,1
1531214705356,1531214705350,2923710,0.00015890,4.00000000,1
1531214705356,1531214705350,2923711,0.00015880,31.44000000,1
1531214705356,1531214705350,2923712,0.00015870,41.69000000,1
1531214705356,1531214705350,2923713,0.00015860,80.42000000,1
1531214705356,1531214705350,2923714,0.00015850,91.72000000,1
1531214705356,1531214705350,2923715,0.00015830,106.10000000,1
1531214705356,1531214705350,2923716,0.00015820,31.50000000,1
1531214705356,1531214705350,2923717,0.00015810,255.79000000,1
1531214705356,1531214705350,2923718,0.00015800,452.16000000,1
1531214706517,1531214706513,2923719,0.00015900,24.59000000,0
1531214707440,1531214707436,2923720,0.00015900,73.87000000,0
1531214707889,1531214707885,2923721,0.00015870,12.40000000,0
1531214719364,1531214719359,2923722,0.00015900,13.84000000,0
1531214729309,1531214729305,2923723,0.00015840,0.26000000,1
1531214740520,1531214740516,2923724,0.00015880,6.37000000,1
1531214760495,1531214760491,2923725,0.00015900,0.01000000,0
1531214760495,1531214760491,2923726,0.00015940,6.28000000,0
1531214760495,1531214760491,2923727,0.00015960,0.47000000,0
1531214794427,1531214794423,2923728,0.00015890,46.60000000,1
1531214844135,1531214844132,2923729,0.00015960,6.64000000,0
1531214844163,1531214844158,2923730,0.00015960,0.26000000,0
1531214844163,1531214844158,2923731,0.00015980,6.38000000,0
1531215032352,1531215032348,2923732,0.00015900,1.30000000,1
1531215033557,1531215033551,2923733,0.00015890,1.30000000,1
1531215105032,1531215105026,2923734,0.00015890,5.22000000,1
1531215105032,1531215105026,2923735,0.00015840,30.58000000,1
1531215105032,1531215105026,2923736,0.00015830,6.90000000,1
1531215105032,1531215105026,2923737,0.00015820,23.42000000,1
1531215105032,1531215105026,2923738,0.00015800,135.50000000,1
1531215105032,1531215105026,2923739,0.00015790,25.33000000,1
1531215105032,1531215105026,2923740,0.00015780,1148.87000000,1
1531215105032,1531215105026,2923741,0.00015770,1003.79000000,1
1531215114049,1531215114045,2923742,0.00015950,35.00000000,0
1531215119574,1531215119570,2923743,0.00015800,1.08000000,1
1531215142834,1531215142828,2923744,0.00015850,100.00000000,1
1531215143196,1531215143192,2923745,0.00015850,15.11000000,1
1531215143243,1531215143239,2923746,0.00015850,16.76000000,0
1531215143611,1531215143606,2923747,0.00015850,6.37000000,0
1531215145403,1531215145399,2923748,0.00015840,460.69000000,0
1531215145625,1531215145621,2923749,0.00015840,65.29000000,0
1531215147080,1531215147076,2923750,0.00015840,0.89000000,1
1531215156229,1531215156225,2923751,0.00015850,13.89000000,0
1531215163105,1531215163101,2923752,0.00015850,6.38000000,1
1531215186923,1531215186918,2923753,0.00015900,13.30000000,0
1531215274157,1531215274153,2923754,0.00015910,6.29000000,0
1531215274157,1531215274153,2923755,0.00015930,31.00000000,0
1531215274157,1531215274153,2923756,0.00015940,48.31000000,0
1531215274157,1531215274153,2923757,0.00015950,5.83000000,0
1531215300200,1531215300195,2923758,0.00015850,9.78000000,1
1531215365355,1531215365350,2923759,0.00015940,0.01000000,0
1531215385600,1531215385594,2923760,0.00015910,9.77000000,0
1531215385600,1531215385594,2923761,0.00015920,50.83000000,0
1531215385600,1531215385594,2923762,0.00015950,2.25000000,0
1531215414742,1531215414737,2923763,0.00015850,40.65000000,1
1531215414742,1531215414737,2923764,0.00015840,79.35000000,1
1531215437935,1531215437930,2923765,0.00015840,0.89000000,1
1531215629236,1531215629233,2923766,0.00015850,0.89000000,1
1531215639626,1531215639622,2923767,0.00015850,3.00000000,1
1531215845343,1531215845339,2923768,0.00015940,40.65000000,0
1531215846143,1531215846139,2923769,0.00015940,10.35000000,1
1531215848495,1531215848491,2923770,0.00015840,0.34000000,1
1531215925649,1531215925644,2923771,0.00015840,93.17000000,1
1531215925649,1531215925644,2923772,0.00015810,102.73000000,1
1531215925649,1531215925644,2923773,0.00015790,28.45000000,1
1531215925671,1531215925667,2923774,0.00015790,245.55000000,0
1531215925702,1531215925697,2923775,0.00015790,41.97000000,0
1531215927349,1531215927345,2923776,0.00015790,3.47000000,0
1531215927391,1531215927388,2923777,0.00015790,4.82000000,0
1531215972513,1531215972508,2923778,0.00015780,32.03000000,1
1531215974163,1531215974159,2923779,0.00015790,68.80000000,0
1531215978638,1531215978635,2923780,0.00015880,3.54000000,0
1531215988348,1531215988344,2923781,0.00015870,1.34000000,0
1531215992230,1531215992227,2923782,0.00015870,6.24000000,0
1531215998126,1531215998122,2923783,0.00015860,0.48000000,0
1531216009044,1531216009041,2923784,0.00015770,41.97000000,1
1531216034564,1531216034559,2923785,0.00015840,4.28000000,0
1531216036643,1531216036638,2923786,0.00015820,63.13000000,0
1531216130792,1531216130789,2923787,0.00015850,3.44000000,0
1531216141470,1531216141466,2923788,0.00015780,1101.62000000,1
1531216142298,1531216142293,2923789,0.00015780,259.13000000,0
1531216153355,1531216153351,2923790,0.00015810,0.04000000,0
1531216225075,1531216225071,2923791,0.00015800,0.39000000,0
1531216226637,1531216226634,2923792,0.00015770,4000.00000000,1
1531216265357,1531216265353,2923793,0.00015780,9.57000000,0
1531216267956,1531216267951,2923794,0.00015790,41.82000000,0
1531216285204,1531216285199,2923795,0.00015790,0.32000000,0
1531216289430,1531216289425,2923796,0.00015810,6.33000000,0
1531216299547,1531216299544,2923797,0.00015770,28.79000000,1
1531216310177,1531216310172,2923798,0.00015770,76.03000000,1
1531216377450,1531216377447,2923799,0.00015780,6.34000000,0
1531216403685,1531216403682,2923800,0.00015770,3000.00000000,1
1531216408891,1531216408887,2923801,0.00015770,192.11000000,1
1531216419092,1531216419088,2923802,0.00015770,187.90000000,1
1531216431174,1531216431170,2923803,0.00015770,205.49000000,1
1531216442780,1531216442776,2923804,0.00015770,220.07000000,1
1531216455365,1531216455361,2923805,0.00015770,219.12000000,1
1531216468758,1531216468753,2923806,0.00015770,66.73000000,1
1531216480316,1531216480312,2923807,0.00015770,0.01000000,1
1531216512290,1531216512286,2923808,0.00015780,0.40000000,0
1531216598902,1531216598898,2923809,0.00015780,0.65000000,0
1531216601396,1531216601392,2923810,0.00015780,9.58000000,0
1531216645657,1531216645653,2923811,0.00015780,24.69000000,0
1531216669330,1531216669326,2923812,0.00015850,3.38000000,0
1531216670663,1531216670658,2923813,0.00015850,63.09000000,0
1531216778508,1531216778503,2923814,0.00015790,613.55000000,1
1531216778532,1531216778527,2923815,0.00015790,6.84000000,0
1531216779039,1531216779033,2923816,0.00015790,24.00000000,0
1531216779998,1531216779992,2923817,0.00015790,24.00000000,0
1531216790880,1531216790877,2923818,0.00015790,24.00000000,0
1531216827512,1531216827509,2923819,0.00015790,106.33000000,0
1531216924284,1531216924280,2923820,0.00015790,0.19000000,0
1531216925848,1531216925843,2923821,0.00015780,312.19000000,1
1531216940137,1531216940132,2923822,0.00015780,299.38000000,1
1531216946654,1531216946648,2923823,0.00015780,9.55000000,0
1531216949881,1531216949877,2923824,0.00015780,0.02000000,0
1531216950957,1531216950953,2923825,0.00015770,0.10000000,1
1531216981076,1531216981071,2923826,0.00015780,8.58000000,0
1531216981076,1531216981071,2923827,0.00015790,842.53000000,0
1531217044823,1531217044817,2923828,0.00015780,26.00000000,1
1531217056441,1531217056437,2923829,0.00015810,4.21000000,0
1531217056590,1531217056584,2923830,0.00015810,1.92000000,0
1531217057749,1531217057744,2923831,0.00015810,11.42000000,0
1531217060134,1531217060130,2923832,0.00015780,24.00000000,1
1531217063429,1531217063425,2923833,0.00015770,8.45000000,1
1531217067098,1531217067093,2923834,0.00015770,72.00000000,1
1531217139537,1531217139533,2923835,0.00015780,0.50000000,0
1531217143982,1531217143978,2923836,0.00015780,0.97000000,0
1531217143982,1531217143978,2923837,0.00015830,199.03000000,0
1531217183163,1531217183159,2923838,0.00015830,2463.67000000,0
1531217185165,1531217185159,2923839,0.00015800,23.40000000,1
1531217249981,1531217249975,2923840,0.00015820,0.03000000,0
1531217301193,1531217301189,2923841,0.00015790,6.74000000,1
1531217332515,1531217332511,2923842,0.00015820,1.34000000,0
1531217335530,1531217335526,2923843,0.00015820,0.01000000,0
1531217344935,1531217344930,2923844,0.00015810,6.83000000,0
1531217371485,1531217371481,2923845,0.00015800,1908.05000000,1
1531217371485,1531217371481,2923846,0.00015770,2717.37000000,1
1531217525269,1531217525266,2923847,0.00015770,34.96000000,1
1531217570372,1531217570369,2923848,0.00015800,0.05000000,0
1531217619997,1531217619991,2923849,0.00015800,0.22000000,0
1531217662584,1531217662581,2923850,0.00015800,149.60000000,0
1531217686065,1531217686061,2923851,0.00015800,0.82000000,0
1531217714883,1531217714879,2923852,0.00015770,0.05000000,1
1531217730225,1531217730219,2923853,0.00015770,66.59000000,1
1531217757049,1531217757045,2923854,0.00015770,41.66000000,1
1531217766959,1531217766955,2923855,0.00015770,57.00000000,1
1531217899708,1531217899704,2923856,0.00015770,269.80000000,1
1531217914260,1531217914254,2923857,0.00015770,324.71000000,1
1531217919823,1531217919817,2923858,0.00015770,40.03000000,1
1531217919823,1531217919817,2923859,0.00015760,55.08000000,1
1531217919823,1531217919817,2923860,0.00015750,512.89000000,1
1531217919823,1531217919817,2923861,0.00015750,298.12000000,1
1531217923369,1531217923365,2923862,0.00015750,1.08000000,1
1531217930667,1531217930663,2923863,0.00015750,75.00000000,1
1531217931935,1531217931931,2923864,0.00015750,1.08000000,1
1531217935355,1531217935351,2923865,0.00015760,5.71000000,0
1531217935543,1531217935539,2923866,0.00015750,1.08000000,1
1531217938184,1531217938180,2923867,0.00015750,44.84000000,1
1531217952589,1531217952585,2923868,0.00015750,25.66000000,1
1531217953351,1531217953347,2923869,0.00015750,6.42000000,1
1531218014310,1531218014304,2923870,0.00015760,7.39000000,0
1531218017326,1531218017321,2923871,0.00015760,0.01000000,0
1531218070025,1531218070021,2923872,0.00015760,0.14000000,0
1531218103517,1531218103512,2923873,0.00015750,0.70000000,1
1531218140186,1531218140182,2923874,0.00015750,59.27000000,1
1531218170146,1531218170141,2923875,0.00015750,165.65000000,1
1531218179569,1531218179563,2923876,0.00015750,217.99000000,1
1531218186021,1531218186017,2923877,0.00015760,3.33000000,0
1531218192636,1531218192632,2923878,0.00015750,216.20000000,1
1531218204672,1531218204667,2923879,0.00015750,206.49000000,1
1531218216785,1531218216780,2923880,0.00015750,54.44000000,1
1531218221023,1531218221018,2923881,0.00015750,0.05000000,1
1531218234297,1531218234293,2923882,0.00015750,154.03000000,1
1531218267517,1531218267513,2923883,0.00015760,2.70000000,0
1531218324543,1531218324539,2923884,0.00015760,1.07000000,0
1531218434981,1531218434975,2923885,0.00015750,46.36000000,1
1531218434981,1531218434975,2923886,0.00015740,37.90000000,1
1531218434981,1531218434975,2923887,0.00015730,14.47000000,1
1531218434981,1531218434975,2923888,0.00015710,2577.75000000,1
1531218435003,1531218434998,2923889,0.00015710,80.00000000,0
1531218435004,1531218434998,2923890,0.00015710,80.00000000,0
1531218435004,1531218434999,2923891,0.00015710,14.04000000,0
1531218435007,1531218435002,2923892,0.00015710,80.00000000,0
1531218435014,1531218435010,2923893,0.00015710,92.94000000,0
1531218435029,1531218435023,2923894,0.00015710,41.97000000,0
1531218435037,1531218435033,2923895,0.00015710,80.00000000,0
1531218435080,1531218435074,2923896,0.00015710,106.80000000,0
1531218435105,1531218435101,2923897,0.00015710,13.02000000,0
1531218435662,1531218435658,2923898,0.00015700,14.79000000,1
1531218436024,1531218436018,2923899,0.00015710,106.80000000,0
1531218436296,1531218436288,2923900,0.00015700,20.85000000,1
1531218436566,1531218436561,2923901,0.00015700,30.15000000,0
1531218436566,1531218436561,2923902,0.00015710,608.85000000,0
1531218436730,1531218436726,2923903,0.00015710,0.06000000,0
1531218438759,1531218438753,2923904,0.00015680,12.53000000,1
1531218439363,1531218439358,2923905,0.00015700,8.35000000,0
1531218439441,1531218439437,2923906,0.00015700,6.84000000,0
1531218439516,1531218439512,2923907,0.00015700,6.74000000,0
1531218439601,1531218439597,2923908,0.00015680,1.08000000,1
1531218439896,1531218439892,2923909,0.00015680,23.00000000,1
1531218440461,1531218440457,2923910,0.00015680,9.81000000,1
1531218440609,1531218440605,2923911,0.00015670,12.68000000,1
1531218440609,1531218440605,2923912,0.00015650,11.32000000,1
1531218440610,1531218440605,2923913,0.00015650,339.44000000,1
1531218440998,1531218440993,2923914,0.00015650,13.00000000,1
1531218441032,1531218441027,2923915,0.00015680,7.45000000,0
1531218441497,1531218441491,2923916,0.00015650,14.00000000,1
1531218442032,1531218442028,2923917,0.00015680,7.45000000,0
1531218447818,1531218447813,2923918,0.00015670,3.66000000,0
1531218447859,1531218447856,2923919,0.00015670,3.70000000,0
1531218447889,1531218447884,2923920,0.00015670,5.67000000,0
1531218448301,1531218448296,2923921,0.00015670,5.34000000,0
1531218448337,1531218448332,2923922,0.00015670,5.86000000,0
1531218448370,1531218448364,2923923,0.00015670,5.32000000,0
1531218448409,1531218448405,2923924,0.00015670,3.34000000,0
1531218448483,1531218448478,2923925,0.00015650,1.08000000,1
1531218452139,1531218452135,2923926,0.00015650,1.08000000,1
1531218452790,1531218452785,2923927,0.00015670,0.01000000,0
1531218469260,1531218469256,2923928,0.00015650,0.01000000,1
1531218469629,1531218469624,2923929,0.00015650,0.04000000,1
1531218473122,1531218473117,2923930,0.00015650,55.89000000,1
1531218483244,1531218483240,2923931,0.00015650,4.12000000,1
1531218483244,1531218483240,2923932,0.00015640,6.17000000,1
1531218491178,1531218491173,2923933,0.00015640,1.08000000,1
1531218497181,1531218497177,2923934,0.00015640,11.24000000,1
1531218512007,1531218512002,2923935,0.00015640,6.46000000,1
1531218517240,1531218517235,2923936,0.00015640,0.71000000,1
1531218517817,1531218517814,2923937,0.00015640,5.13000000,0
1531218517964,1531218517959,2923938,0.00015640,0.62000000,0
1531218517964,1531218517959,2923939,0.00015660,5.15000000,0
1531218524842,1531218524838,2923940,0.00015640,13.49000000,0
1531218525239,1531218525234,2923941,0.00015630,76.04000000,1
1531218526313,1531218526308,2923942,0.00015630,1.83000000,0
1531218526313,1531218526308,2923943,0.00015640,0.01000000,0
1531218526313,1531218526308,2923944,0.00015660,2.41000000,0
1531218526378,1531218526373,2923945,0.00015600,1.08000000,1
1531218528033,1531218528029,2923946,0.00015660,41.86000000,0
1531218532865,1531218532860,2923947,0.00015600,1.08000000,1
1531218533098,1531218533093,2923948,0.00015660,2.69000000,0
1531218533216,1531218533213,2923949,0.00015650,2.51000000,0
1531218533583,1531218533579,2923950,0.00015650,2.63000000,0
1531218533636,1531218533629,2923951,0.00015650,3.91000000,0
1531218533655,1531218533648,2923952,0.00015650,4.92000000,0
1531218533767,1531218533761,2923953,0.00015650,4.94000000,0
1531218533810,1531218533804,2923954,0.00015650,2.12000000,0
1531218533970,1531218533964,2923955,0.00015650,4.97000000,0
1531218533970,1531218533964,2923956,0.00015660,13.22000000,0
1531218533970,1531218533964,2923957,0.00015670,58.33000000,0
1531218533970,1531218533964,2923958,0.00015690,48.03000000,0
1531218533970,1531218533964,2923959,0.00015700,261.26000000,0
1531218534037,1531218534032,2923960,0.00015700,3.91000000,0
1531218534125,1531218534121,2923961,0.00015700,4.68000000,0
1531218534180,1531218534174,2923962,0.00015700,3.99000000,0
1531218534215,1531218534210,2923963,0.00015700,4.14000000,0
1531218534323,1531218534318,2923964,0.00015700,1.33000000,0
1531218534328,1531218534322,2923965,0.00015700,6.62000000,0
1531218534378,1531218534374,2923966,0.00015700,1.36000000,0
1531218534516,1531218534511,2923967,0.00015700,3.75000000,0
1531218538499,1531218538494,2923968,0.00015600,4.26000000,1
1531218538520,1531218538516,2923969,0.00015600,28.12000000,0
1531218538532,1531218538527,2923970,0.00015700,28.12000000,0
1531218542103,1531218542099,2923971,0.00015600,1.08000000,1
1531218542209,1531218542202,2923972,0.00015600,41.92000000,1
1531218542511,1531218542506,2923973,0.00015710,4.23000000,0
1531218542574,1531218542568,2923974,0.00015710,3.86000000,0
1531218545137,1531218545133,2923975,0.00015710,6.88000000,0
1531218547797,1531218547792,2923976,0.00015710,4.46000000,0
1531218547907,1531218547902,2923977,0.00015710,1.36000000,0
1531218547972,1531218547968,2923978,0.00015710,1.84000000,0
1531218547984,1531218547980,2923979,0.00015710,8.85000000,0
1531218548010,1531218548006,2923980,0.00015710,2.05000000,0
1531218548289,1531218548284,2923981,0.00015710,9.54000000,0
1531218548356,1531218548352,2923982,0.00015710,2.63000000,0
1531218548438,1531218548433,2923983,0.00015710,2.17000000,0
1531218548475,1531218548471,2923984,0.00015710,2.06000000,0
1531218548535,1531218548530,2923985,0.00015710,7.92000000,0
1531218548646,1531218548641,2923986,0.00015710,1.50000000,0
1531218548678,1531218548671,2923987,0.00015710,1.74000000,0
1531218548861,1531218548855,2923988,0.00015710,2.00000000,0
1531218548941,1531218548937,2923989,0.00015710,4.40000000,0
1531218549004,1531218548998,2923990,0.00015710,4.28000000,0
1531218549107,1531218549102,2923991,0.00015710,5.28000000,0
1531218549163,1531218549158,2923992,0.00015710,21.48000000,0
1531218549260,1531218549255,2923993,0.00015710,1.93000000,0
1531218549378,1531218549372,2923994,0.00015710,2.31000000,0
1531218549436,1531218549433,2923995,0.00015710,14.71000000,0
1531218549516,1531218549512,2923996,0.00015710,9.69000000,0
1531218549601,1531218549598,2923997,0.00015710,1.95000000,0
1531218549702,1531218549698,2923998,0.00015710,3.81000000,0
1531218549747,1531218549742,2923999,0.00015710,1.31000000,0
1531218549822,1531218549818,2924000,0.00015710,2.28000000,0
1531218549887,1531218549882,2924001,0.00015710,9.22000000,0
1531218550051,1531218550046,2924002,0.00015710,1.67000000,0
1531218550066,1531218550062,2924003,0.00015710,4.73000000,0
1531218550100,1531218550094,2924004,0.00015610,12.87000000,1
1531218550100,1531218550094,2924005,0.00015600,38.38000000,1
1531218550285,1531218550282,2924006,0.00015710,1.63000000,0
1531218550385,1531218550381,2924007,0.00015710,7.83000000,0
1531218550465,1531218550461,2924008,0.00015710,3.96000000,0
1531218550506,1531218550502,2924009,0.00015710,3.81000000,0
1531218550614,1531218550609,2924010,0.00015710,3.92000000,0
1531218550893,1531218550888,2924011,0.00015700,3.77000000,0
1531218550900,1531218550895,2924012,0.00015700,3.48000000,0
1531218550954,1531218550948,2924013,0.00015700,5.62000000,0
1531218550954,1531218550948,2924014,0.00015710,3.22000000,0
1531218551135,1531218551131,2924015,0.00015710,5.30000000,0
1531218551328,1531218551324,2924016,0.00015710,4.74000000,0
1531218551421,1531218551417,2924017,0.00015710,4.16000000,0
1531218551473,1531218551469,2924018,0.00015710,1.81000000,0
1531218551527,1531218551523,2924019,0.00015710,3.59000000,0
1531218551600,1531218551596,2924020,0.00015710,3.82000000,0
1531218551655,1531218551651,2924021,0.00015710,9.05000000,0
1531218551741,1531218551735,2924022,0.00015710,14.29000000,0
1531218551821,1531218551817,2924023,0.00015710,1.63000000,0
1531218551889,1531218551883,2924024,0.00015710,6.80000000,0
1531218551896,1531218551893,2924025,0.00015710,5.09000000,0
1531218552044,1531218552038,2924026,0.00015710,2.12000000,0
1531218552088,1531218552083,2924027,0.00015710,4.51000000,0
1531218552131,1531218552127,2924028,0.00015710,3.88000000,0
1531218552145,1531218552140,2924029,0.00015710,4.96000000,0
1531218552221,1531218552216,2924030,0.00015710,4.98000000,0
1531218552332,1531218552328,2924031,0.00015710,3.94000000,0
1531218552351,1531218552347,2924032,0.00015710,1.61000000,0
1531218552534,1531218552528,2924033,0.00015710,9.60000000,0
1531218552557,1531218552554,2924034,0.00015710,1.98000000,0
1531218552596,1531218552592,2924035,0.00015710,3.64000000,0
1531218552610,1531218552606,2924036,0.00015710,7.59000000,0
1531218552763,1531218552759,2924037,0.00015710,5.48000000,0
1531218552809,1531218552805,2924038,0.00015710,4.30000000,0
1531218552815,1531218552809,2924039,0.00015710,4.38000000,0
1531218552876,1531218552871,2924040,0.00015710,3.41000000,0
1531218552891,1531218552886,2924041,0.00015710,9.29000000,0
1531218552891,1531218552886,2924042,0.00015710,2.51000000,0
1531218552930,1531218552926,2924043,0.00015710,5.02000000,0
1531218553049,1531218553045,2924044,0.00015710,7.82000000,0
1531218553077,1531218553073,2924045,0.00015710,3.45000000,0
1531218553100,1531218553096,2924046,0.00015710,1.61000000,0
1531218553120,1531218553114,2924047,0.00015710,1.63000000,0
1531218553153,1531218553147,2924048,0.00015710,1.58000000,0
1531218553282,1531218553277,2924049,0.00015710,4.63000000,0
1531218553294,1531218553291,2924050,0.00015710,1.38000000,0
1531218553315,1531218553312,2924051,0.00015710,1.47000000,0
1531218553438,1531218553433,2924052,0.00015710,4.72000000,0
1531218553505,1531218553501,2924053,0.00015710,1.95000000,0
1531218553511,1531218553505,2924054,0.00015710,4.89000000,0
1531218553648,1531218553643,2924055,0.00015710,5.58000000,0
1531218553710,1531218553704,2924056,0.00015710,3.24000000,0
1531218553726,1531218553721,2924057,0.00015710,7.98000000,0
1531218553748,1531218553743,2924058,0.00015710,3.09000000,0
1531218553750,1531218553746,2924059,0.00015710,3.54000000,0
1531218553834,1531218553829,2924060,0.00015710,1.50000000,0
1531218553857,1531218553853,2924061,0.00015710,4.84000000,0
1531218553881,1531218553876,2924062,0.00015710,3.99000000,0
1531218553895,1531218553892,2924063,0.00015710,1.99000000,0
1531218553921,1531218553916,2924064,0.00015710,1.75000000,0
1531218554035,1531218554031,2924065,0.00015710,3.03000000,0
1531218554088,1531218554084,2924066,0.00015710,2.24000000,0
1531218554113,1531218554108,2924067,0.00015710,5.84000000,0
1531218554159,1531218554155,2924068,0.00015710,3.65000000,0
1531218554184,1531218554178,2924069,0.00015710,3.28000000,0
1531218554211,1531218554206,2924070,0.00015710,3.93000000,0
1531218554235,1531218554226,2924071,0.00015710,1.64000000,0
1531218554289,1531218554283,2924072,0.00015710,3.98000000,0
1531218554321,1531218554317,2924073,0.00015710,5.20000000,0
1531218554344,1531218554338,2924074,0.00015710,5.10000000,0
1531218554365,1531218554361,2924075,0.00015710,1.67000000,0
1531218554393,1531218554387,2924076,0.00015710,1.81000000,0
1531218554525,1531218554519,2924077,0.00015710,7.25000000,0
1531218554533,1531218554527,2924078,0.00015710,2.19000000,0
1531218554559,1531218554555,2924079,0.00015710,1.86000000,0
1531218554617,1531218554613,2924080,0.00015710,1.84000000,0
1531218554648,1531218554643,2924081,0.00015710,3.54000000,0
1531218554726,1531218554721,2924082,0.00015710,4.05000000,0
1531218554824,1531218554820,2924083,0.00015710,1.90000000,0
1531218554904,1531218554900,2924084,0.00015710,2.48000000,0
1531218554959,1531218554953,2924085,0.00015710,3.93000000,0
1531218554961,1531218554957,2924086,0.00015710,1.66000000,0
1531218554982,1531218554977,2924087,0.00015710,6.22000000,0
1531218555012,1531218555008,2924088,0.00015710,1.59000000,0
1531218555043,1531218555039,2924089,0.00015710,1.59000000,0
1531218555124,1531218555118,2924090,0.00015710,2.35000000,0
1531218555194,1531218555190,2924091,0.00015710,4.64000000,0
1531218555265,1531218555262,2924092,0.00015710,1.40000000,0
1531218555294,1531218555290,2924093,0.00015710,2.95000000,0
1531218555297,1531218555293,2924094,0.00015710,3.80000000,0
1531218555379,1531218555375,2924095,0.00015710,1.55000000,0
1531218555442,1531218555436,2924096,0.00015710,13.36000000,0
1531218555488,1531218555483,2924097,0.00015710,2.08000000,0
1531218555534,1531218555529,2924098,0.00015710,3.36000000,0
1531218555548,1531218555544,2924099,0.00015710,4.48000000,0
1531218555571,1531218555566,2924100,0.00015710,2.07000000,0
1531218555605,1531218555600,2924101,0.00015710,2.39000000,0
1531218555629,1531218555625,2924102,0.00015710,1.44000000,0
1531218555722,1531218555717,2924103,0.00015710,4.24000000,0
1531218555733,1531218555729,2924104,0.00015710,2.92000000,0
1531218555767,1531218555762,2924105,0.00015710,2.05000000,0
1531218555812,1531218555808,2924106,0.00015710,1.69000000,0
1531218555819,1531218555814,2924107,0.00015710,7.05000000,0
1531218555851,1531218555846,2924108,0.00015710,3.50000000,0
1531218555897,1531218555893,2924109,0.00015710,3.72000000,0
1531218555921,1531218555917,2924110,0.00015710,3.86000000,0
1531218555943,1531218555939,2924111,0.00015710,4.91000000,0
1531218555987,1531218555982,2924112,0.00015710,2.05000000,0
1531218556000,1531218555996,2924113,0.00015710,3.22000000,0
1531218556028,1531218556022,2924114,0.00015710,1.58000000,0
1531218556131,1531218556127,2924115,0.00015710,1.60000000,0
1531218556175,1531218556169,2924116,0.00015710,13.87000000,0
1531218556712,1531218556707,2924117,0.00015710,1.53000000,0
1531218556778,1531218556774,2924118,0.00015710,1.89000000,0
1531218556897,1531218556891,2924119,0.00015710,6.20000000,0
1531218556920,1531218556916,2924120,0.00015710,2.10000000,0
1531218556930,1531218556926,2924121,0.00015710,4.19000000,0
1531218556961,1531218556957,2924122,0.00015710,2.20000000,0
1531218556978,1531218556974,2924123,0.00015710,3.55000000,0
1531218557013,1531218557008,2924124,0.00015710,4.28000000,0
1531218557040,1531218557035,2924125,0.00015710,4.27000000,0
1531218578524,1531218578520,2924126,0.00015640,25.83000000,0
1531218588934,1531218588930,2924127,0.00015600,1.63000000,1
1531218601944,1531218601936,2924128,0.00015600,26.49000000,1
1531218601944,1531218601936,2924129,0.00015590,17.72000000,1
1531218601944,1531218601936,2924130,0.00015580,6.42000000,1
1531218601944,1531218601936,2924131,0.00015570,13.00000000,1
1531218601944,1531218601936,2924132,0.00015560,6.43000000,1
1531218601944,1531218601936,2924133,0.00015530,45.98000000,1
1531218601944,1531218601936,2924134,0.00015510,49.06000000,1
1531218601944,1531218601936,2924135,0.00015510,2.87000000,1
1531218601944,1531218601936,2924136,0.00015500,1816.25000000,1
1531218602821,1531218602816,2924137,0.00015590,24.89000000,0
1531218603749,1531218603745,2924138,0.00015610,39.52000000,0
1531218611814,1531218611809,2924139,0.00015560,1.08000000,1
1531218616830,1531218616826,2924140,0.00015560,1.08000000,1
1531218622421,1531218622416,2924141,0.00015560,1.08000000,1
1531218632724,1531218632718,2924142,0.00015560,9.76000000,1
1531218632724,1531218632718,2924143,0.00015530,49.87000000,1
1531218633417,1531218633412,2924144,0.00015550,19.93000000,1
1531218633417,1531218633412,2924145,0.00015530,42.33000000,1
1531218633889,1531218633886,2924146,0.00015530,0.01000000,1
1531218633916,1531218633905,2924147,0.00015530,591.56000000,1
1531218633916,1531218633905,2924148,0.00015490,46.92000000,1
1531218633916,1531218633905,2924149,0.00015470,452.44000000,1
1531218633916,1531218633905,2924150,0.00015460,139.78000000,1
1531218633916,1531218633905,2924151,0.00015450,37.72000000,1
1531218633916,1531218633905,2924152,0.00015430,32.73000000,1
1531218633916,1531218633905,2924153,0.00015420,32.49000000,1
1531218633916,1531218633905,2924154,0.00015410,194.68000000,1
1531218633916,1531218633905,2924155,0.00015400,107.07000000,1
1531218633916,1531218633905,2924156,0.00015390,9.08000000,1
1531218633916,1531218633905,2924157,0.00015380,399.20000000,1
1531218633916,1531218633905,2924158,0.00015370,178.39000000,1
1531218633916,1531218633905,2924159,0.00015370,150.84000000,1
1531218633916,1531218633905,2924160,0.00015370,19.51000000,1
1531218633916,1531218633905,2924161,0.00015360,68.51000000,1
1531218634440,1531218634435,2924162,0.00015550,6.95000000,0
1531218634441,1531218634437,2924163,0.00015500,29.14000000,1
1531218634477,1531218634473,2924164,0.00015550,33.35000000,0
1531218634487,1531218634481,2924165,0.00015550,6.98000000,1
1531218634607,1531218634603,2924166,0.00015520,40.30000000,0
1531218634647,1531218634643,2924167,0.00015500,58.28000000,1
1531218634681,1531218634677,2924168,0.00015520,21.23000000,0
1531218634789,1531218634785,2924169,0.00015550,19.06000000,1
1531218634878,1531218634874,2924170,0.00015520,113.68000000,1
1531218634948,1531218634944,2924171,0.00015520,25.98000000,1
1531218635043,1531218635037,2924172,0.00015530,51.35000000,0
1531218635078,1531218635073,2924173,0.00015520,0.31000000,1
1531218635094,1531218635090,2924174,0.00015530,40.29000000,0
1531218635121,1531218635116,2924175,0.00015520,27.88000000,1
1531218635210,1531218635206,2924176,0.00015530,33.35000000,0
1531218635399,1531218635394,2924177,0.00015530,18.35000000,0
1531218635604,1531218635598,2924178,0.00015530,158.55000000,0
1531218635723,1531218635717,2924179,0.00015530,31.02000000,0
1531218635723,1531218635717,2924180,0.00015550,38.76000000,0
1531218635984,1531218635978,2924181,0.00015590,0.72000000,0
1531218636138,1531218636132,2924182,0.00015590,9.08000000,0
1531218636138,1531218636132,2924183,0.00015600,32.23000000,0
1531218636138,1531218636132,2924184,0.00015610,78.75000000,0
1531218636138,1531218636132,2924185,0.00015640,94.34000000,0
1531218636421,1531218636416,2924186,0.00015530,24.16000000,0
1531218636479,1531218636473,2924187,0.00015570,37.04000000,0
1531218636553,1531218636548,2924188,0.00015570,0.72000000,1
1531218639364,1531218639359,2924189,0.00015570,12.24000000,1
1531218639364,1531218639359,2924190,0.00015520,43.65000000,1
1531218641223,1531218641217,2924191,0.00015620,5.18000000,0
1531218645674,1531218645668,2924192,0.00015490,1.08000000,1
1531218646441,1531218646436,2924193,0.00015620,158.72000000,0
1531218651302,1531218651297,2924194,0.00015490,1.08000000,1
1531218653175,1531218653170,2924195,0.00015500,6.53000000,1
1531218654649,1531218654645,2924196,0.00015500,1.08000000,1
1531218659069,1531218659065,2924197,0.00015510,6.53000000,1
1531218660033,1531218660028,2924198,0.00015510,6.53000000,1
1531218661793,1531218661789,2924199,0.00015580,6.09000000,0
1531218661940,1531218661935,2924200,0.00015580,2.60000000,0
1531218661940,1531218661935,2924201,0.00015590,2.81000000,0
1531218662115,1531218662109,2924202,0.00015510,51.59000000,1
1531218662494,1531218662488,2924203,0.00015510,37.36000000,1
1531218662494,1531218662488,2924204,0.00015460,19.32000000,1
1531218666938,1531218666933,2924205,0.00015490,26.40000000,1
1531218666938,1531218666933,2924206,0.00015460,32.84000000,1
1531218667789,1531218667783,2924207,0.00015460,57.46000000,1
1531218667789,1531218667783,2924208,0.00015430,3.70000000,1
1531218668393,1531218668388,2924209,0.00015450,29.08000000,1
1531218668393,1531218668388,2924210,0.00015430,10.53000000,1
1531218668393,1531218668388,2924211,0.00015400,21.70000000,1
1531218669020,1531218669017,2924212,0.00015520,3.94000000,0
1531218669156,1531218669152,2924213,0.00015520,3.98000000,0
1531218669231,1531218669227,2924214,0.00015420,1.08000000,1
1531218669232,1531218669227,2924215,0.00015520,5.92000000,0
1531218669627,1531218669621,2924216,0.00015490,0.80000000,0
1531218669858,1531218669852,2924217,0.00015420,44.66000000,1
1531218673639,1531218673634,2924218,0.00015400,1.08000000,1
1531218673714,1531218673710,2924219,0.00015400,0.02000000,1
1531218673994,1531218673988,2924220,0.00015420,0.05000000,1
1531218676517,1531218676513,2924221,0.00015420,1.08000000,1
1531218678838,1531218678832,2924222,0.00015430,12.32000000,0
1531218679337,1531218679331,2924223,0.00015430,6.92000000,0
1531218679384,1531218679379,2924224,0.00015430,6.92000000,0
1531218679479,1531218679473,2924225,0.00015400,5.43000000,1
1531218679479,1531218679473,2924226,0.00015370,6.24000000,1
1531218679561,1531218679557,2924227,0.00015430,0.24000000,0
1531218679759,1531218679753,2924228,0.00015430,6.72000000,1
1531218680583,1531218680578,2924229,0.00015400,8.01000000,0
1531218681177,1531218681172,2924230,0.00015390,44.76000000,0
1531218681177,1531218681172,2924231,0.00015400,3.41000000,0
1531218681439,1531218681435,2924232,0.00015430,30.00000000,0
1531218681671,1531218681666,2924233,0.00015430,7.77000000,0
1531218683565,1531218683560,2924234,0.00015440,14.25000000,0
1531218683565,1531218683560,2924235,0.00015490,13.43000000,0
1531218683565,1531218683560,2924236,0.00015530,14.45000000,0
1531218685049,1531218685044,2924237,0.00015530,11.16000000,0
1531218686669,1531218686662,2924238,0.00015530,12.88000000,0
1531218689678,1531218689674,2924239,0.00015530,11.16000000,0
1531218690731,1531218690726,2924240,0.00015510,24.00000000,1
1531218690731,1531218690726,2924241,0.00015410,37.38000000,1
1531218694275,1531218694272,2924242,0.00015520,12.24000000,0
1531218699603,1531218699598,2924243,0.00015400,28.56000000,1
1531218699603,1531218699598,2924244,0.00015390,4.26000000,1
1531218703799,1531218703794,2924245,0.00015390,4.43000000,1
1531218704345,1531218704340,2924246,0.00015390,153.13000000,0
1531218704351,1531218704347,2924247,0.00015380,33.58000000,1
1531218704365,1531218704361,2924248,0.00015390,12.79000000,0
1531218707721,1531218707716,2924249,0.00015470,5.46000000,0
1531218707826,1531218707821,2924250,0.00015470,6.24000000,0
1531218707879,1531218707874,2924251,0.00015470,5.68000000,0
1531218707962,1531218707959,2924252,0.00015470,2.74000000,0
1531218707962,1531218707959,2924253,0.00015480,1.16000000,0
1531218708015,1531218708009,2924254,0.00015480,6.04000000,0
1531218708115,1531218708109,2924255,0.00015480,4.73000000,0
1531218708216,1531218708212,2924256,0.00015480,4.46000000,0
1531218718430,1531218718424,2924257,0.00015400,26.52000000,1
1531218718430,1531218718424,2924258,0.00015390,25.42000000,1
1531218720216,1531218720212,2924259,0.00015410,41.96000000,1
1531218720437,1531218720433,2924260,0.00015410,1.20000000,1
1531218722425,1531218722419,2924261,0.00015400,11.92000000,0
1531218725432,1531218725428,2924262,0.00015410,8.69000000,0
1531218728377,1531218728372,2924263,0.00015420,13.26000000,0
1531218728377,1531218728372,2924264,0.00015430,43.16000000,0
1531218728377,1531218728372,2924265,0.00015450,7.13000000,0
1531218728377,1531218728372,2924266,0.00015480,49.75000000,0
1531218728405,1531218728399,2924267,0.00015480,41.97000000,1
1531218728606,1531218728600,2924268,0.00015480,557.61000000,1
1531218728713,1531218728709,2924269,0.00015480,174.00000000,1
1531218729271,1531218729267,2924270,0.00015480,189.59000000,1
1531218729325,1531218729321,2924271,0.00015480,18.62000000,1
1531218729374,1531218729369,2924272,0.00015480,18.62000000,1
1531218729717,1531218729713,2924273,0.00015480,221.00000000,1
1531218739029,1531218739024,2924274,0.00015480,78.71000000,1
1531218740891,1531218740884,2924275,0.00015480,6.53000000,1
1531218768748,1531218768741,2924276,0.00015480,13.26000000,1
1531218781557,1531218781553,2924277,0.00015480,4.54000000,1
1531218783981,1531218783976,2924278,0.00015480,33.58000000,1
1531218796470,1531218796463,2924279,0.00015480,27.25000000,1
1531218796470,1531218796463,2924280,0.00015450,25.73000000,1
1531218796470,1531218796463,2924281,0.00015430,38.63000000,1
1531218796470,1531218796463,2924282,0.00015400,53.93000000,1
1531218801064,1531218801059,2924283,0.00015480,6.68000000,0
1531218804090,1531218804087,2924284,0.00015480,0.02000000,0
1531218853849,1531218853844,2924285,0.00015410,29.69000000,1
1531218856790,1531218856784,2924286,0.00015470,29.69000000,0
1531218856790,1531218856784,2924287,0.00015480,54.31000000,0
1531218864780,1531218864774,2924288,0.00015480,8.50000000,0
1531218924581,1531218924575,2924289,0.00015410,42.35000000,1
1531218924581,1531218924575,2924290,0.00015400,14.01000000,1
1531218932544,1531218932539,2924291,0.00015430,9.73000000,0
1531218955712,1531218955706,2924292,0.00015430,163.85000000,1
1531218956708,1531218956704,2924293,0.00015430,92.58000000,1
1531218975423,1531218975419,2924294,0.00015410,180.94000000,1
1531218985157,1531218985152,2924295,0.00015470,2.43000000,0
1531219034177,1531219034172,2924296,0.00015470,6.65000000,0
1531219034234,1531219034230,2924297,0.00015470,6.65000000,0
1531219051919,1531219051914,2924298,0.00015470,45.24000000,0
1531219091247,1531219091195,2924299,0.00015470,12.91000000,0
1531219148609,1531219148603,2924300,0.00015470,30.42000000,0
1531219167592,1531219167587,2924301,0.00015460,16.00000000,0
1531219171598,1531219171593,2924302,0.00015480,40.11000000,0
1531219174763,1531219174757,2924303,0.00015470,71.10000000,1
1531219214563,1531219214557,2924304,0.00015490,8.00000000,1
1531219220097,1531219220095,2924305,0.00015520,6.94000000,0
1531219234891,1531219234886,2924306,0.00015440,3.69000000,1
1531219235868,1531219235864,2924307,0.00015440,3.69000000,1
1531219264719,1531219264714,2924308,0.00015460,34.85000000,1
1531219275332,1531219275327,2924309,0.00015460,54.97000000,1
1531219310496,1531219310491,2924310,0.00015500,67.88000000,0
1531219312361,1531219312357,2924311,0.00015500,12.88000000,0
1531219312485,1531219312480,2924312,0.00015500,135.69000000,0
1531219315295,1531219315289,2924313,0.00015500,0.01000000,0
1531219318493,1531219318488,2924314,0.00015520,34.81000000,0
1531219319868,1531219319862,2924315,0.00015530,15.25000000,0
1531219343883,1531219343878,2924316,0.00015550,2.22000000,0
1531219359772,1531219359767,2924317,0.00015500,2.57000000,1
1531219401170,1531219401166,2924318,0.00015550,6.94000000,0
1531219401186,1531219401184,2924319,0.00015550,6.94000000,0
1531219404545,1531219404540,2924320,0.00015550,688.14000000,0
1531219429676,1531219429671,2924321,0.00015570,0.48000000,0
1531219458748,1531219458742,2924322,0.00015550,80.00000000,1
1531219551987,1531219551979,2924323,0.00015560,25.73000000,0
1531219551987,1531219551979,2924324,0.00015570,38.53000000,0
1531219635155,1531219635151,2924325,0.00015570,6.93000000,0
1531219635202,1531219635196,2924326,0.00015570,6.93000000,0
1531219669526,1531219669521,2924327,0.00015570,0.67000000,0
1531219705645,1531219705639,2924328,0.00015570,0.94000000,0
1531219706917,1531219706911,2924329,0.00015570,1.07000000,0
1531219758806,1531219758801,2924330,0.00015550,122.95000000,1
1531219758806,1531219758801,2924331,0.00015500,100.43000000,1
1531219775179,1531219775175,2924332,0.00015560,6.92000000,0
1531219816986,1531219816981,2924333,0.00015570,1.92000000,0
1531219826381,1531219826375,2924334,0.00015570,1.39000000,0
1531219826381,1531219826375,2924335,0.00015580,62.83000000,0
1531219910811,1531219910806,2924336,0.00015550,7.00000000,0
1531219911498,1531219911493,2924337,0.00015520,36.00000000,1
1531219911498,1531219911493,2924338,0.00015510,58.32000000,1
1531219912650,1531219912644,2924339,0.00015500,131.34000000,1
1531219914113,1531219914108,2924340,0.00015510,15.10000000,0
1531219915262,1531219915257,2924341,0.00015510,10.19000000,0
1531219915289,1531219915285,2924342,0.00015510,10.19000000,0
1531219922617,1531219922612,2924343,0.00015510,44.43000000,0
1531219934478,1531219934474,2924344,0.00015510,175.89000000,0
1531219937604,1531219937599,2924345,0.00015430,175.83000000,1
1531219937956,1531219937952,2924346,0.00015430,0.01000000,1
1531219947950,1531219947944,2924347,0.00015500,17.63000000,0
1531219950960,1531219950956,2924348,0.00015500,0.05000000,0
1531219953500,1531219953495,2924349,0.00015500,79.54000000,0
1531219953510,1531219953506,2924350,0.00015500,36.24000000,0
1531219954658,1531219954653,2924351,0.00015500,36.00000000,0
1531219957944,1531219957938,2924352,0.00015500,128.61000000,0
1531219972617,1531219972612,2924353,0.00015430,6.55000000,1
1531219976236,1531219976232,2924354,0.00015430,823.87000000,1
1531219978110,1531219978105,2924355,0.00015430,177.40000000,0
1531219978789,1531219978785,2924356,0.00015430,16.01000000,0
1531219978842,1531219978838,2924357,0.00015430,15.43000000,0
1531219979409,1531219979402,2924358,0.00015410,29.64000000,1
1531219979409,1531219979402,2924359,0.00015400,14.55000000,1
1531219979409,1531219979402,2924360,0.00015390,20.10000000,1
1531219979409,1531219979402,2924361,0.00015370,20.53000000,1
1531219979409,1531219979402,2924362,0.00015360,250.00000000,1
1531219979409,1531219979402,2924363,0.00015320,639.53000000,1
1531219979409,1531219979402,2924364,0.00015310,248.93000000,1
1531219979435,1531219979429,2924365,0.00015310,222.08000000,0
1531219979458,1531219979453,2924366,0.00015310,391.53000000,0
1531219979477,1531219979472,2924367,0.00015310,640.55000000,0
1531219979672,1531219979667,2924368,0.00015310,606.00000000,0
1531219979684,1531219979680,2924369,0.00015310,1223.01000000,0
1531219979686,1531219979681,2924370,0.00015310,119.23000000,0
1531219979695,1531219979690,2924371,0.00015310,110.81000000,0
1531219979698,1531219979692,2924372,0.00015310,86.81000000,0
1531219979711,1531219979706,2924373,0.00015310,156.59000000,0
1531219979719,1531219979714,2924374,0.00015310,18.69000000,0
1531219979887,1531219979882,2924375,0.00015310,120.34000000,0
1531219979907,1531219979902,2924376,0.00015310,9359.09000000,0
1531219981606,1531219981601,2924377,0.00015400,86.81000000,0
1531219981805,1531219981799,2924378,0.00015390,0.01000000,1
1531219982297,1531219982291,2924379,0.00015390,99.81000000,1
1531219982872,1531219982868,2924380,0.00015390,5.66000000,0
1531219982963,1531219982959,2924381,0.00015390,4.20000000,0
1531219982970,1531219982964,2924382,0.00015390,432.10000000,0
1531219982997,1531219982992,2924383,0.00015360,1.11000000,1
1531219983091,1531219983086,2924384,0.00015360,1.11000000,1
1531219983887,1531219983882,2924385,0.00015360,7.04000000,1
1531219983977,1531219983975,2924386,0.00015400,77.56000000,0
1531219985601,1531219985597,2924387,0.00015410,97.76000000,0
1531219986338,1531219986332,2924388,0.00015360,0.93000000,1
1531219986369,1531219986363,2924389,0.00015360,0.78000000,1
1531219990520,1531219990516,2924390,0.00015410,78.04000000,0
1531219992849,1531219992844,2924391,0.00015360,3.03000000,1
1531219993570,1531219993565,2924392,0.00015360,29.85000000,0
1531219993752,1531219993748,2924393,0.00015430,5.51000000,0
1531219993861,1531219993856,2924394,0.00015320,1.11000000,1
1531219993909,1531219993905,2924395,0.00015320,1.11000000,1
1531219999522,1531219999517,2924396,0.00015380,11.24000000,0
1531220000511,1531220000507,2924397,0.00015400,78.17000000,0
1531220004514,1531220004509,2924398,0.00015400,78.23000000,0
1531220006669,1531220006665,2924399,0.00015380,45.00000000,0
1531220007935,1531220007930,2924400,0.00015430,36.00000000,0
1531220012746,1531220012741,2924401,0.00015410,77.96000000,0
1531220013511,1531220013506,2924402,0.00015340,52.08000000,1
1531220014763,1531220014758,2924403,0.00015340,56.72000000,1
1531220033444,1531220033440,2924404,0.00015340,6.59000000,1
1531220034229,1531220034223,2924405,0.00015340,9.58000000,1
1531220035438,1531220035435,2924406,0.00015340,121.94000000,1
1531220038515,1531220038510,2924407,0.00015380,108.80000000,0
1531220039546,1531220039540,2924408,0.00015390,124.26000000,0
1531220040667,1531220040662,2924409,0.00015340,190.45000000,1
1531220041520,1531220041519,2924410,0.00015340,708.65000000,0
1531220041801,1531220041796,2924411,0.00015420,5.77000000,0
1531220042124,1531220042120,2924412,0.00015410,6.96000000,0
1531220044710,1531220044705,2924413,0.00015410,0.09000000,0
1531220054843,1531220054838,2924414,0.00015410,2.45000000,0
1531220056516,1531220056510,2924415,0.00015340,9.56000000,0
1531220085517,1531220085512,2924416,0.00015400,71.98000000,0
1531220088671,1531220088665,2924417,0.00015410,7.14000000,0
1531220088995,1531220088989,2924418,0.00015430,0.67000000,0
1531220092025,1531220092019,2924419,0.00015430,0.01000000,0
1531220103576,1531220103571,2924420,0.00015430,549.34000000,0
1531220104671,1531220104667,2924421,0.00015440,6.48000000,0
1531220113936,1531220113931,2924422,0.00015370,6.58000000,1
1531220150882,1531220150878,2924423,0.00015430,0.16000000,0
1531220150975,1531220150969,2924424,0.00015430,6.42000000,0
1531220152525,1531220152519,2924425,0.00015440,43.40000000,0
1531220152730,1531220152726,2924426,0.00015410,258.90000000,1
1531220177632,1531220177630,2924427,0.00015420,43.64000000,1
1531220177632,1531220177630,2924428,0.00015410,0.01000000,1
1531220178522,1531220178516,2924429,0.00015410,655.98000000,0
1531220227952,1531220227947,2924430,0.00015410,400.00000000,0
1531220246131,1531220246127,2924431,0.00015410,7.01000000,0
1531220254094,1531220254090,2924432,0.00015410,97.56000000,0
1531220352173,1531220352169,2924433,0.00015440,32.38000000,0
1531220377001,1531220376995,2924434,0.00015440,24.40000000,0
1531220379779,1531220379773,2924435,0.00015470,6.47000000,0
1531220380001,1531220379997,2924436,0.00015470,0.06000000,0
1531220439825,1531220439819,2924437,0.00015440,28.72000000,0
1531220439825,1531220439819,2924438,0.00015470,99.29000000,0
1531220441906,1531220441901,2924439,0.00015430,36.00000000,1
1531220442002,1531220441996,2924440,0.00015410,36.00000000,1
1531220556140,1531220556133,2924441,0.00015490,6.95000000,0
1531220639488,1531220639483,2924442,0.00015490,2.86000000,0
1531220642523,1531220642518,2924443,0.00015490,0.01000000,0
1531220651383,1531220651381,2924444,0.00015490,1.73000000,0
1531220654399,1531220654394,2924445,0.00015490,0.01000000,0
1531220751126,1531220751122,2924446,0.00015450,8.02000000,1
1531220751259,1531220751256,2924447,0.00015430,10.42000000,1
1531220754142,1531220754138,2924448,0.00015450,0.17000000,0
1531220754187,1531220754182,2924449,0.00015450,2.23000000,0
1531220754187,1531220754182,2924450,0.00015470,15.43000000,0
1531220822059,1531220822053,2924451,0.00015470,47.46000000,0
1531220822059,1531220822053,2924452,0.00015490,342.48000000,0
1531220822059,1531220822053,2924453,0.00015500,295.46000000,0
1531220837849,1531220837845,2924454,0.00015460,1.02000000,0
1531220847937,1531220847932,2924455,0.00015510,0.75000000,0
1531220852859,1531220852854,2924456,0.00015430,95.64000000,1
1531220861599,1531220861595,2924457,0.00015430,492.11000000,0
1531220900108,1531220900102,2924458,0.00015500,30.40000000,0
1531220900141,1531220900136,2924459,0.00015500,27.66000000,1
1531220916610,1531220916606,2924460,0.00015420,16.21000000,1
1531220916610,1531220916606,2924461,0.00015410,19.64000000,1
1531220948681,1531220948677,2924462,0.00015470,50.00000000,0
1531220978219,1531220978214,2924463,0.00015470,129.79000000,1
1531220981819,1531220981816,2924464,0.00015420,20.75000000,1
1531221032278,1531221032274,2924465,0.00015420,12.21000000,1
1531221032301,1531221032295,2924466,0.00015420,12.21000000,1
1531221032887,1531221032882,2924467,0.00015420,10.38000000,1
1531221032935,1531221032930,2924468,0.00015420,9.16000000,1
1531221063207,1531221063202,2924469,0.00015420,77.77000000,1
1531221069871,1531221069867,2924470,0.00015420,0.70000000,0
1531221084990,1531221084985,2924471,0.00015420,1945.52000000,0
1531221099030,1531221099026,2924472,0.00015420,2.73000000,0
1531221100128,1531221100122,2924473,0.00015420,304.79000000,0
1531221100562,1531221100556,2924474,0.00015420,64.85000000,0
1531221102051,1531221102045,2924475,0.00015420,0.01000000,0
1531221112577,1531221112571,2924476,0.00015420,157.49000000,0
1531221143538,1531221143533,2924477,0.00015420,1035.64000000,0
1531221143628,1531221143624,2924478,0.00015420,7.01000000,1
1531221143850,1531221143845,2924479,0.00015420,7.02000000,1
1531221185070,1531221185066,2924480,0.00015450,6.99000000,1
1531221185113,1531221185108,2924481,0.00015450,1.01000000,1
1531221255453,1531221255449,2924482,0.00015490,7.00000000,0
1531221342590,1531221342585,2924483,0.00015490,116.20000000,0
1531221468108,1531221468103,2924484,0.00015490,58.10000000,0
1531221510717,1531221510714,2924485,0.00015490,0.24000000,0
1531221524315,1531221524311,2924486,0.00015450,6.98000000,1
1531221524342,1531221524338,2924487,0.00015450,6.98000000,1
1531221531448,1531221531444,2924488,0.00015450,234.21000000,1
1531221531466,1531221531461,2924489,0.00015450,364.04000000,0
1531221554660,1531221554656,2924490,0.00015490,6.09000000,0
1531221557669,1531221557664,2924491,0.00015490,0.01000000,0
1531221603971,1531221603967,2924492,0.00015490,14.17000000,0
1531221606991,1531221606985,2924493,0.00015490,0.04000000,0
1531221610389,1531221610383,2924494,0.00015490,8.27000000,0
1531221610389,1531221610383,2924495,0.00015500,4.64000000,0
1531221610847,1531221610841,2924496,0.00015500,9.68000000,0
1531221611022,1531221611018,2924497,0.00015500,1.89000000,0
1531221611022,1531221611018,2924498,0.00015510,7.79000000,0
1531221612462,1531221612457,2924499,0.00015490,32.28000000,0
1531221612844,1531221612842,2924500,0.00015490,9.68000000,0
1531221616657,1531221616654,2924501,0.00015510,5.46000000,0
1531221616657,1531221616654,2924502,0.00015520,7.45000000,0
1531221650111,1531221650106,2924503,0.00015440,6.99000000,1
1531221655159,1531221655153,2924504,0.00015520,0.04000000,0
1531221675245,1531221675236,2924505,0.00015520,15.22000000,0
1531221675245,1531221675236,2924506,0.00015530,19.77000000,0
1531221710705,1531221710701,2924507,0.00015510,1.10000000,0
1531221718106,1531221718100,2924508,0.00015530,298.59000000,0
1531221733065,1531221733060,2924509,0.00015440,6.99000000,1
1531221799771,1531221799767,2924510,0.00015440,11.60000000,1
1531221847599,1531221847596,2924511,0.00015500,3.80000000,0
1531221850622,1531221850618,2924512,0.00015500,0.01000000,0
1531221868482,1531221868478,2924513,0.00015510,0.25000000,0
1531221871482,1531221871478,2924514,0.00015510,0.01000000,0
1531221984325,1531221984320,2924515,0.00015500,18.33000000,0
1531221984325,1531221984320,2924516,0.00015510,18.98000000,0
1531222002912,1531222002907,2924517,0.00015500,6.99000000,1
1531222003133,1531222003129,2924518,0.00015500,6.99000000,1
1531222004666,1531222004660,2924519,0.00015500,44.08000000,1
1531222145675,1531222145671,2924520,0.00015500,75.27000000,1
1531222241810,1531222241806,2924521,0.00015460,54.00000000,1
1531222243668,1531222243662,2924522,0.00015460,54.00000000,1
1531222248657,1531222248654,2924523,0.00015460,54.00000000,1
1531222250841,1531222250837,2924524,0.00015460,54.00000000,1
1531222276192,1531222276188,2924525,0.00015500,32.25000000,0
1531222383117,1531222383111,2924526,0.00015440,13.05000000,1
1531222383130,1531222383125,2924527,0.00015440,13.05000000,1
1531222383210,1531222383206,2924528,0.00015440,212.96000000,1
1531222434495,1531222434491,2924529,0.00015430,5.28000000,1
1531222558776,1531222558774,2924530,0.00015430,642.80000000,1
1531222571674,1531222571671,2924531,0.00015420,54.00000000,1
1531222576687,1531222576683,2924532,0.00015410,355.39000000,1
1531222578678,1531222578676,2924533,0.00015400,29.67000000,1
1531222618683,1531222618678,2924534,0.00015470,239.06000000,0
1531222618683,1531222618678,2924535,0.00015480,14.21000000,0
1531222618683,1531222618678,2924536,0.00015500,1875.20000000,0
1531222618683,1531222618678,2924537,0.00015520,11.76000000,0
1531222618683,1531222618678,2924538,0.00015530,770.49000000,0
1531222663845,1531222663842,2924539,0.00015410,0.38000000,1
1531222723736,1531222723733,2924540,0.00015400,14.28000000,1
1531222724788,1531222724783,2924541,0.00015390,135.89000000,1
1531222746708,1531222746705,2924542,0.00015370,89.82000000,1
1531222746798,1531222746794,2924543,0.00015370,169.39000000,1
1531222753350,1531222753346,2924544,0.00015360,33.00000000,1
1531222753350,1531222753346,2924545,0.00015350,8.78000000,1
1531222764110,1531222764106,2924546,0.00015350,72.50000000,1
1531222767145,1531222767142,2924547,0.00015340,180.94000000,1
1531222773946,1531222773943,2924548,0.00015340,33.37000000,1
1531222779003,1531222778998,2924549,0.00015400,0.82000000,0
1531222781719,1531222781716,2924550,0.00015340,32.95000000,1
1531222782066,1531222782062,2924551,0.00015340,217.33000000,1
1531222787472,1531222787462,2924552,0.00015330,227.70000000,1
1531222787472,1531222787462,2924553,0.00015300,358.76000000,1
1531222787472,1531222787462,2924554,0.00015280,14.58000000,1
1531222787472,1531222787462,2924555,0.00015270,26.55000000,1
1531222787472,1531222787462,2924556,0.00015260,19.58000000,1
1531222787472,1531222787462,2924557,0.00015250,583.54000000,1
1531222787472,1531222787462,2924558,0.00015240,32.76000000,1
1531222787472,1531222787462,2924559,0.00015230,357.51000000,1
1531222787472,1531222787462,2924560,0.00015210,18.00000000,1
1531222787472,1531222787462,2924561,0.00015200,476.23000000,1
1531222787472,1531222787462,2924562,0.00015190,293.28000000,1
1531222787472,1531222787462,2924563,0.00015180,64.03000000,1
1531222787472,1531222787462,2924564,0.00015170,707.31000000,1
1531222787472,1531222787462,2924565,0.00015160,250.00000000,1
1531222787472,1531222787462,2924566,0.00015150,1409.93000000,1
1531222787472,1531222787462,2924567,0.00015150,75.00000000,1
1531222787491,1531222787490,2924568,0.00015230,124.40000000,0
1531222787952,1531222787949,2924569,0.00015320,22.01000000,0
1531222787967,1531222787964,2924570,0.00015320,22.02000000,0
1531222787967,1531222787964,2924571,0.00015320,22.03000000,0
1531222788254,1531222788250,2924572,0.00015320,22.00000000,0
1531222788491,1531222788486,2924573,0.00015270,13.19000000,0
1531222788964,1531222788959,2924574,0.00015190,32.28000000,1
1531222789065,1531222789062,2924575,0.00015190,199.71000000,1
1531222789325,1531222789320,2924576,0.00015270,45.42000000,0
1531222790179,1531222790174,2924577,0.00015270,6.43000000,0
1531222790216,1531222790212,2924578,0.00015270,5.82000000,0
1531222790528,1531222790524,2924579,0.00015200,1.11000000,1
1531222790602,1531222790600,2924580,0.00015200,1.11000000,1
1531222790734,1531222790731,2924581,0.00015200,229.76000000,1
1531222791708,1531222791706,2924582,0.00015200,231.98000000,1
1531222792895,1531222792890,2924583,0.00015200,231.98000000,1
1531222794235,1531222794231,2924584,0.00015200,139.45000000,1
1531222794326,1531222794322,2924585,0.00015200,92.53000000,1
1531222795726,1531222795722,2924586,0.00015210,231.98000000,1
1531222796800,1531222796799,2924587,0.00015210,804.37000000,1
1531222797034,1531222797031,2924588,0.00015230,222.42000000,0
1531222797810,1531222797809,2924589,0.00015190,231.99000000,1
1531222798933,1531222798930,2924590,0.00015170,1286.58000000,1
1531222800911,1531222800906,2924591,0.00015200,231.98000000,1
1531222801573,1531222801570,2924592,0.00015240,0.01000000,0
1531222801726,1531222801723,2924593,0.00015170,59.50000000,1
1531222802129,1531222802124,2924594,0.00015160,85.00000000,1
1531222802256,1531222802252,2924595,0.00015160,3.19000000,1
1531222802256,1531222802252,2924596,0.00015150,107.81000000,1
1531222802358,1531222802354,2924597,0.00015150,29.52000000,1
1531222803698,1531222803694,2924598,0.00015160,6.67000000,0
1531222803712,1531222803708,2924599,0.00015150,3523.29000000,1
1531222803740,1531222803737,2924600,0.00015230,6.66000000,0
1531222804804,1531222804800,2924601,0.00015140,6.61000000,1
1531222804863,1531222804859,2924602,0.00015220,35.59000000,0
1531222805012,1531222805009,2924603,0.00015220,19.31000000,0
1531222806338,1531222806336,2924604,0.00015130,1.11000000,1
1531222806369,1531222806366,2924605,0.00015130,1.11000000,1
1531222806425,1531222806422,2924606,0.00015130,150.69000000,1
1531222806694,1531222806693,2924607,0.00015210,19.72000000,0
1531222807567,1531222807562,2924608,0.00015120,10.00000000,1
1531222807567,1531222807562,2924609,0.00015100,32.63000000,1
1531222807567,1531222807562,2924610,0.00015080,459.00000000,1
1531222807953,1531222807950,2924611,0.00015200,16.38000000,0
1531222809594,1531222809590,2924612,0.00015190,35.30000000,0
1531222809715,1531222809711,2924613,0.00015190,43.99000000,0
1531222810527,1531222810523,2924614,0.00015170,39.28000000,0
1531222810527,1531222810523,2924615,0.00015190,28.62000000,0
1531222811513,1531222811512,2924616,0.00015190,67.90000000,0
1531222811722,1531222811719,2924617,0.00015170,39.28000000,1
1531222812221,1531222812216,2924618,0.00015180,214.72000000,0
1531222812234,1531222812231,2924619,0.00015190,81.53000000,0
1531222813724,1531222813721,2924620,0.00015180,363.37000000,1
1531222813891,1531222813888,2924621,0.00015190,42.17000000,0
1531222814747,1531222814743,2924622,0.00015190,100.00000000,0
1531222816667,1531222816663,2924623,0.00015190,0.11000000,0
1531222820850,1531222820845,2924624,0.00015190,89.73000000,0
1531222821122,1531222821119,2924625,0.00015190,0.02000000,1
1531222821404,1531222821400,2924626,0.00015190,49.81000000,1
1531222821404,1531222821400,2924627,0.00015080,112.13000000,1
1531222823431,1531222823427,2924628,0.00015090,6.70000000,0
1531222824711,1531222824707,2924629,0.00015090,33.45000000,0
1531222824901,1531222824900,2924630,0.00015090,0.02000000,0
1531222830001,1531222829996,2924631,0.00015190,100.00000000,0
1531222830490,1531222830486,2924632,0.00015190,12.13000000,0
1531222830535,1531222830532,2924633,0.00015190,6.70000000,1
1531222835053,1531222835048,2924634,0.00015200,49.84000000,0
1531222835053,1531222835048,2924635,0.00015230,4.16000000,0
1531222841212,1531222841209,2924636,0.00015190,0.05000000,1
1531222842890,1531222842885,2924637,0.00015190,3.04000000,1
1531222845032,1531222845028,2924638,0.00015190,8.53000000,0
1531222845032,1531222845028,2924639,0.00015200,41.87000000,0
1531222845032,1531222845028,2924640,0.00015220,3.60000000,0
1531222846435,1531222846432,2924641,0.00015220,4.47000000,0
1531222846457,1531222846453,2924642,0.00015220,4.51000000,0
1531222846487,1531222846483,2924643,0.00015220,3.54000000,0
1531222858348,1531222858344,2924644,0.00015200,99.99000000,0
1531222862009,1531222862006,2924645,0.00015170,50.76000000,0
1531222862325,1531222862323,2924646,0.00015170,293.50000000,0
1531222862814,1531222862810,2924647,0.00015130,6.68000000,1
1531222862912,1531222862908,2924648,0.00015130,193.45000000,1
1531222863259,1531222863255,2924649,0.00015170,64.01000000,0
1531222863259,1531222863255,2924650,0.00015200,0.01000000,0
1531222863259,1531222863255,2924651,0.00015210,100.00000000,0
1531222863259,1531222863255,2924652,0.00015220,26.44000000,0
1531222864731,1531222864728,2924653,0.00015170,64.01000000,1
1531222868174,1531222868170,2924654,0.00015210,3.60000000,0
1531222870806,1531222870803,2924655,0.00015200,68.95000000,1
1531222879142,1531222879139,2924656,0.00015200,68.95000000,1
1531222880729,1531222880727,2924657,0.00015140,14.53000000,1
1531222881008,1531222881003,2924658,0.00015210,70.00000000,0
1531222883221,1531222883217,2924659,0.00015140,6.68000000,0
1531222893024,1531222893021,2924660,0.00015080,1.11000000,1
1531222893049,1531222893046,2924661,0.00015080,1.11000000,1
1531222893575,1531222893571,2924662,0.00015200,43.00000000,0
1531222894081,1531222894078,2924663,0.00015200,42.00000000,0
1531222907543,1531222907540,2924664,0.00015170,12.00000000,0
1531222908012,1531222908009,2924665,0.00015170,29.53000000,0
1531222909401,1531222909397,2924666,0.00015180,12.00000000,0
1531222914434,1531222914430,2924667,0.00015200,4.15000000,0
1531222915072,1531222915067,2924668,0.00015200,0.15000000,0
1531222923642,1531222923637,2924669,0.00015200,18.06000000,0
1531222924150,1531222924147,2924670,0.00015110,6.69000000,1
1531222931315,1531222931311,2924671,0.00015190,6.69000000,0
1531222937055,1531222937051,2924672,0.00015200,0.01000000,0
1531222937055,1531222937051,2924673,0.00015210,7.24000000,0
1531222937055,1531222937051,2924674,0.00015220,1.98000000,0
1531222999414,1531222999409,2924675,0.00015220,3.45000000,0
1531223002417,1531223002412,2924676,0.00015220,0.01000000,0
1531223050815,1531223050811,2924677,0.00015160,36.00000000,1
1531223050815,1531223050811,2924678,0.00015150,13.43000000,1
1531223073947,1531223073942,2924679,0.00015220,23.60000000,0
1531223073947,1531223073942,2924680,0.00015230,8.59000000,0
1531223073947,1531223073942,2924681,0.00015250,6.56000000,0
1531223073947,1531223073942,2924682,0.00015260,26.95000000,0
1531223107264,1531223107260,2924683,0.00015260,32.76000000,0
1531223107776,1531223107771,2924684,0.00015160,42.29000000,1
1531223107776,1531223107771,2924685,0.00015150,18.83000000,1
1531223109662,1531223109658,2924686,0.00015170,54.90000000,1
1531223109662,1531223109658,2924687,0.00015150,7.21000000,1
1531223140929,1531223140925,2924688,0.00015120,62.77000000,1
1531223141434,1531223141429,2924689,0.00015120,62.85000000,1
1531223151302,1531223151298,2924690,0.00015250,0.38000000,0
1531223175629,1531223175625,2924691,0.00015120,27.24000000,1
1531223175748,1531223175745,2924692,0.00015120,161.68000000,0
1531223175968,1531223175965,2924693,0.00015120,110.70000000,0
1531223198132,1531223198128,2924694,0.00015190,12.43000000,0
1531223201445,1531223201443,2924695,0.00015190,5.87000000,0
1531223220932,1531223220929,2924696,0.00015190,26.05000000,0
1531223226637,1531223226633,2924697,0.00015120,33.43000000,1
1531223227490,1531223227486,2924698,0.00015170,4.13000000,0
1531223238289,1531223238286,2924699,0.00015120,45.24000000,1
1531223260304,1531223260302,2924700,0.00015170,52.28000000,0
1531223260304,1531223260302,2924701,0.00015200,13.63000000,0
1531223262683,1531223262680,2924702,0.00015200,9.24000000,0
1531223262898,1531223262895,2924703,0.00015200,9.24000000,0
1531223264051,1531223264050,2924704,0.00015200,1.73000000,0
1531223283298,1531223283295,2924705,0.00015200,188.30000000,0
1531223331007,1531223331003,2924706,0.00015200,0.13000000,0
1531223396767,1531223396764,2924707,0.00015160,3.76000000,1
1531223416495,1531223416491,2924708,0.00015200,1.18000000,0
1531223422006,1531223422002,2924709,0.00015200,49.35000000,0
1531223422006,1531223422002,2924710,0.00015240,20.00000000,0
1531223422006,1531223422002,2924711,0.00015250,30.65000000,0
1531223433397,1531223433392,2924712,0.00015250,147.58000000,0
1531223483430,1531223483426,2924713,0.00015250,63.03000000,0
1531223543149,1531223543147,2924714,0.00015180,7.11000000,1
1531223543190,1531223543185,2924715,0.00015180,7.11000000,1
1531223608677,1531223608672,2924716,0.00015230,0.08000000,0
1531223674171,1531223674166,2924717,0.00015200,14.22000000,0
1531223674171,1531223674166,2924718,0.00015210,215.16000000,0
1531223674171,1531223674166,2924719,0.00015250,203.89000000,0
1531223687868,1531223687865,2924720,0.00015250,0.92000000,0
1531223797622,1531223797619,2924721,0.00015190,54.00000000,1
1531223797622,1531223797619,2924722,0.00015170,43.91000000,1
1531223797622,1531223797619,2924723,0.00015160,11.23000000,1
1531223797622,1531223797619,2924724,0.00015130,100.22000000,1
1531223811255,1531223811252,2924725,0.00015220,7.11000000,1
1531223812185,1531223812180,2924726,0.00015220,7.11000000,1
1531223975689,1531223975689,2924727,0.00015240,53.00000000,0
1531223976020,1531223976016,2924728,0.00015240,47.22000000,0
1531223976020,1531223976016,2924729,0.00015250,5.85000000,0
1531223977651,1531223977647,2924730,0.00015250,0.39000000,0
1531223992960,1531223992956,2924731,0.00015230,7.11000000,0
1531224000626,1531224000622,2924732,0.00015200,19.43000000,1
1531224014197,1531224014192,2924733,0.00015230,11.83000000,1
1531224014432,1531224014428,2924734,0.00015230,8.88000000,1
1531224014713,1531224014708,2924735,0.00015230,59.17000000,1
1531224044157,1531224044154,2924736,0.00015250,3302.43000000,0
1531224048944,1531224048939,2924737,0.00015260,6.95000000,0
1531224051860,1531224051858,2924738,0.00015260,8.56000000,0
1531224051978,1531224051973,2924739,0.00015270,0.01000000,0
1531224053855,1531224053851,2924740,0.00015270,179.10000000,0
1531224062383,1531224062380,2924741,0.00015270,132.15000000,1
1531224063010,1531224063007,2924742,0.00015290,53.39000000,0
1531224064615,1531224064612,2924743,0.00015270,62.18000000,1
1531224094743,1531224094745,2924744,0.00015280,16.38000000,1
1531224094816,1531224094812,2924745,0.00015280,16.38000000,1
1531224148054,1531224148049,2924746,0.00015310,1.02000000,0
1531224161019,1531224161015,2924747,0.00015290,42.89000000,0
1531224179537,1531224179536,2924748,0.00015280,4.73000000,1
1531224179969,1531224179967,2924749,0.00015280,10.92000000,1
1531224180564,1531224180560,2924750,0.00015280,11.42000000,1
1531224181161,1531224181157,2924751,0.00015280,3.28000000,1
1531224182165,1531224182161,2924752,0.00015280,2.05000000,1
1531224182854,1531224182851,2924753,0.00015280,3.65000000,1
1531224183560,1531224183560,2924754,0.00015280,1.75000000,1
1531224184271,1531224184268,2924755,0.00015280,4.87000000,1
1531224185614,1531224185610,2924756,0.00015280,17.02000000,1
1531224186411,1531224186408,2924757,0.00015280,8.20000000,1
1531224187103,1531224187100,2924758,0.00015280,4.91000000,1
1531224187840,1531224187837,2924759,0.00015280,3.96000000,1
1531224188577,1531224188574,2924760,0.00015280,3.92000000,1
1531224189546,1531224189546,2924761,0.00015280,1.95000000,1
1531224190347,1531224190348,2924762,0.00015280,4.94000000,1
1531224190938,1531224190934,2924763,0.00015280,14.63000000,1
1531224191661,1531224191657,2924764,0.00015280,4.46000000,1
1531224192569,1531224192565,2924765,0.00015280,2.05000000,1
1531224194069,1531224194065,2924766,0.00015280,1.98000000,1
1531224194330,1531224194327,2924767,0.00015280,5.20000000,1
1531224194931,1531224194929,2924768,0.00015280,5.02000000,1
1531224196115,1531224196115,2924769,0.00015280,4.28000000,1
1531224196981,1531224196977,2924770,0.00015280,4.19000000,1
1531224197414,1531224197410,2924771,0.00015280,1.69000000,1
1531224198076,1531224198074,2924772,0.00015280,3.59000000,1
1531224198809,1531224198811,2924773,0.00015280,1.55000000,1
1531224199797,1531224199795,2924774,0.00015280,4.74000000,1
1531224200293,1531224200290,2924775,0.00015280,1.92000000,1
1531224200907,1531224200904,2924776,0.00015280,4.14000000,1
1531224201809,1531224201806,2924777,0.00015280,8.08000000,1
1531224202613,1531224202614,2924778,0.00015280,8.97000000,1
1531224203213,1531224203210,2924779,0.00015280,4.72000000,1
1531224203871,1531224203867,2924780,0.00015280,4.96000000,1
1531224204520,1531224204518,2924781,0.00015280,1.89000000,1
1531224205624,1531224205624,2924782,0.00015280,3.72000000,1
1531224206441,1531224206441,2924783,0.00015280,2.28000000,1
1531224207232,1531224207229,2924784,0.00015280,8.38000000,1
1531224207232,1531224207229,2924785,0.00015250,27.06000000,1
1531224207891,1531224207891,2924786,0.00015250,1.39000000,1
1531224208593,1531224208587,2924787,0.00015250,9.29000000,1
1531224252854,1531224252850,2924788,0.00015320,0.29000000,0
1531224300389,1531224300386,2924789,0.00015270,3.36000000,1
1531224301662,1531224301663,2924790,0.00015270,5.15000000,1
1531224302563,1531224302560,2924791,0.00015270,3.17000000,1
1531224303952,1531224303949,2924792,0.00015280,5.48000000,1
1531224304545,1531224304542,2924793,0.00015280,4.14000000,1
1531224305213,1531224305214,2924794,0.00015280,2.20000000,1
1531224306578,1531224306573,2924795,0.00015280,3.86000000,1
1531224307449,1531224307446,2924796,0.00015280,1.84000000,1
1531224308166,1531224308162,2924797,0.00015280,3.64000000,1
1531224308923,1531224308919,2924798,0.00015280,4.92000000,1
1531224310138,1531224310135,2924799,0.00015280,4.28000000,1
1531224310701,1531224310697,2924800,0.00015280,1.58000000,1
1531224311577,1531224311573,2924801,0.00015280,5.58000000,1
1531224312639,1531224312639,2924802,0.00015280,7.82000000,1
1531224313767,1531224313763,2924803,0.00015280,2.51000000,1
1531224314519,1531224314519,2924804,0.00015280,1.23000000,1
1531224314519,1531224314519,2924805,0.00015270,2.58000000,1
1531224315632,1531224315629,2924806,0.00015270,7.78000000,1
1531224316412,1531224316409,2924807,0.00015270,1.47000000,1
1531224317160,1531224317157,2924808,0.00015270,4.05000000,1
1531224317896,1531224317892,2924809,0.00015270,1.59000000,1
1531224318706,1531224318702,2924810,0.00015270,4.73000000,1
1531224319510,1531224319505,2924811,0.00015270,1.61000000,1
1531224320816,1531224320811,2924812,0.00015270,3.81000000,1
1531224321602,1531224321599,2924813,0.00015270,6.09000000,1
1531224323607,1531224323604,2924814,0.00015270,3.54000000,1
1531224324357,1531224324352,2924815,0.00015270,25.70000000,1
1531224325264,1531224325261,2924816,0.00015270,3.80000000,1
1531224326222,1531224326217,2924817,0.00015270,6.20000000,1
1531224326948,1531224326945,2924818,0.00015270,2.06000000,1
1531224328318,1531224328315,2924819,0.00015270,14.20000000,1
1531224329020,1531224329019,2924820,0.00015270,13.87000000,1
1531224329978,1531224329975,2924821,0.00015270,2.51000000,1
1531224330990,1531224330985,2924822,0.00015270,3.93000000,1
1531224331955,1531224331953,2924823,0.00015270,3.88000000,1
1531224332808,1531224332807,2924824,0.00015270,1.64000000,1
1531224333525,1531224333522,2924825,0.00015270,6.62000000,1
1531224334499,1531224334496,2924826,0.00015270,1.61000000,1
1531224335538,1531224335541,2924827,0.00015270,2.95000000,1
1531224335823,1531224335820,2924828,0.00015270,3.91000000,1
1531224336677,1531224336674,2924829,0.00015270,3.86000000,1
1531224339589,1531224339584,2924830,0.00015270,477.63000000,1
1531224373897,1531224373892,2924831,0.00015310,70.50000000,0
1531224373897,1531224373892,2924832,0.00015320,1599.50000000,0
1531224380589,1531224380586,2924833,0.00015270,32.25000000,1
1531224386223,1531224386225,2924834,0.00015320,0.14000000,0
1531224454729,1531224454726,2924835,0.00015280,7.59000000,1
1531224456210,1531224456209,2924836,0.00015280,5.19000000,1
1531224456763,1531224456759,2924837,0.00015280,4.77000000,1
1531224457506,1531224457503,2924838,0.00015280,5.38000000,1
1531224458275,1531224458278,2924839,0.00015280,1.59000000,1
1531224459145,1531224459143,2924840,0.00015280,4.28000000,1
1531224460150,1531224460146,2924841,0.00015280,1.63000000,1
1531224460768,1531224460764,2924842,0.00015280,4.23000000,1
1531224461568,1531224461569,2924843,0.00015280,4.51000000,1
1531224461995,1531224461992,2924844,0.00015280,9.23000000,1
1531224462713,1531224462711,2924845,0.00015280,15.00000000,1
1531224463457,1531224463452,2924846,0.00015280,3.98000000,1
1531224464123,1531224464119,2924847,0.00015280,4.16000000,1
1531224464977,1531224464973,2924848,0.00015280,1.30000000,1
1531224464977,1531224464973,2924849,0.00015260,3.70000000,1
1531224465998,1531224465996,2924850,0.00015260,5.11000000,1
1531224467529,1531224467526,2924851,0.00015260,1.93000000,1
1531224468280,1531224468276,2924852,0.00015260,9.22000000,1
1531224600064,1531224600060,2924853,0.00015310,0.41000000,0
1531224641172,1531224641170,2924854,0.00015310,1.27000000,0
1531224644195,1531224644196,2924855,0.00015310,0.01000000,0
1531224649745,1531224649741,2924856,0.00015310,1.04000000,0
1531224740860,1531224740859,2924857,0.00015260,80.04000000,1
1531224740860,1531224740859,2924858,0.00015240,314.96000000,1
1531224740860,1531224740859,2924859,0.00015200,82.08000000,1
1531224740860,1531224740859,2924860,0.00015160,283.72000000,1
1531224756885,1531224756882,2924861,0.00015200,82.08000000,0
1531224803395,1531224803392,2924862,0.00015250,1.90000000,0
1531224849702,1531224849698,2924863,0.00015260,7.10000000,0
1531224869525,1531224869522,2924864,0.00015180,11.83000000,1
1531224875948,1531224875945,2924865,0.00015240,5.00000000,0
1531224879773,1531224879773,2924866,0.00015240,269.72000000,0
1531225163202,1531225163199,2924867,0.00015310,1.93000000,0
1531225192098,1531225192095,2924868,0.00015310,256.93000000,0
1531225192098,1531225192095,2924869,0.00015320,812.88000000,0
1531225230224,1531225230225,2924870,0.00015330,0.26000000,0
1531225293168,1531225293163,2924871,0.00015270,7.08000000,1
1531225293303,1531225293301,2924872,0.00015270,7.08000000,1
1531225332304,1531225332302,2924873,0.00015320,4.19000000,0
1531225335312,1531225335308,2924874,0.00015320,0.01000000,0
1531225353330,1531225353326,2924875,0.00015250,937.81000000,1
1531225361057,1531225361053,2924876,0.00015300,9.96000000,0
1531225361057,1531225361053,2924877,0.00015320,1.06000000,0
1531225364082,1531225364080,2924878,0.00015320,0.03000000,0
1531225402950,1531225402947,2924879,0.00015310,5.82000000,0
1531225466641,1531225466637,2924880,0.00015300,0.82000000,0
1531225471907,1531225471906,2924881,0.00015300,0.08000000,0
1531225480771,1531225480768,2924882,0.00015330,0.08000000,0
1531225486594,1531225486591,2924883,0.00015250,85.00000000,1
1531225534921,1531225534918,2924884,0.00015330,0.22000000,0
1531225544394,1531225544390,2924885,0.00015270,7.06000000,1
1531225544489,1531225544484,2924886,0.00015270,7.06000000,1
1531225634492,1531225634495,2924887,0.00015320,3.41000000,0
1531225637501,1531225637496,2924888,0.00015330,0.01000000,0
1531225671460,1531225671457,2924889,0.00015330,21.07000000,0
1531225699596,1531225699592,2924890,0.00015320,65.27000000,0
1531225731371,1531225731367,2924891,0.00015270,7.72000000,1
1531225741162,1531225741165,2924892,0.00015320,65.61000000,0
1531225831707,1531225831702,2924893,0.00015330,64.77000000,0
1531225832312,1531225832311,2924894,0.00015330,64.83000000,0
1531225835897,1531225835893,2924895,0.00015310,73.11000000,0
1531225836025,1531225836023,2924896,0.00015310,26.89000000,0
1531225836179,1531225836175,2924897,0.00015330,31.99000000,0
1531225836179,1531225836175,2924898,0.00015340,0.01000000,0
1531225838451,1531225838447,2924899,0.00015340,19.99000000,0
1531225838451,1531225838447,2924900,0.00015360,0.01000000,0
1531225863033,1531225863028,2924901,0.00015360,13.03000000,0
1531225928106,1531225928103,2924902,0.00015360,32.54000000,0
1531226319241,1531226319238,2924903,0.00015360,1.36000000,0
1531226360211,1531226360212,2924904,0.00015360,76.88000000,0
1531226360709,1531226360704,2924905,0.00015360,20.22000000,0
1531226360709,1531226360704,2924906,0.00015370,56.66000000,0
1531226397781,1531226397783,2924907,0.00015310,43.74000000,1
1531226445707,1531226445703,2924908,0.00015310,30.30000000,1
1531226458194,1531226458192,2924909,0.00015310,165.14000000,1
1531226459323,1531226459320,2924910,0.00015310,238.45000000,1
1531226481297,1531226481294,2924911,0.00015360,0.24000000,0
1531226519168,1531226519164,2924912,0.00015330,50.99000000,1
1531226558045,1531226558041,2924913,0.00015340,7.06000000,1
1531226558466,1531226558460,2924914,0.00015340,7.06000000,1
1531226574341,1531226574338,2924915,0.00015360,0.23000000,0
1531226610160,1531226610157,2924916,0.00015350,8.82000000,0
1531226641277,1531226641273,2924917,0.00015340,43.27000000,0
1531226641277,1531226641273,2924918,0.00015370,125.95000000,0
1531226660877,1531226660873,2924919,0.00015380,62.77000000,0
1531226660877,1531226660873,2924920,0.00015400,102.17000000,0
1531226660877,1531226660873,2924921,0.00015410,1522.73000000,0
1531226674700,1531226674697,2924922,0.00015360,28.07000000,1
1531226675083,1531226675080,2924923,0.00015360,12.08000000,1
1531226675475,1531226675472,2924924,0.00015360,9.20000000,1
1531226676002,1531226675999,2924925,0.00015360,3.24000000,1
1531226676138,1531226676134,2924926,0.00015370,43.00000000,1
1531226676437,1531226676432,2924927,0.00015370,0.01000000,1
1531226676437,1531226676432,2924928,0.00015360,4.06000000,1
1531226676808,1531226676801,2924929,0.00015360,4.20000000,1
1531226677150,1531226677146,2924930,0.00015360,3.18000000,1
1531226677488,1531226677484,2924931,0.00015360,4.29000000,1
1531226677580,1531226677577,2924932,0.00015360,8.72000000,1
1531226677942,1531226677939,2924933,0.00015360,10.10000000,1
1531226678591,1531226678591,2924934,0.00015360,3.98000000,1
1531226679221,1531226679218,2924935,0.00015370,9.39000000,1
1531226679566,1531226679564,2924936,0.00015370,3.33000000,1
1531226679580,1531226679582,2924937,0.00015370,11.28000000,1
1531226679580,1531226679582,2924938,0.00015360,30.17000000,1
1531226679838,1531226679834,2924939,0.00015360,17.15000000,1
1531226680584,1531226680581,2924940,0.00015360,7.77000000,1
1531226680965,1531226680961,2924941,0.00015360,4.46000000,1
1531226681381,1531226681377,2924942,0.00015360,31.35000000,1
1531226681814,1531226681809,2924943,0.00015360,9.98000000,1
1531226682341,1531226682338,2924944,0.00015360,3.89000000,1
1531226682661,1531226682656,2924945,0.00015360,8.70000000,1
1531226683053,1531226683049,2924946,0.00015360,8.90000000,1
1531226683360,1531226683356,2924947,0.00015360,3.71000000,1
1531226683809,1531226683803,2924948,0.00015360,9.90000000,1
1531226684286,1531226684283,2924949,0.00015360,12.35000000,1
1531226685021,1531226685014,2924950,0.00015360,4.19000000,1
1531226685021,1531226685014,2924951,0.00015340,3.19000000,1
1531226685359,1531226685354,2924952,0.00015340,10.48000000,1
1531226685762,1531226685758,2924953,0.00015340,19.04000000,1
1531226685882,1531226685878,2924954,0.00015340,8.61000000,1
1531226686206,1531226686203,2924955,0.00015350,8.41000000,1
1531226686658,1531226686654,2924956,0.00015350,3.04000000,1
1531226687018,1531226687015,2924957,0.00015350,3.46000000,1
1531226687323,1531226687320,2924958,0.00015350,5.09000000,1
1531226687323,1531226687320,2924959,0.00015340,21.40000000,1
1531226687649,1531226687646,2924960,0.00015340,5.23000000,1
1531226688080,1531226688075,2924961,0.00015340,4.31000000,1
1531226688569,1531226688566,2924962,0.00015340,7.04000000,1
1531226688950,1531226688949,2924963,0.00015340,19.53000000,1
1531226689388,1531226689384,2924964,0.00015340,5.34000000,1
1531226689784,1531226689781,2924965,0.00015340,9.93000000,1
1531226690230,1531226690226,2924966,0.00015340,12.44000000,1
1531226690671,1531226690665,2924967,0.00015340,17.95000000,1
1531226691207,1531226691204,2924968,0.00015340,77.09000000,1
1531226691528,1531226691530,2924969,0.00015340,7.99000000,1
1531226740863,1531226740860,2924970,0.00015350,0.46000000,1
1531226781186,1531226781183,2924971,0.00015360,0.12000000,1
1531226857572,1531226857568,2924972,0.00015420,0.08000000,0
1531226861979,1531226861976,2924973,0.00015360,2.98000000,1
1531226862445,1531226862446,2924974,0.00015360,14.37000000,1
1531226862656,1531226862652,2924975,0.00015360,10.10000000,1
1531226863213,1531226863208,2924976,0.00015360,8.36000000,1
1531226863654,1531226863650,2924977,0.00015360,9.70000000,1
1531226864085,1531226864081,2924978,0.00015360,7.93000000,1
1531226864506,1531226864501,2924979,0.00015360,7.83000000,1
1531226864928,1531226864929,2924980,0.00015360,8.46000000,1
1531226865390,1531226865385,2924981,0.00015360,2.65000000,1
1531226865390,1531226865385,2924982,0.00015350,7.46000000,1
1531226865801,1531226865798,2924983,0.00015350,29.18000000,1
1531226866253,1531226866249,2924984,0.00015350,4.34000000,1
1531226866621,1531226866617,2924985,0.00015350,17.11000000,1
1531226867054,1531226867049,2924986,0.00015350,7.45000000,1
1531226867379,1531226867376,2924987,0.00015350,4.58000000,1
1531226867795,1531226867791,2924988,0.00015350,18.26000000,1
1531226867795,1531226867791,2924989,0.00015320,1.59000000,1
1531226868201,1531226868196,2924990,0.00015320,18.93000000,1
1531226868515,1531226868510,2924991,0.00015320,8.58000000,1
1531226869122,1531226869119,2924992,0.00015320,3.78000000,1
1531226869518,1531226869516,2924993,0.00015320,4.74000000,1
1531226869960,1531226869956,2924994,0.00015320,28.22000000,1
1531226870717,1531226870714,2924995,0.00015320,6.77000000,1
1531226870923,1531226870923,2924996,0.00015320,7.58000000,1
1531226871383,1531226871379,2924997,0.00015320,10.52000000,1
1531226871801,1531226871795,2924998,0.00015320,3.15000000,1
1531226872156,1531226872155,2924999,0.00015320,17.54000000,1
1531226872491,1531226872487,2925000,0.00015320,9.92000000,1
1531226872824,1531226872821,2925001,0.00015320,5.23000000,1
1531226873340,1531226873336,2925002,0.00015320,9.18000000,1
1531226873646,1531226873647,2925003,0.00015320,42.60000000,1
1531226874085,1531226874080,2925004,0.00015320,3.31000000,1
1531226874375,1531226874371,2925005,0.00015320,6.12000000,1
1531226874832,1531226874828,2925006,0.00015320,3.61000000,1
1531226875301,1531226875297,2925007,0.00015320,2.87000000,1
1531226875672,1531226875669,2925008,0.00015320,10.59000000,1
1531226876044,1531226876039,2925009,0.00015320,6.94000000,1
1531226876699,1531226876695,2925010,0.00015320,8.53000000,1
1531226877117,1531226877113,2925011,0.00015320,28.33000000,1
1531226877407,1531226877403,2925012,0.00015320,9.61000000,1
1531226879853,1531226879854,2925013,0.00015320,0.39000000,1
1531226950067,1531226950063,2925014,0.00015320,35.07000000,1
1531226983808,1531226983803,2925015,0.00015320,0.51000000,1
1531227242452,1531227242448,2925016,0.00015330,0.59000000,1
1531227248522,1531227248518,2925017,0.00015420,0.02000000,0
1531227277608,1531227277603,2925018,0.00015350,9.92000000,1
1531227278033,1531227278029,2925019,0.00015340,8.83000000,1
1531227278364,1531227278360,2925020,0.00015340,9.72000000,1
1531227278775,1531227278771,2925021,0.00015340,3.66000000,1
1531227279156,1531227279155,2925022,0.00015340,4.20000000,1
1531227279503,1531227279499,2925023,0.00015340,20.80000000,1
1531227279658,1531227279652,2925024,0.00015340,385.81000000,1
1531227279967,1531227279964,2925025,0.00015340,25.13000000,1
1531227280444,1531227280440,2925026,0.00015340,6.43000000,1
1531227281030,1531227281026,2925027,0.00015340,2.75000000,1
1531227281290,1531227281286,2925028,0.00015340,3.32000000,1
1531227281607,1531227281603,2925029,0.00015340,7.03000000,1
1531227282021,1531227282017,2925030,0.00015340,8.25000000,1
1531227282625,1531227282625,2925031,0.00015340,4.13000000,1
1531227282909,1531227282905,2925032,0.00015340,4.92000000,1
1531227283362,1531227283357,2925033,0.00015340,7.50000000,1
1531227283838,1531227283834,2925034,0.00015340,6.38000000,1
1531227284153,1531227284148,2925035,0.00015340,2.98000000,1
1531227284520,1531227284516,2925036,0.00015340,15.84000000,1
1531227284964,1531227284961,2925037,0.00015340,4.16000000,1
1531227285296,1531227285292,2925038,0.00015340,7.63000000,1
1531227285916,1531227285911,2925039,0.00015340,18.75000000,1
1531227286181,1531227286176,2925040,0.00015340,8.23000000,1
1531227286644,1531227286640,2925041,0.00015340,4.12000000,1
1531227287088,1531227287084,2925042,0.00015340,7.27000000,1
1531227287436,1531227287432,2925043,0.00015340,19.13000000,1
1531227287861,1531227287857,2925044,0.00015340,3.61000000,1
1531227288311,1531227288306,2925045,0.00015340,29.74000000,1
1531227288881,1531227288877,2925046,0.00015340,9.17000000,1
1531227289214,1531227289211,2925047,0.00015340,13.50000000,1
1531227289681,1531227289678,2925048,0.00015340,3.95000000,1
1531227290062,1531227290058,2925049,0.00015340,6.01000000,1
1531227290426,1531227290421,2925050,0.00015340,6.90000000,1
1531227290822,1531227290818,2925051,0.00015340,9.93000000,1
1531227291637,1531227291635,2925052,0.00015340,9.22000000,1
1531227292080,1531227292077,2925053,0.00015340,11.60000000,1
1531227292473,1531227292469,2925054,0.00015340,15.72000000,1
1531227292928,1531227292923,2925055,0.00015340,9.29000000,1
1531227293297,1531227293293,2925056,0.00015340,109.74000000,1
1531227456729,1531227456725,2925057,0.00015340,0.45000000,1
1531227468276,1531227468272,2925058,0.00015390,3.29000000,0
1531227474216,1531227474212,2925059,0.00015340,78.03000000,1
1531227513304,1531227513299,2925060,0.00015340,4.57000000,1
1531227727288,1531227727283,2925061,0.00015410,7.68000000,0
1531227727288,1531227727283,2925062,0.00015420,4.43000000,0
1531227733022,1531227733018,2925063,0.00015350,0.20000000,1
1531227839885,1531227839880,2925064,0.00015410,248.94000000,0
1531227839885,1531227839880,2925065,0.00015420,1.06000000,0
1531227840210,1531227840207,2925066,0.00015420,0.90000000,0
1531227840745,1531227840740,2925067,0.00015440,26.48000000,0
1531227840842,1531227840838,2925068,0.00015470,26.00000000,0
1531227841396,1531227841393,2925069,0.00015420,3.75000000,1
1531227846134,1531227846129,2925070,0.00015420,8.00000000,1
1531227846192,1531227846187,2925071,0.00015420,7.04000000,1
1531227846311,1531227846306,2925072,0.00015470,32.19000000,0
1531227862646,1531227862642,2925073,0.00015360,4.61000000,1
1531227972460,1531227972454,2925074,0.00015360,0.06000000,1
1531227976891,1531227976887,2925075,0.00015470,0.01000000,0
1531228030773,1531228030769,2925076,0.00015370,0.17000000,1
1531228049881,1531228049879,2925077,0.00015470,66.70000000,0
1531228099721,1531228099716,2925078,0.00015380,40.25000000,1
1531228099721,1531228099716,2925079,0.00015370,71.32000000,1
1531228330209,1531228330206,2925080,0.00015450,0.11000000,0
1531228349336,1531228349333,2925081,0.00015400,21.04000000,1
1531228371004,1531228371001,2925082,0.00015410,21.73000000,1
1531228401562,1531228401558,2925083,0.00015420,1.30000000,1
1531228418495,1531228418494,2925084,0.00015450,32.38000000,0
1531228418495,1531228418494,2925085,0.00015460,67.62000000,0
1531228478951,1531228478947,2925086,0.00015450,21.04000000,0
1531228525481,1531228525476,2925087,0.00015460,22.06000000,0
1531228643848,1531228643844,2925088,0.00015460,0.02000000,0
1531228760408,1531228760404,2925089,0.00015410,7.32000000,1
1531228813582,1531228813577,2925090,0.00015410,2.17000000,1
1531228880114,1531228880113,2925091,0.00015410,71.95000000,0
1531228880214,1531228880209,2925092,0.00015410,70.90000000,0
1531228899678,1531228899673,2925093,0.00015460,0.05000000,0
1531228928032,1531228928027,2925094,0.00015410,0.12000000,1
1531229010606,1531229010602,2925095,0.00015410,2.54000000,1
1531229089262,1531229089258,2925096,0.00015420,0.02000000,1
1531229120320,1531229120316,2925097,0.00015460,9.63000000,0
1531229208161,1531229208155,2925098,0.00015460,331.15000000,0
1531229282480,1531229282475,2925099,0.00015440,54.79000000,1
1531229282480,1531229282475,2925100,0.00015430,20.00000000,1
