event_time,trade_time,trade_id,price,quantity,maker
1531210409892,1531210409888,3081220,0.00002635,558.00000000,0
1531210409892,1531210409888,3081221,0.00002637,135.00000000,0
1531210409892,1531210409888,3081222,0.00002638,1781.00000000,0
1531210409935,1531210409935,3081223,0.00002638,294.00000000,1
1531210410707,1531210410703,3081224,0.00002638,277.00000000,1
1531210411224,1531210411219,3081225,0.00002638,3440.00000000,1
1531210411454,1531210411451,3081226,0.00002638,200.00000000,1
1531210411645,1531210411641,3081227,0.00002638,6635.00000000,1
1531210412310,1531210412304,3081228,0.00002638,200.00000000,1
1531210413560,1531210413557,3081229,0.00002638,5322.00000000,1
1531210413788,1531210413782,3081230,0.00002638,13.00000000,1
1531210414593,1531210414588,3081231,0.00002617,1338.00000000,1
1531210414593,1531210414588,3081232,0.00002616,468.00000000,1
1531210414593,1531210414588,3081233,0.00002615,1834.00000000,1
1531210414593,1531210414588,3081234,0.00002614,10963.00000000,1
1531210415841,1531210415838,3081235,0.00002639,8.00000000,0
1531210415898,1531210415894,3081236,0.00002639,9.00000000,0
1531210415925,1531210415917,3081237,0.00002639,9.00000000,0
1531210415982,1531210415976,3081238,0.00002639,8.00000000,0
1531210415991,1531210415987,3081239,0.00002639,9.00000000,0
1531210416020,1531210416015,3081240,0.00002639,9.00000000,0
1531210416037,1531210416033,3081241,0.00002639,9.00000000,0
1531210416092,1531210416074,3081242,0.00002639,9.00000000,0
1531210416293,1531210416289,3081243,0.00002639,7.00000000,0
1531210416303,1531210416295,3081244,0.00002639,9.00000000,0
1531210416355,1531210416350,3081245,0.00002639,9.00000000,0
1531210416708,1531210416704,3081246,0.00002639,9.00000000,0
1531210416752,1531210416751,3081247,0.00002639,9.00000000,0
1531210416825,1531210416820,3081248,0.00002639,9.00000000,0
1531210416911,1531210416907,3081249,0.00002639,9.00000000,0
1531210416990,1531210416986,3081250,0.00002639,9.00000000,0
1531210417013,1531210417008,3081251,0.00002639,9.00000000,0
1531210417065,1531210417063,3081252,0.00002639,9.00000000,0
1531210417095,1531210417091,3081253,0.00002639,9.00000000,0
1531210417096,1531210417091,3081254,0.00002639,8.00000000,0
1531210417426,1531210417422,3081255,0.00002639,9.00000000,0
1531210417508,1531210417503,3081256,0.00002639,8.00000000,0
1531210417542,1531210417539,3081257,0.00002639,9.00000000,0
1531210417701,1531210417697,3081258,0.00002639,9.00000000,0
1531210417702,1531210417698,3081259,0.00002639,6.00000000,0
1531210417730,1531210417725,3081260,0.00002639,9.00000000,0
1531210417760,1531210417760,3081261,0.00002639,7.00000000,0
1531210417902,1531210417898,3081262,0.00002639,9.00000000,0
1531210417927,1531210417923,3081263,0.00002639,7.00000000,0
1531210417960,1531210417955,3081264,0.00002639,7.00000000,0
1531210418007,1531210418002,3081265,0.00002639,8.00000000,0
1531210418036,1531210418031,3081266,0.00002639,9.00000000,0
1531210418051,1531210418047,3081267,0.00002639,8.00000000,0
1531210418064,1531210418059,3081268,0.00002639,9.00000000,0
1531210418093,1531210418088,3081269,0.00002639,9.00000000,0
1531210418161,1531210418155,3081270,0.00002639,9.00000000,0
1531210418264,1531210418259,3081271,0.00002639,9.00000000,0
1531210442450,1531210442446,3081272,0.00002639,152.00000000,0
1531210446149,1531210446145,3081273,0.00002640,7.00000000,0
1531210446171,1531210446166,3081274,0.00002640,9.00000000,0
1531210446275,1531210446269,3081275,0.00002640,7.00000000,0
1531210448541,1531210448536,3081276,0.00002628,91.00000000,1
1531210448908,1531210448905,3081277,0.00002640,9.00000000,0
1531210449029,1531210449025,3081278,0.00002640,9.00000000,0
1531210449063,1531210449058,3081279,0.00002640,9.00000000,0
1531210454675,1531210454668,3081280,0.00002635,91.00000000,0
1531210454675,1531210454668,3081281,0.00002636,212.00000000,0
1531210456641,1531210456637,3081282,0.00002621,192.00000000,1
1531210460600,1531210460596,3081283,0.00002633,263.00000000,0
1531210461704,1531210461699,3081284,0.00002633,400.00000000,0
1531210462071,1531210462068,3081285,0.00002632,145.00000000,0
1531210462754,1531210462747,3081286,0.00002632,47.00000000,0
1531210462754,1531210462747,3081287,0.00002633,187.00000000,0
1531210464522,1531210464518,3081288,0.00002632,304.00000000,0
1531210466732,1531210466727,3081289,0.00002632,305.00000000,0
1531210468223,1531210468218,3081290,0.00002632,146.00000000,0
1531210469470,1531210469466,3081291,0.00002632,304.00000000,0
1531210470375,1531210470369,3081292,0.00002632,201.00000000,0
1531210470531,1531210470526,3081293,0.00002632,306.00000000,0
1531210472936,1531210472932,3081294,0.00002632,79.00000000,0
1531210473391,1531210473387,3081295,0.00002636,194.00000000,0
1531210473823,1531210473820,3081296,0.00002635,74.00000000,1
1531210474008,1531210474002,3081297,0.00002635,153.00000000,1
1531210475291,1531210475287,3081298,0.00002633,74.00000000,0
1531210531339,1531210531334,3081299,0.00002632,500.00000000,0
1531210543897,1531210543893,3081300,0.00002632,26.00000000,0
1531210579586,1531210579582,3081301,0.00002630,57.00000000,0
1531210582414,1531210582410,3081302,0.00002630,28.00000000,0
1531210599718,1531210599713,3081303,0.00002621,12.00000000,1
1531210601035,1531210601030,3081304,0.00002617,12.00000000,1
1531210605694,1531210605689,3081305,0.00002617,23.00000000,1
1531210642333,1531210642329,3081306,0.00002637,9.00000000,0
1531210705261,1531210705257,3081307,0.00002638,8.00000000,0
1531210780020,1531210780021,3081308,0.00002620,5.00000000,1
1531210781610,1531210781608,3081309,0.00002616,5.00000000,1
1531210907885,1531210907881,3081310,0.00002623,265.00000000,1
1531210907885,1531210907881,3081311,0.00002619,1037.00000000,1
1531210966570,1531210966565,3081312,0.00002618,2.00000000,1
1531211003955,1531211003952,3081313,0.00002620,153.00000000,1
1531211096777,1531211096772,3081314,0.00002630,200.00000000,1
1531211130426,1531211130420,3081315,0.00002618,10.00000000,1
1531211329105,1531211329099,3081316,0.00002633,265.00000000,0
1531211329105,1531211329099,3081317,0.00002636,235.00000000,0
1531211385042,1531211385037,3081318,0.00002619,4.00000000,1
1531211386232,1531211386228,3081319,0.00002618,4.00000000,1
1531211427739,1531211427736,3081320,0.00002619,1.00000000,1
1531211429001,1531211428997,3081321,0.00002618,1.00000000,1
1531211519367,1531211519361,3081322,0.00002619,57.00000000,1
1531211602726,1531211602721,3081323,0.00002618,2.00000000,1
1531211728372,1531211728367,3081324,0.00002618,5.00000000,1
1531211731087,1531211731082,3081325,0.00002618,5.00000000,1
1531211778740,1531211778736,3081326,0.00002618,8.00000000,1
1531211795503,1531211795497,3081327,0.00002634,57.00000000,0
1531211795503,1531211795497,3081328,0.00002635,662.00000000,0
1531211795503,1531211795497,3081329,0.00002638,457.00000000,0
1531211935064,1531211935059,3081330,0.00002619,34.00000000,1
1531211936386,1531211936382,3081331,0.00002618,23.00000000,1
1531211936386,1531211936382,3081332,0.00002614,11.00000000,1
1531211949184,1531211949181,3081333,0.00002617,253.00000000,1
1531211949227,1531211949223,3081334,0.00002617,207.00000000,0
1531211950257,1531211950253,3081335,0.00002617,1.00000000,0
1531211976096,1531211976093,3081336,0.00002630,12.00000000,0
1531212234950,1531212234945,3081337,0.00002623,599.00000000,1
1531212265586,1531212265579,3081338,0.00002635,241.00000000,0
1531212265586,1531212265579,3081339,0.00002636,334.00000000,0
1531212265586,1531212265579,3081340,0.00002638,1440.00000000,0
1531212265586,1531212265579,3081341,0.00002639,1377.00000000,0
1531212265586,1531212265579,3081342,0.00002640,417.00000000,0
1531212265586,1531212265579,3081343,0.00002641,1917.00000000,0
1531212265586,1531212265579,3081344,0.00002647,24890.00000000,0
1531212265586,1531212265579,3081345,0.00002649,24763.00000000,0
1531212265599,1531212265595,3081346,0.00002650,5188.00000000,1
1531212268091,1531212268087,3081347,0.00002635,66.00000000,1
1531212268179,1531212268176,3081348,0.00002635,163.00000000,1
1531212269730,1531212269726,3081349,0.00002631,460.00000000,1
1531212278907,1531212278903,3081350,0.00002629,150.00000000,1
1531212279098,1531212279092,3081351,0.00002645,8.00000000,0
1531212279158,1531212279153,3081352,0.00002645,9.00000000,0
1531212279172,1531212279168,3081353,0.00002645,9.00000000,0
1531212279215,1531212279211,3081354,0.00002645,9.00000000,0
1531212279252,1531212279247,3081355,0.00002645,9.00000000,0
1531212279424,1531212279417,3081356,0.00002645,9.00000000,0
1531212279492,1531212279488,3081357,0.00002645,9.00000000,0
1531212279517,1531212279513,3081358,0.00002641,8.00000000,0
1531212279546,1531212279542,3081359,0.00002641,8.00000000,0
1531212279589,1531212279585,3081360,0.00002641,7.00000000,0
1531212279648,1531212279643,3081361,0.00002641,9.00000000,0
1531212279703,1531212279698,3081362,0.00002641,7.00000000,0
1531212279749,1531212279745,3081363,0.00002641,9.00000000,0
1531212279786,1531212279781,3081364,0.00002641,9.00000000,0
1531212279943,1531212279937,3081365,0.00002641,6.00000000,0
1531212279969,1531212279963,3081366,0.00002641,8.00000000,0
1531212280074,1531212280070,3081367,0.00002641,9.00000000,0
1531212280166,1531212280161,3081368,0.00002641,9.00000000,0
1531212280210,1531212280206,3081369,0.00002641,9.00000000,0
1531212280248,1531212280243,3081370,0.00002641,9.00000000,0
1531212280404,1531212280400,3081371,0.00002641,9.00000000,0
1531212280418,1531212280413,3081372,0.00002641,8.00000000,0
1531212280470,1531212280466,3081373,0.00002641,9.00000000,0
1531212280509,1531212280505,3081374,0.00002641,9.00000000,0
1531212280536,1531212280532,3081375,0.00002641,8.00000000,0
1531212280536,1531212280532,3081376,0.00002646,1.00000000,0
1531212280561,1531212280557,3081377,0.00002646,9.00000000,0
1531212280608,1531212280602,3081378,0.00002646,9.00000000,0
1531212280648,1531212280643,3081379,0.00002646,7.00000000,0
1531212280657,1531212280652,3081380,0.00002646,9.00000000,0
1531212280728,1531212280723,3081381,0.00002646,7.00000000,0
1531212284682,1531212284678,3081382,0.00002625,5.00000000,1
1531212293830,1531212293825,3081383,0.00002626,114.00000000,1
1531212310102,1531212310099,3081384,0.00002626,238.00000000,1
1531212413142,1531212413137,3081385,0.00002622,382.00000000,1
1531212413467,1531212413461,3081386,0.00002622,300.00000000,1
1531212414507,1531212414503,3081387,0.00002623,285.00000000,1
1531212415762,1531212415758,3081388,0.00002623,763.00000000,1
1531212417839,1531212417835,3081389,0.00002623,135.00000000,1
1531212463994,1531212463989,3081390,0.00002623,300.00000000,1
1531212474345,1531212474340,3081391,0.00002625,300.00000000,1
1531212475225,1531212475220,3081392,0.00002625,169.00000000,1
1531212477862,1531212477856,3081393,0.00002625,171.00000000,1
1531212478110,1531212478107,3081394,0.00002626,168.00000000,1
1531212483035,1531212483030,3081395,0.00002626,160.00000000,1
1531212483812,1531212483808,3081396,0.00002627,8904.00000000,1
1531212535407,1531212535401,3081397,0.00002620,60.00000000,1
1531212538275,1531212538271,3081398,0.00002620,79.00000000,1
1531212538953,1531212538949,3081399,0.00002620,161.00000000,1
1531212630920,1531212630915,3081400,0.00002619,47.00000000,1
1531212633715,1531212633709,3081401,0.00002617,159.00000000,1
1531212635159,1531212635157,3081402,0.00002617,300.00000000,1
1531212638514,1531212638510,3081403,0.00002617,16.00000000,1
1531212644143,1531212644139,3081404,0.00002617,525.00000000,1
1531212648611,1531212648607,3081405,0.00002617,394.00000000,1
1531212650961,1531212650955,3081406,0.00002617,300.00000000,1
1531212651593,1531212651571,3081407,0.00002617,115.00000000,1
1531212651599,1531212651595,3081408,0.00002617,277.00000000,1
1531212655156,1531212655151,3081409,0.00002617,264.00000000,1
1531212658436,1531212658433,3081410,0.00002617,154.00000000,1
1531212659091,1531212659086,3081411,0.00002617,185.00000000,1
1531212663105,1531212663098,3081412,0.00002616,69.00000000,1
1531212663422,1531212663418,3081413,0.00002616,83.00000000,1
1531212694720,1531212694717,3081414,0.00002616,170.00000000,1
1531212696846,1531212696842,3081415,0.00002616,168.00000000,1
1531212717793,1531212717788,3081416,0.00002616,156.00000000,1
1531212721996,1531212721992,3081417,0.00002616,118.00000000,1
1531212722855,1531212722849,3081418,0.00002616,178.00000000,1
1531212723645,1531212723641,3081419,0.00002616,95.00000000,1
1531212727348,1531212727345,3081420,0.00002616,60.00000000,1
1531212732657,1531212732654,3081421,0.00002616,42.00000000,1
1531212760254,1531212760248,3081422,0.00002616,80.00000000,1
1531212800748,1531212800744,3081423,0.00002616,536.00000000,1
1531212801825,1531212801821,3081424,0.00002616,126.00000000,1
1531212803522,1531212803518,3081425,0.00002616,691.00000000,1
1531212807293,1531212807288,3081426,0.00002616,58.00000000,1
1531212808468,1531212808463,3081427,0.00002616,73.00000000,1
1531212811968,1531212811964,3081428,0.00002616,635.00000000,1
1531212812276,1531212812272,3081429,0.00002616,704.00000000,1
1531212817027,1531212817023,3081430,0.00002616,304.00000000,1
1531212819488,1531212819486,3081431,0.00002616,301.00000000,1
1531212821721,1531212821716,3081432,0.00002616,68.00000000,1
1531212822014,1531212822009,3081433,0.00002616,298.00000000,1
1531212822226,1531212822223,3081434,0.00002616,200.00000000,1
1531212822428,1531212822425,3081435,0.00002616,76.00000000,1
1531212822860,1531212822856,3081436,0.00002616,200.00000000,1
1531212822868,1531212822863,3081437,0.00002616,261.00000000,1
1531212823468,1531212823463,3081438,0.00002616,268.00000000,1
1531212824008,1531212824004,3081439,0.00002616,170.00000000,1
1531212824204,1531212824201,3081440,0.00002616,302.00000000,1
1531212826205,1531212826201,3081441,0.00002616,175.00000000,1
1531212826569,1531212826565,3081442,0.00002616,299.00000000,1
1531212828523,1531212828518,3081443,0.00002616,175.00000000,1
1531212828800,1531212828797,3081444,0.00002616,168.00000000,1
1531212828800,1531212828797,3081445,0.00002614,111.00000000,1
1531212830810,1531212830805,3081446,0.00002612,114.00000000,0
1531212881608,1531212881604,3081447,0.00002613,29.00000000,0
1531212884357,1531212884352,3081448,0.00002614,43.00000000,1
1531212887120,1531212887115,3081449,0.00002627,6.00000000,0
1531212887211,1531212887205,3081450,0.00002613,61.00000000,1
1531212887211,1531212887205,3081451,0.00002612,151.00000000,1
1531212887211,1531212887205,3081452,0.00002611,171.00000000,1
1531212889415,1531212889409,3081453,0.00002611,300.00000000,1
1531212891125,1531212891120,3081454,0.00002611,212.00000000,1
1531212895128,1531212895122,3081455,0.00002611,300.00000000,1
1531212899517,1531212899512,3081456,0.00002611,166.00000000,1
1531212903778,1531212903774,3081457,0.00002606,300.00000000,1
1531212903779,1531212903774,3081458,0.00002606,50.00000000,1
1531212908452,1531212908446,3081459,0.00002607,300.00000000,1
1531212908589,1531212908586,3081460,0.00002607,187.00000000,1
1531212908776,1531212908771,3081461,0.00002607,230.00000000,1
1531212909720,1531212909716,3081462,0.00002607,230.00000000,1
1531212913609,1531212913605,3081463,0.00002608,78.00000000,1
1531212918837,1531212918833,3081464,0.00002607,250.00000000,1
1531212923339,1531212923334,3081465,0.00002607,131.00000000,1
1531212929023,1531212929018,3081466,0.00002607,92.00000000,1
1531212933105,1531212933099,3081467,0.00002607,1151.00000000,1
1531212934240,1531212934236,3081468,0.00002607,64.00000000,1
1531212939134,1531212939131,3081469,0.00002607,45.00000000,1
1531212947728,1531212947726,3081470,0.00002608,43.00000000,1
1531212950261,1531212950257,3081471,0.00002608,1150.00000000,1
1531212953184,1531212953179,3081472,0.00002608,383.00000000,1
1531212955241,1531212955235,3081473,0.00002608,383.00000000,1
1531212957263,1531212957258,3081474,0.00002608,383.00000000,1
1531212969905,1531212969901,3081475,0.00002606,292.00000000,0
1531212969947,1531212969943,3081476,0.00002604,195.00000000,1
1531212970508,1531212970505,3081477,0.00002606,293.00000000,0
1531212993993,1531212993988,3081478,0.00002605,76.00000000,0
1531212998271,1531212998267,3081479,0.00002617,1.00000000,0
1531213031206,1531213031201,3081480,0.00002602,384.00000000,1
1531213032465,1531213032460,3081481,0.00002602,1823.00000000,1
1531213032465,1531213032460,3081482,0.00002601,177.00000000,1
1531213089396,1531213089389,3081483,0.00002601,1375.00000000,1
1531213110445,1531213110441,3081484,0.00002597,77.00000000,0
1531213110586,1531213110582,3081485,0.00002597,79.00000000,0
1531213118738,1531213118733,3081486,0.00002597,100.00000000,0
1531213138507,1531213138501,3081487,0.00002596,1136.00000000,1
1531213157395,1531213157391,3081488,0.00002597,232.00000000,0
1531213175122,1531213175118,3081489,0.00002597,70.00000000,0
1531213215838,1531213215835,3081490,0.00002597,97.00000000,0
1531213219502,1531213219498,3081491,0.00002597,53.00000000,0
1531213224400,1531213224396,3081492,0.00002597,140.00000000,0
1531213231193,1531213231189,3081493,0.00002597,79.00000000,0
1531213238772,1531213238768,3081494,0.00002597,210.00000000,0
1531213238772,1531213238768,3081495,0.00002599,97.00000000,0
1531213242906,1531213242903,3081496,0.00002599,65.00000000,0
1531213244369,1531213244364,3081497,0.00002599,3.00000000,0
1531213245770,1531213245767,3081498,0.00002599,68.00000000,0
1531213245799,1531213245793,3081499,0.00002599,72.00000000,0
1531213250267,1531213250262,3081500,0.00002599,150.00000000,0
1531213250839,1531213250833,3081501,0.00002599,150.00000000,0
1531213255132,1531213255126,3081502,0.00002599,75.00000000,0
1531213258818,1531213258815,3081503,0.00002599,79.00000000,0
1531213259343,1531213259340,3081504,0.00002599,77.00000000,0
1531213259468,1531213259463,3081505,0.00002599,133.00000000,0
1531213263073,1531213263068,3081506,0.00002599,302.00000000,0
1531213263647,1531213263642,3081507,0.00002599,119.00000000,0
1531213264848,1531213264844,3081508,0.00002599,96.00000000,0
1531213265367,1531213265363,3081509,0.00002599,302.00000000,0
1531213276564,1531213276558,3081510,0.00002599,85.00000000,0
1531213373321,1531213373316,3081511,0.00002612,1.00000000,0
1531213403743,1531213403738,3081512,0.00002611,842.00000000,0
1531213462114,1531213462108,3081513,0.00002603,385.00000000,1
1531213463937,1531213463933,3081514,0.00002603,220.00000000,1
1531213465674,1531213465671,3081515,0.00002602,218.00000000,1
1531213465674,1531213465671,3081516,0.00002600,179.00000000,1
1531213469379,1531213469375,3081517,0.00002600,1369.00000000,1
1531213469379,1531213469375,3081518,0.00002599,631.00000000,1
1531213472595,1531213472591,3081519,0.00002614,2.00000000,0
1531213551691,1531213551687,3081520,0.00002613,181.00000000,0
1531213701833,1531213701828,3081521,0.00002601,10.00000000,1
1531213702223,1531213702218,3081522,0.00002601,10.00000000,1
1531213702593,1531213702587,3081523,0.00002601,30.00000000,1
1531213790888,1531213790884,3081524,0.00002613,1.00000000,0
1531213841523,1531213841519,3081525,0.00002601,1393.00000000,1
1531213849235,1531213849231,3081526,0.00002597,78.00000000,1
1531213983494,1531213983491,3081527,0.00002596,868.00000000,1
1531213998600,1531213998596,3081528,0.00002596,219.00000000,1
1531214003070,1531214003064,3081529,0.00002596,123.00000000,1
1531214034005,1531214034000,3081530,0.00002597,45.00000000,1
1531214067875,1531214067870,3081531,0.00002598,374.00000000,1
1531214094858,1531214094853,3081532,0.00002599,787.00000000,1
1531214143083,1531214143078,3081533,0.00002599,1526.00000000,1
1531214157565,1531214157562,3081534,0.00002599,59.00000000,1
1531214198709,1531214198703,3081535,0.00002607,24.00000000,0
1531214204206,1531214204202,3081536,0.00002599,61.00000000,1
1531214210376,1531214210372,3081537,0.00002599,42.00000000,1
1531214268041,1531214268037,3081538,0.00002607,7.00000000,0
1531214389965,1531214389959,3081539,0.00002607,38.00000000,0
1531214402192,1531214402188,3081540,0.00002607,10.00000000,0
1531214412157,1531214412152,3081541,0.00002598,300.00000000,1
1531214412701,1531214412696,3081542,0.00002607,39.00000000,0
1531214418048,1531214418044,3081543,0.00002598,300.00000000,1
1531214422551,1531214422548,3081544,0.00002598,300.00000000,1
1531214423538,1531214423532,3081545,0.00002598,3358.00000000,1
1531214427751,1531214427746,3081546,0.00002595,300.00000000,1
1531214450749,1531214450745,3081547,0.00002596,165.00000000,1
1531214513692,1531214513688,3081548,0.00002606,28.00000000,0
1531214515505,1531214515501,3081549,0.00002595,97.00000000,1
1531214524542,1531214524538,3081550,0.00002595,1653.00000000,1
1531214528812,1531214528808,3081551,0.00002595,697.00000000,1
1531214533037,1531214533033,3081552,0.00002595,523.00000000,1
1531214545442,1531214545438,3081553,0.00002595,116.00000000,1
1531214547937,1531214547932,3081554,0.00002595,93.00000000,1
1531214549358,1531214549353,3081555,0.00002595,74.00000000,1
1531214554924,1531214554919,3081556,0.00002595,220.00000000,1
1531214555006,1531214555003,3081557,0.00002595,60.00000000,1
1531214558821,1531214558816,3081558,0.00002600,179.00000000,0
1531214558905,1531214558899,3081559,0.00002595,20.00000000,1
1531214558905,1531214558899,3081560,0.00002592,77.00000000,1
1531214558905,1531214558899,3081561,0.00002589,1144.00000000,1
1531214560000,1531214559996,3081562,0.00002589,263.00000000,1
1531214563888,1531214563884,3081563,0.00002589,931.00000000,1
1531214584989,1531214584986,3081564,0.00002589,172.00000000,1
1531214584995,1531214584991,3081565,0.00002589,55.00000000,1
1531214587338,1531214587334,3081566,0.00002589,169.00000000,1
1531214590189,1531214590185,3081567,0.00002589,12672.00000000,1
1531214599617,1531214599613,3081568,0.00002594,28.00000000,0
1531214599653,1531214599650,3081569,0.00002594,20.00000000,0
1531214602142,1531214602137,3081570,0.00002583,136.00000000,1
1531214602142,1531214602137,3081571,0.00002582,174.00000000,1
1531214603424,1531214603419,3081572,0.00002586,108.00000000,0
1531214604572,1531214604568,3081573,0.00002583,100.00000000,0
1531214605591,1531214605588,3081574,0.00002582,89.00000000,0
1531214605748,1531214605744,3081575,0.00002583,51.00000000,0
1531214611908,1531214611902,3081576,0.00002586,27.00000000,0
1531214612092,1531214612087,3081577,0.00002586,1.00000000,0
1531214612092,1531214612087,3081578,0.00002587,24.00000000,0
1531214612142,1531214612139,3081579,0.00002587,27.00000000,0
1531214614204,1531214614199,3081580,0.00002587,58.00000000,0
1531214614898,1531214614894,3081581,0.00002587,298.00000000,0
1531214615136,1531214615131,3081582,0.00002587,137.00000000,1
1531214619229,1531214619226,3081583,0.00002583,40.00000000,1
1531214619766,1531214619762,3081584,0.00002589,887.00000000,0
1531214619766,1531214619762,3081585,0.00002600,80.00000000,0
1531214624482,1531214624477,3081586,0.00002588,40.00000000,0
1531214624626,1531214624622,3081587,0.00002588,24.00000000,0
1531214625982,1531214625976,3081588,0.00002584,129.00000000,1
1531214628064,1531214628060,3081589,0.00002583,60.00000000,1
1531214632257,1531214632252,3081590,0.00002585,27.00000000,0
1531214632319,1531214632314,3081591,0.00002585,27.00000000,0
1531214632343,1531214632339,3081592,0.00002585,27.00000000,0
1531214632369,1531214632365,3081593,0.00002585,27.00000000,0
1531214632409,1531214632404,3081594,0.00002585,21.00000000,0
1531214632409,1531214632404,3081595,0.00002586,6.00000000,0
1531214637979,1531214637976,3081596,0.00002588,4.00000000,0
1531214645128,1531214645125,3081597,0.00002581,189.00000000,0
1531214664797,1531214664793,3081598,0.00002581,100.00000000,1
1531214664839,1531214664836,3081599,0.00002581,24.00000000,0
1531214692354,1531214692350,3081600,0.00002596,9.00000000,0
1531214692538,1531214692533,3081601,0.00002596,8.00000000,0
1531214692587,1531214692583,3081602,0.00002596,22.00000000,0
1531214692634,1531214692630,3081603,0.00002596,38.00000000,0
1531214692877,1531214692872,3081604,0.00002596,27.00000000,0
1531214692972,1531214692968,3081605,0.00002596,50.00000000,0
1531214693029,1531214693026,3081606,0.00002596,57.00000000,0
1531214693117,1531214693113,3081607,0.00002596,16.00000000,0
1531214714180,1531214714174,3081608,0.00002600,1.00000000,0
1531214721394,1531214721391,3081609,0.00002590,8.00000000,0
1531214766981,1531214766978,3081610,0.00002585,66.00000000,0
1531214778439,1531214778436,3081611,0.00002585,11.00000000,0
1531214794434,1531214794429,3081612,0.00002580,159.00000000,1
1531214794434,1531214794429,3081613,0.00002577,145.00000000,1
1531214794434,1531214794429,3081614,0.00002576,39.00000000,1
1531214794434,1531214794429,3081615,0.00002575,806.00000000,1
1531214794435,1531214794429,3081616,0.00002575,1793.00000000,1
1531214794449,1531214794445,3081617,0.00002576,3196.00000000,0
1531214795321,1531214795317,3081618,0.00002575,6.00000000,1
1531214801760,1531214801755,3081619,0.00002585,299.00000000,0
1531214801760,1531214801755,3081620,0.00002597,453.00000000,0
1531214801760,1531214801755,3081621,0.00002600,93.00000000,0
1531214801760,1531214801755,3081622,0.00002601,40.00000000,0
1531214801760,1531214801755,3081623,0.00002603,276.00000000,0
1531214805831,1531214805826,3081624,0.00002603,8.00000000,0
1531214805872,1531214805866,3081625,0.00002603,9.00000000,0
1531214846989,1531214846985,3081626,0.00002585,123.00000000,0
1531214851878,1531214851857,3081627,0.00002585,211.00000000,0
1531214858963,1531214858959,3081628,0.00002585,69.00000000,0
1531214880326,1531214880321,3081629,0.00002581,100.00000000,0
1531214880811,1531214880807,3081630,0.00002579,2840.00000000,1
1531214880811,1531214880807,3081631,0.00002573,7160.00000000,1
1531214883892,1531214883889,3081632,0.00002581,100.00000000,0
1531214884593,1531214884589,3081633,0.00002581,435.00000000,0
1531214886609,1531214886605,3081634,0.00002579,59.00000000,0
1531214886631,1531214886626,3081635,0.00002579,1.00000000,0
1531214887085,1531214887081,3081636,0.00002579,100.00000000,0
1531214889312,1531214889308,3081637,0.00002579,100.00000000,0
1531214890654,1531214890649,3081638,0.00002583,55.00000000,0
1531214892288,1531214892284,3081639,0.00002583,100.00000000,0
1531214894444,1531214894440,3081640,0.00002583,100.00000000,0
1531214938031,1531214938027,3081641,0.00002584,247.00000000,1
1531214938031,1531214938027,3081642,0.00002583,229.00000000,1
1531214938771,1531214938765,3081643,0.00002583,307.00000000,0
1531214939086,1531214939082,3081644,0.00002583,9217.00000000,0
1531214968877,1531214968873,3081645,0.00002600,4.00000000,0
1531215007455,1531215007451,3081646,0.00002598,5.00000000,0
1531215040017,1531215040014,3081647,0.00002581,222.00000000,1
1531215040017,1531215040014,3081648,0.00002579,127.00000000,1
1531215051826,1531215051821,3081649,0.00002580,5818.00000000,0
1531215055486,1531215055482,3081650,0.00002598,5.00000000,0
1531215182264,1531215182259,3081651,0.00002596,14.00000000,0
1531215190245,1531215190240,3081652,0.00002582,90.00000000,1
1531215223833,1531215223828,3081653,0.00002594,78.00000000,0
1531215234974,1531215234966,3081654,0.00002594,5.00000000,0
1531215243835,1531215243831,3081655,0.00002585,669.00000000,0
1531215261152,1531215261149,3081656,0.00002582,2604.00000000,0
1531215262702,1531215262698,3081657,0.00002581,136.00000000,0
1531215265436,1531215265431,3081658,0.00002582,2262.00000000,0
1531215265454,1531215265450,3081659,0.00002582,227.00000000,0
1531215268318,1531215268314,3081660,0.00002582,3025.00000000,0
1531215277178,1531215277174,3081661,0.00002582,1732.00000000,0
1531215279988,1531215279985,3081662,0.00002580,8512.00000000,1
1531215285964,1531215285959,3081663,0.00002591,2.00000000,0
1531215294591,1531215294585,3081664,0.00002581,270.00000000,1
1531215294627,1531215294622,3081665,0.00002581,125.00000000,0
1531215309641,1531215309635,3081666,0.00002588,133.00000000,0
1531215322747,1531215322744,3081667,0.00002580,1467.00000000,1
1531215322753,1531215322749,3081668,0.00002580,3366.00000000,1
1531215322755,1531215322751,3081669,0.00002580,1467.00000000,1
1531215322850,1531215322846,3081670,0.00002580,133.00000000,1
1531215354973,1531215354968,3081671,0.00002588,2255.00000000,0
1531215374419,1531215374415,3081672,0.00002594,6.00000000,0
1531215398168,1531215398164,3081673,0.00002594,3.00000000,0
1531215433665,1531215433661,3081674,0.00002593,220.00000000,0
1531215472236,1531215472233,3081675,0.00002589,254.00000000,1
1531215472236,1531215472233,3081676,0.00002588,229.00000000,1
1531215494944,1531215494939,3081677,0.00002580,48.00000000,1
1531215502565,1531215502561,3081678,0.00002580,362.00000000,1
1531215513310,1531215513307,3081679,0.00002580,4275.00000000,1
1531215663873,1531215663868,3081680,0.00002580,283.00000000,1
1531215665855,1531215665852,3081681,0.00002587,441.00000000,0
1531215670405,1531215670400,3081682,0.00002580,97.00000000,1
1531215673068,1531215673064,3081683,0.00002580,396.00000000,1
1531215677554,1531215677549,3081684,0.00002580,706.00000000,1
1531215677790,1531215677785,3081685,0.00002580,466.00000000,1
1531215692192,1531215692189,3081686,0.00002585,517.00000000,0
1531215693340,1531215693335,3081687,0.00002585,762.00000000,0
1531215711378,1531215711374,3081688,0.00002585,2.00000000,0
1531215711378,1531215711374,3081689,0.00002587,22.00000000,0
1531215713210,1531215713205,3081690,0.00002585,23.00000000,0
1531215718181,1531215718178,3081691,0.00002585,277.00000000,0
1531215723705,1531215723702,3081692,0.00002589,1316.00000000,0
1531215729711,1531215729707,3081693,0.00002576,1856.00000000,1
1531215729711,1531215729707,3081694,0.00002575,27133.00000000,1
1531215729711,1531215729707,3081695,0.00002573,438.00000000,1
1531215730772,1531215730766,3081696,0.00002588,1656.00000000,0
1531215731160,1531215731156,3081697,0.00002587,253.00000000,0
1531215731369,1531215731364,3081698,0.00002587,195.00000000,0
1531215763042,1531215763037,3081699,0.00002587,1.00000000,0
1531215781620,1531215781616,3081700,0.00002590,2840.00000000,0
1531215813263,1531215813259,3081701,0.00002589,28.00000000,0
1531215815064,1531215815059,3081702,0.00002589,27.00000000,0
1531215862432,1531215862429,3081703,0.00002585,25.00000000,0
1531215863304,1531215863301,3081704,0.00002585,23.00000000,0
1531215866267,1531215866264,3081705,0.00002575,272.00000000,1
1531215868035,1531215868030,3081706,0.00002573,2925.00000000,1
1531215869563,1531215869558,3081707,0.00002584,2.00000000,0
1531215876327,1531215876322,3081708,0.00002584,27.00000000,0
1531215877115,1531215877111,3081709,0.00002584,28.00000000,0
1531215877384,1531215877381,3081710,0.00002581,1694.00000000,0
1531215882811,1531215882808,3081711,0.00002581,2444.00000000,0
1531215882928,1531215882923,3081712,0.00002581,611.00000000,0
1531215888046,1531215888040,3081713,0.00002585,25.00000000,0
1531215933334,1531215933330,3081714,0.00002585,400.00000000,0
1531215978713,1531215978709,3081715,0.00002586,2.00000000,0
1531215986720,1531215986715,3081716,0.00002574,298.00000000,1
1531215991349,1531215991345,3081717,0.00002584,496.00000000,0
1531215992931,1531215992927,3081718,0.00002584,29.00000000,0
1531215993758,1531215993755,3081719,0.00002584,4.00000000,0
1531216005191,1531216005187,3081720,0.00002575,86.00000000,1
1531216005635,1531216005632,3081721,0.00002575,100.00000000,1
1531216007800,1531216007797,3081722,0.00002583,83.00000000,0
1531216008744,1531216008741,3081723,0.00002583,103.00000000,0
1531216011269,1531216011265,3081724,0.00002575,286.00000000,1
1531216011913,1531216011908,3081725,0.00002575,931.00000000,1
1531216011913,1531216011908,3081726,0.00002573,5288.00000000,1
1531216012982,1531216012979,3081727,0.00002575,169.00000000,1
1531216013286,1531216013282,3081728,0.00002583,91.00000000,0
1531216013310,1531216013307,3081729,0.00002575,770.00000000,1
1531216013358,1531216013354,3081730,0.00002575,83.00000000,0
1531216013450,1531216013446,3081731,0.00002575,82.00000000,0
1531216014665,1531216014660,3081732,0.00002584,2840.00000000,0
1531216014665,1531216014660,3081733,0.00002586,268.00000000,0
1531216014665,1531216014660,3081734,0.00002596,229.00000000,0
1531216014665,1531216014660,3081735,0.00002603,1895.00000000,0
1531216014665,1531216014660,3081736,0.00002604,4203.00000000,0
1531216016650,1531216016646,3081737,0.00002591,9.00000000,0
1531216016694,1531216016690,3081738,0.00002591,8.00000000,0
1531216017001,1531216016998,3081739,0.00002591,9.00000000,0
1531216017045,1531216017042,3081740,0.00002591,9.00000000,0
1531216017069,1531216017064,3081741,0.00002591,7.00000000,0
1531216017102,1531216017099,3081742,0.00002591,8.00000000,0
1531216017127,1531216017124,3081743,0.00002591,7.00000000,0
1531216017241,1531216017237,3081744,0.00002578,96.00000000,1
1531216017288,1531216017283,3081745,0.00002578,52.00000000,1
1531216017288,1531216017283,3081746,0.00002577,50.00000000,1
1531216017393,1531216017388,3081747,0.00002577,90.00000000,1
1531216017558,1531216017554,3081748,0.00002577,172.00000000,1
1531216018185,1531216018182,3081749,0.00002577,76.00000000,1
1531216019253,1531216019247,3081750,0.00002582,240.00000000,1
1531216020682,1531216020678,3081751,0.00002577,686.00000000,1
1531216020682,1531216020678,3081752,0.00002575,1088.00000000,1
1531216020682,1531216020678,3081753,0.00002574,4203.00000000,1
1531216020682,1531216020678,3081754,0.00002573,2529.00000000,1
1531216021961,1531216021957,3081755,0.00002587,217.00000000,0
1531216022118,1531216022114,3081756,0.00002574,100.00000000,1
1531216022419,1531216022415,3081757,0.00002574,200.00000000,1
1531216022824,1531216022818,3081758,0.00002587,1016.00000000,0
1531216022824,1531216022818,3081759,0.00002590,50.00000000,0
1531216022824,1531216022818,3081760,0.00002591,2783.00000000,0
1531216022824,1531216022818,3081761,0.00002600,240.00000000,0
1531216022824,1531216022818,3081762,0.00002603,7004.00000000,0
1531216023042,1531216023038,3081763,0.00002603,737.00000000,0
1531216023544,1531216023540,3081764,0.00002575,214.00000000,1
1531216024462,1531216024459,3081765,0.00002575,752.00000000,1
1531216024644,1531216024640,3081766,0.00002575,200.00000000,1
1531216027093,1531216027088,3081767,0.00002580,239.00000000,1
1531216027093,1531216027088,3081768,0.00002576,107.00000000,1
1531216027201,1531216027196,3081769,0.00002577,138.00000000,0
1531216027202,1531216027197,3081770,0.00002577,138.00000000,0
1531216027207,1531216027204,3081771,0.00002577,23.00000000,0
1531216027207,1531216027204,3081772,0.00002580,115.00000000,0
1531216027215,1531216027209,3081773,0.00002580,23.00000000,0
1531216027238,1531216027235,3081774,0.00002599,414.00000000,0
1531216027487,1531216027482,3081775,0.00002580,136.00000000,0
1531216029133,1531216029130,3081776,0.00002589,1216.00000000,0
1531216029594,1531216029590,3081777,0.00002577,4094.00000000,1
1531216031689,1531216031685,3081778,0.00002589,3.00000000,0
1531216031689,1531216031685,3081779,0.00002590,598.00000000,0
1531216031799,1531216031795,3081780,0.00002590,50.00000000,0
1531216031960,1531216031956,3081781,0.00002578,76.00000000,1
1531216032940,1531216032935,3081782,0.00002590,1053.00000000,0
1531216034345,1531216034341,3081783,0.00002579,99.00000000,1
1531216034930,1531216034926,3081784,0.00002597,7.00000000,0
1531216035011,1531216035007,3081785,0.00002597,8.00000000,0
1531216035058,1531216035055,3081786,0.00002597,7.00000000,0
1531216035152,1531216035148,3081787,0.00002597,9.00000000,0
1531216035369,1531216035366,3081788,0.00002597,9.00000000,0
1531216035502,1531216035496,3081789,0.00002597,8.00000000,0
1531216035598,1531216035595,3081790,0.00002597,9.00000000,0
1531216035714,1531216035711,3081791,0.00002597,9.00000000,0
1531216035860,1531216035856,3081792,0.00002597,9.00000000,0
1531216036288,1531216036284,3081793,0.00002597,1.00000000,0
1531216036288,1531216036284,3081794,0.00002598,7.00000000,0
1531216040582,1531216040578,3081795,0.00002579,3987.00000000,1
1531216045216,1531216045212,3081796,0.00002580,268.00000000,1
1531216045216,1531216045212,3081797,0.00002579,1413.00000000,1
1531216049422,1531216049417,3081798,0.00002581,5293.00000000,1
1531216067440,1531216067435,3081799,0.00002586,568.00000000,0
1531216068735,1531216068731,3081800,0.00002585,99.00000000,0
1531216069928,1531216069924,3081801,0.00002585,641.00000000,0
1531216075936,1531216075932,3081802,0.00002586,142.00000000,0
1531216092908,1531216092904,3081803,0.00002583,223.00000000,1
1531216096658,1531216096653,3081804,0.00002583,126.00000000,1
1531216105214,1531216105211,3081805,0.00002591,135.00000000,0
1531216105348,1531216105345,3081806,0.00002591,133.00000000,0
1531216105870,1531216105866,3081807,0.00002592,163.00000000,0
1531216105978,1531216105974,3081808,0.00002592,186.00000000,0
1531216106176,1531216106171,3081809,0.00002593,357.00000000,0
1531216110019,1531216110014,3081810,0.00002586,147.00000000,1
1531216139137,1531216139132,3081811,0.00002583,62.00000000,1
1531216218482,1531216218477,3081812,0.00002593,600.00000000,0
1531216218482,1531216218477,3081813,0.00002594,147.00000000,0
1531216219445,1531216219441,3081814,0.00002582,300.00000000,1
1531216231692,1531216231688,3081815,0.00002583,255.00000000,1
1531216231692,1531216231688,3081816,0.00002582,2540.00000000,1
1531216235017,1531216235013,3081817,0.00002581,604.00000000,1
1531216261010,1531216261006,3081818,0.00002581,2000.00000000,1
1531216307696,1531216307692,3081819,0.00002581,641.00000000,1
1531216310716,1531216310711,3081820,0.00002594,1144.00000000,0
1531216324642,1531216324637,3081821,0.00002593,28.00000000,0
1531216324781,1531216324777,3081822,0.00002593,28.00000000,0
1531216329532,1531216329528,3081823,0.00002593,26.00000000,0
1531216351398,1531216351393,3081824,0.00002593,458.00000000,0
1531216351730,1531216351726,3081825,0.00002593,312.00000000,0
1531216352266,1531216352262,3081826,0.00002593,1.00000000,0
1531216352656,1531216352652,3081827,0.00002593,307.00000000,1
1531216381379,1531216381375,3081828,0.00002583,249.00000000,1
1531216381379,1531216381375,3081829,0.00002582,627.00000000,1
1531216387383,1531216387379,3081830,0.00002592,231.00000000,0
1531216396345,1531216396341,3081831,0.00002582,172.00000000,1
1531216408648,1531216408644,3081832,0.00002592,6.00000000,0
1531216416085,1531216416081,3081833,0.00002592,773.00000000,0
1531216416119,1531216416115,3081834,0.00002592,277.00000000,0
1531216423424,1531216423421,3081835,0.00002592,505.00000000,0
1531216425370,1531216425367,3081836,0.00002592,392.00000000,0
1531216428116,1531216428111,3081837,0.00002592,24.00000000,0
1531216479447,1531216479443,3081838,0.00002592,799.00000000,0
1531216479589,1531216479586,3081839,0.00002593,626.00000000,0
1531216489477,1531216489473,3081840,0.00002593,2686.00000000,0
1531216490480,1531216490475,3081841,0.00002594,1629.00000000,0
1531216582562,1531216582558,3081842,0.00002592,385.00000000,0
1531216618353,1531216618349,3081843,0.00002583,268.00000000,1
1531216618353,1531216618349,3081844,0.00002582,1113.00000000,1
1531216618353,1531216618349,3081845,0.00002581,299.00000000,1
1531216624702,1531216624697,3081846,0.00002591,267.00000000,0
1531216636166,1531216636162,3081847,0.00002591,1.00000000,0
1531216636199,1531216636194,3081848,0.00002592,733.00000000,0
1531216637426,1531216637422,3081849,0.00002590,448.00000000,0
1531216638228,1531216638223,3081850,0.00002590,1.00000000,0
1531216652388,1531216652384,3081851,0.00002581,6.00000000,1
1531216654422,1531216654416,3081852,0.00002594,425.00000000,0
1531216660936,1531216660932,3081853,0.00002583,258.00000000,1
1531216660958,1531216660955,3081854,0.00002582,686.00000000,0
1531216660971,1531216660966,3081855,0.00002594,686.00000000,0
1531216669142,1531216669138,3081856,0.00002583,195.00000000,1
1531216723551,1531216723547,3081857,0.00002582,167.00000000,1
1531216730011,1531216730006,3081858,0.00002582,70.00000000,1
1531216730317,1531216730313,3081859,0.00002582,399.00000000,1
1531216735952,1531216735947,3081860,0.00002582,50.00000000,1
1531216735952,1531216735947,3081861,0.00002581,250.00000000,1
1531216735991,1531216735986,3081862,0.00002581,99.00000000,1
1531216737995,1531216737989,3081863,0.00002581,96.00000000,1
1531216738235,1531216738230,3081864,0.00002581,304.00000000,1
1531216739412,1531216739409,3081865,0.00002581,72.00000000,1
1531216739413,1531216739409,3081866,0.00002580,21.00000000,1
1531216740953,1531216740948,3081867,0.00002580,302.00000000,1
1531216743381,1531216743377,3081868,0.00002580,93.00000000,1
1531216745026,1531216745022,3081869,0.00002580,195.00000000,1
1531216747849,1531216747845,3081870,0.00002580,72.00000000,1
1531216748004,1531216748000,3081871,0.00002580,200.00000000,1
1531216749369,1531216749365,3081872,0.00002580,169.00000000,1
1531216755409,1531216755404,3081873,0.00002586,29.00000000,0
1531216755936,1531216755932,3081874,0.00002591,24.00000000,0
1531216760970,1531216760965,3081875,0.00002591,28.00000000,0
1531216761921,1531216761916,3081876,0.00002591,28.00000000,0
1531216794786,1531216794782,3081877,0.00002589,1.00000000,0
1531216794848,1531216794844,3081878,0.00002589,21.00000000,0
1531216799583,1531216799578,3081879,0.00002580,298.00000000,1
1531216800819,1531216800815,3081880,0.00002580,299.00000000,1
1531216801919,1531216801914,3081881,0.00002580,299.00000000,1
1531216802996,1531216802992,3081882,0.00002580,86.00000000,1
1531216803680,1531216803676,3081883,0.00002580,108.00000000,1
1531216803742,1531216803737,3081884,0.00002580,280.00000000,1
1531216804318,1531216804313,3081885,0.00002580,86.00000000,1
1531216804340,1531216804336,3081886,0.00002580,303.00000000,1
1531216804964,1531216804960,3081887,0.00002580,209.00000000,1
1531216805597,1531216805593,3081888,0.00002580,89.00000000,1
1531216806732,1531216806726,3081889,0.00002580,306.00000000,1
1531216807286,1531216807282,3081890,0.00002580,288.00000000,1
1531216808753,1531216808749,3081891,0.00002580,1549.00000000,1
1531216808843,1531216808840,3081892,0.00002580,469.00000000,1
1531216809057,1531216809052,3081893,0.00002580,475.00000000,1
1531216809179,1531216809174,3081894,0.00002579,375.00000000,1
1531216809214,1531216809210,3081895,0.00002579,475.00000000,1
1531216809232,1531216809228,3081896,0.00002579,400.00000000,1
1531216809351,1531216809346,3081897,0.00002579,308.00000000,1
1531216809720,1531216809716,3081898,0.00002579,340.00000000,1
1531216812393,1531216812387,3081899,0.00002579,1253.00000000,1
1531216812915,1531216812912,3081900,0.00002579,283.00000000,1
1531216813006,1531216813002,3081901,0.00002579,305.00000000,1
1531216813200,1531216813197,3081902,0.00002579,308.00000000,1
1531216813578,1531216813572,3081903,0.00002579,267.00000000,1
1531216814093,1531216814088,3081904,0.00002579,329.00000000,1
1531216814182,1531216814177,3081905,0.00002579,292.00000000,1
1531216814182,1531216814179,3081906,0.00002579,269.00000000,1
1531216814197,1531216814193,3081907,0.00002579,269.00000000,1
1531216814994,1531216814990,3081908,0.00002579,801.00000000,1
1531216815108,1531216815104,3081909,0.00002579,305.00000000,1
1531216816007,1531216816004,3081910,0.00002579,260.00000000,1
1531216816155,1531216816150,3081911,0.00002579,885.00000000,1
1531216816613,1531216816610,3081912,0.00002579,262.00000000,1
1531216816960,1531216816956,3081913,0.00002579,269.00000000,1
1531216817163,1531216817159,3081914,0.00002579,100.00000000,1
1531216817180,1531216817176,3081915,0.00002579,1463.00000000,1
1531216817598,1531216817594,3081916,0.00002579,268.00000000,1
1531216818262,1531216818258,3081917,0.00002579,263.00000000,1
1531216818519,1531216818515,3081918,0.00002579,303.00000000,1
1531216818901,1531216818897,3081919,0.00002579,68.00000000,1
1531216819005,1531216819001,3081920,0.00002579,263.00000000,1
1531216819693,1531216819689,3081921,0.00002579,86.00000000,1
1531216820765,1531216820761,3081922,0.00002579,400.00000000,1
1531216820846,1531216820841,3081923,0.00002579,729.00000000,1
1531216821117,1531216821113,3081924,0.00002579,274.00000000,0
1531216821185,1531216821181,3081925,0.00002577,95.00000000,1
1531216822052,1531216822047,3081926,0.00002577,307.00000000,1
1531216824349,1531216824344,3081927,0.00002577,307.00000000,1
1531216826569,1531216826564,3081928,0.00002577,711.00000000,1
1531216831231,1531216831226,3081929,0.00002577,298.00000000,1
1531216835486,1531216835481,3081930,0.00002577,281.00000000,1
1531216835585,1531216835580,3081931,0.00002577,303.00000000,1
1531216836803,1531216836799,3081932,0.00002577,87.00000000,1
1531216837372,1531216837369,3081933,0.00002577,86.00000000,1
1531216837990,1531216837985,3081934,0.00002577,83.00000000,1
1531216839160,1531216839156,3081935,0.00002577,285.00000000,1
1531216839250,1531216839247,3081936,0.00002577,308.00000000,1
1531216841583,1531216841578,3081937,0.00002577,304.00000000,1
1531216842706,1531216842702,3081938,0.00002577,287.00000000,1
1531216843361,1531216843356,3081939,0.00002577,384.00000000,1
1531216845348,1531216845343,3081940,0.00002577,298.00000000,1
1531216848348,1531216848344,3081941,0.00002577,263.00000000,1
1531216850773,1531216850768,3081942,0.00002577,261.00000000,1
1531216861200,1531216861194,3081943,0.00002577,302.00000000,1
1531216862539,1531216862535,3081944,0.00002586,25.00000000,0
1531216875018,1531216875012,3081945,0.00002577,948.00000000,1
1531216876075,1531216876071,3081946,0.00002577,304.00000000,1
1531216878300,1531216878296,3081947,0.00002577,298.00000000,1
1531216880116,1531216880112,3081948,0.00002577,533.00000000,1
1531216884118,1531216884114,3081949,0.00002577,1683.00000000,1
1531216911126,1531216911121,3081950,0.00002577,517.00000000,1
1531216913955,1531216913950,3081951,0.00002577,2667.00000000,1
1531216918678,1531216918674,3081952,0.00002575,20.00000000,0
1531216918815,1531216918810,3081953,0.00002575,20.00000000,0
1531216918870,1531216918866,3081954,0.00002575,21.00000000,0
1531216918902,1531216918899,3081955,0.00002575,26.00000000,0
1531216918968,1531216918963,3081956,0.00002575,23.00000000,0
1531216918995,1531216918991,3081957,0.00002575,36.00000000,0
1531216919013,1531216919010,3081958,0.00002575,36.00000000,0
1531216919051,1531216919047,3081959,0.00002575,36.00000000,0
1531216919169,1531216919163,3081960,0.00002575,36.00000000,0
1531216919192,1531216919188,3081961,0.00002575,29.00000000,0
1531216919222,1531216919218,3081962,0.00002575,45.00000000,0
1531216919604,1531216919599,3081963,0.00002575,59.00000000,0
1531216920110,1531216920107,3081964,0.00002575,562.00000000,0
1531216920275,1531216920270,3081965,0.00002577,54.00000000,0
1531216921792,1531216921788,3081966,0.00002575,36.00000000,0
1531216922252,1531216922247,3081967,0.00002575,439.00000000,0
1531216926249,1531216926243,3081968,0.00002577,3.00000000,0
1531216933699,1531216933695,3081969,0.00002577,1.00000000,0
1531216943831,1531216943826,3081970,0.00002577,219.00000000,0
1531216947557,1531216947552,3081971,0.00002577,36.00000000,0
1531216991249,1531216991245,3081972,0.00002573,6525.00000000,1
1531217007597,1531217007593,3081973,0.00002578,40.00000000,1
1531217007597,1531217007593,3081974,0.00002573,972.00000000,1
1531217007638,1531217007634,3081975,0.00002573,1972.00000000,1
1531217011490,1531217011487,3081976,0.00002573,215.00000000,1
1531217023016,1531217023012,3081977,0.00002587,153.00000000,0
1531217056321,1531217056316,3081978,0.00002588,29.00000000,0
1531217101343,1531217101337,3081979,0.00002588,181.00000000,0
1531217101343,1531217101337,3081980,0.00002589,878.00000000,0
1531217101695,1531217101691,3081981,0.00002589,8.00000000,0
1531217120326,1531217120321,3081982,0.00002589,74.00000000,0
1531217143341,1531217143338,3081983,0.00002587,777.00000000,0
1531217143341,1531217143338,3081984,0.00002589,1392.00000000,0
1531217144251,1531217144246,3081985,0.00002577,108.00000000,1
1531217144674,1531217144670,3081986,0.00002586,837.00000000,0
1531217145105,1531217145100,3081987,0.00002586,473.00000000,0
1531217145536,1531217145533,3081988,0.00002580,100.00000000,1
1531217146685,1531217146680,3081989,0.00002587,249.00000000,0
1531217147362,1531217147355,3081990,0.00002579,406.00000000,0
1531217153260,1531217153256,3081991,0.00002574,351.00000000,1
1531217167489,1531217167486,3081992,0.00002587,4.00000000,0
1531217176717,1531217176712,3081993,0.00002575,878.00000000,1
1531217205973,1531217205967,3081994,0.00002574,57.00000000,1
1531217209296,1531217209291,3081995,0.00002580,4.00000000,0
1531217213935,1531217213930,3081996,0.00002574,276.00000000,1
1531217218284,1531217218278,3081997,0.00002574,1053.00000000,1
1531217219428,1531217219424,3081998,0.00002573,39.00000000,1
1531217223433,1531217223428,3081999,0.00002581,27.00000000,0
1531217223478,1531217223473,3082000,0.00002581,36.00000000,0
1531217228023,1531217228018,3082001,0.00002573,1264.00000000,1
1531217232071,1531217232065,3082002,0.00002573,2247.00000000,1
1531217235917,1531217235912,3082003,0.00002573,400.00000000,1
1531217251769,1531217251765,3082004,0.00002574,1397.00000000,1
1531217251769,1531217251765,3082005,0.00002573,2600.00000000,1
1531217256395,1531217256391,3082006,0.00002573,2248.00000000,1
1531217264462,1531217264458,3082007,0.00002573,33.00000000,1
1531217313480,1531217313477,3082008,0.00002574,271.00000000,1
1531217313480,1531217313477,3082009,0.00002573,123.00000000,1
1531217367219,1531217367215,3082010,0.00002573,301.00000000,1
1531217382458,1531217382453,3082011,0.00002577,39.00000000,1
1531217389012,1531217389007,3082012,0.00002573,1895.00000000,1
1531217405665,1531217405659,3082013,0.00002573,680.00000000,1
1531217429225,1531217429220,3082014,0.00002573,419.00000000,1
1531217429324,1531217429319,3082015,0.00002573,7955.00000000,1
1531217451317,1531217451312,3082016,0.00002573,180.00000000,1
1531217459833,1531217459827,3082017,0.00002572,402.00000000,1
1531217461679,1531217461674,3082018,0.00002572,101.00000000,1
1531217461770,1531217461765,3082019,0.00002572,713.00000000,1
1531217465345,1531217465340,3082020,0.00002571,312.00000000,1
1531217465345,1531217465340,3082021,0.00002570,238.00000000,1
1531217465657,1531217465653,3082022,0.00002572,27.00000000,0
1531217465682,1531217465678,3082023,0.00002572,23.00000000,0
1531217465779,1531217465775,3082024,0.00002572,24.00000000,0
1531217465820,1531217465816,3082025,0.00002572,28.00000000,0
1531217465855,1531217465849,3082026,0.00002572,36.00000000,0
1531217465945,1531217465941,3082027,0.00002572,36.00000000,0
1531217487179,1531217487174,3082028,0.00002570,262.00000000,1
1531217487202,1531217487198,3082029,0.00002570,181.00000000,1
1531217487407,1531217487402,3082030,0.00002570,50966.00000000,1
1531217499732,1531217499726,3082031,0.00002570,307.00000000,1
1531217501872,1531217501868,3082032,0.00002570,298.00000000,1
1531217502118,1531217502113,3082033,0.00002570,300.00000000,1
1531217502134,1531217502128,3082034,0.00002570,55.00000000,1
1531217503062,1531217503057,3082035,0.00002570,70.00000000,1
1531217504310,1531217504305,3082036,0.00002570,3840.00000000,1
1531217504496,1531217504491,3082037,0.00002570,304.00000000,1
1531217504643,1531217504638,3082038,0.00002570,169.00000000,1
1531217506803,1531217506798,3082039,0.00002570,177.00000000,1
1531217506918,1531217506913,3082040,0.00002570,308.00000000,1
1531217507735,1531217507731,3082041,0.00002570,202.00000000,1
1531217509185,1531217509181,3082042,0.00002570,171.00000000,1
1531217509206,1531217509200,3082043,0.00002570,303.00000000,1
1531217509643,1531217509640,3082044,0.00002570,192.00000000,1
1531217511634,1531217511631,3082045,0.00002570,175.00000000,1
1531217511825,1531217511822,3082046,0.00002570,306.00000000,1
1531217514061,1531217514057,3082047,0.00002570,3521.00000000,1
1531217514953,1531217514948,3082048,0.00002570,174.00000000,1
1531217515238,1531217515233,3082049,0.00002570,284.00000000,1
1531217515656,1531217515650,3082050,0.00002570,305.00000000,1
1531217517271,1531217517266,3082051,0.00002570,170.00000000,1
1531217517770,1531217517766,3082052,0.00002570,219.00000000,1
1531217517980,1531217517976,3082053,0.00002570,299.00000000,1
1531217518389,1531217518385,3082054,0.00002570,376.00000000,1
1531217519829,1531217519824,3082055,0.00002570,167.00000000,1
1531217520091,1531217520086,3082056,0.00002570,299.00000000,1
1531217524166,1531217524162,3082057,0.00002570,204.00000000,1
1531217524974,1531217524968,3082058,0.00002570,204.00000000,1
1531217525268,1531217525262,3082059,0.00002570,299.00000000,1
1531217527431,1531217527425,3082060,0.00002572,284.00000000,0
1531217527431,1531217527425,3082061,0.00002574,104.00000000,0
1531217527801,1531217527795,3082062,0.00002570,303.00000000,1
1531217529236,1531217529231,3082063,0.00002573,51.00000000,1
1531217530634,1531217530630,3082064,0.00002574,388.00000000,0
1531217530842,1531217530837,3082065,0.00002570,95.00000000,1
1531217542999,1531217542995,3082066,0.00002570,307.00000000,1
1531217544245,1531217544240,3082067,0.00002570,173.00000000,1
1531217545307,1531217545302,3082068,0.00002570,307.00000000,1
1531217546692,1531217546688,3082069,0.00002570,173.00000000,1
1531217547809,1531217547805,3082070,0.00002570,303.00000000,1
1531217549233,1531217549228,3082071,0.00002570,3592.00000000,1
1531217550449,1531217550445,3082072,0.00002570,4009.00000000,1
1531217572533,1531217572527,3082073,0.00002570,3003.00000000,1
1531217576530,1531217576526,3082074,0.00002570,1269.00000000,1
1531217581125,1531217581122,3082075,0.00002570,10546.00000000,1
1531217591294,1531217591290,3082076,0.00002570,171.00000000,1
1531217591716,1531217591710,3082077,0.00002577,271.00000000,0
1531217591716,1531217591710,3082078,0.00002578,736.00000000,0
1531217591716,1531217591710,3082079,0.00002582,2202.00000000,0
1531217591716,1531217591710,3082080,0.00002583,291.00000000,0
1531217593610,1531217593605,3082081,0.00002571,168.00000000,1
1531217596117,1531217596113,3082082,0.00002571,112.00000000,1
1531217596117,1531217596113,3082083,0.00002570,57.00000000,1
1531217597643,1531217597639,3082084,0.00002580,280.00000000,0
1531217598536,1531217598532,3082085,0.00002570,173.00000000,1
1531217599865,1531217599861,3082086,0.00002571,262.00000000,1
1531217599865,1531217599861,3082087,0.00002570,1998.00000000,1
1531217600983,1531217600979,3082088,0.00002570,180.00000000,1
1531217601006,1531217601001,3082089,0.00002570,172.00000000,1
1531217603288,1531217603285,3082090,0.00002570,187.00000000,1
1531217603567,1531217603562,3082091,0.00002570,169.00000000,1
1531217604609,1531217604605,3082092,0.00002570,1271.00000000,1
1531217605133,1531217605129,3082093,0.00002580,1.00000000,0
1531217605903,1531217605898,3082094,0.00002570,173.00000000,1
1531217607895,1531217607891,3082095,0.00002570,9355.00000000,1
1531217608813,1531217608809,3082096,0.00002570,953.00000000,1
1531217612805,1531217612798,3082097,0.00002570,1001.00000000,1
1531217632085,1531217632081,3082098,0.00002570,95.00000000,1
1531217638676,1531217638671,3082099,0.00002570,225.00000000,1
1531217639368,1531217639363,3082100,0.00002570,231.00000000,1
1531217640156,1531217640151,3082101,0.00002570,766.00000000,1
1531217640308,1531217640303,3082102,0.00002570,200.00000000,1
1531217641772,1531217641767,3082103,0.00002570,264.00000000,1
1531217646457,1531217646452,3082104,0.00002570,84.00000000,1
1531217646886,1531217646882,3082105,0.00002570,947.00000000,1
1531217646905,1531217646901,3082106,0.00002570,300.00000000,1
1531217646907,1531217646902,3082107,0.00002570,442.00000000,1
1531217653361,1531217653357,3082108,0.00002570,35.00000000,1
1531217653671,1531217653666,3082109,0.00002570,225.00000000,1
1531217654291,1531217654287,3082110,0.00002570,1455.00000000,1
1531217656596,1531217656592,3082111,0.00002570,1271.00000000,1
1531217656622,1531217656618,3082112,0.00002570,319.00000000,1
1531217656640,1531217656635,3082113,0.00002570,96.00000000,1
1531217660928,1531217660922,3082114,0.00002570,954.00000000,1
1531217662022,1531217662017,3082115,0.00002570,318.00000000,1
1531217662046,1531217662041,3082116,0.00002576,38.00000000,0
1531217662321,1531217662316,3082117,0.00002576,29.00000000,0
1531217662576,1531217662571,3082118,0.00002570,318.00000000,1
1531217662808,1531217662803,3082119,0.00002576,21.00000000,0
1531217663015,1531217663010,3082120,0.00002570,86.00000000,1
1531217665187,1531217665183,3082121,0.00002576,29.00000000,0
1531217666098,1531217666094,3082122,0.00002576,29.00000000,0
1531217666296,1531217666291,3082123,0.00002570,281.00000000,1
1531217666931,1531217666927,3082124,0.00002570,400.00000000,1
1531217667125,1531217667122,3082125,0.00002570,400.00000000,1
1531217667493,1531217667488,3082126,0.00002570,591.00000000,1
1531217669584,1531217669580,3082127,0.00002570,288.00000000,1
1531217672962,1531217672958,3082128,0.00002570,386.00000000,1
1531217674733,1531217674729,3082129,0.00002570,83.00000000,1
1531217678719,1531217678714,3082130,0.00002576,29.00000000,0
1531217679733,1531217679728,3082131,0.00002570,288.00000000,1
1531217683022,1531217683018,3082132,0.00002570,285.00000000,1
1531217683718,1531217683713,3082133,0.00002570,395.00000000,1
1531217684202,1531217684197,3082134,0.00002577,1893.00000000,0
1531217686434,1531217686429,3082135,0.00002570,286.00000000,1
1531217688905,1531217688901,3082136,0.00002570,416.00000000,1
1531217689771,1531217689766,3082137,0.00002570,97.00000000,1
1531217693165,1531217693161,3082138,0.00002570,280.00000000,1
1531217693247,1531217693243,3082139,0.00002570,382.00000000,1
1531217694041,1531217694036,3082140,0.00002570,382.00000000,1
1531217695629,1531217695624,3082141,0.00002570,115.00000000,1
1531217698547,1531217698542,3082142,0.00002570,381.00000000,1
1531217698884,1531217698880,3082143,0.00002570,381.00000000,1
1531217699893,1531217699887,3082144,0.00002570,1200.00000000,1
1531217703341,1531217703336,3082145,0.00002570,9525.00000000,1
1531217704243,1531217704239,3082146,0.00002570,295.00000000,1
1531217704395,1531217704391,3082147,0.00002570,295.00000000,1
1531217708177,1531217708172,3082148,0.00002570,93.00000000,1
1531217710132,1531217710129,3082149,0.00002570,469.00000000,1
1531217714440,1531217714436,3082150,0.00002570,285.00000000,1
1531217719081,1531217719077,3082151,0.00002570,401.00000000,1
1531217730745,1531217730739,3082152,0.00002570,146.00000000,1
1531217732515,1531217732511,3082153,0.00002574,29.00000000,0
1531217750603,1531217750599,3082154,0.00002570,950.00000000,1
1531217775768,1531217775765,3082155,0.00002570,878.00000000,1
1531217828516,1531217828511,3082156,0.00002576,34.00000000,0
1531217869137,1531217869133,3082157,0.00002571,177.00000000,1
1531217871442,1531217871437,3082158,0.00002571,170.00000000,1
1531217873856,1531217873850,3082159,0.00002571,65.00000000,1
1531217876278,1531217876274,3082160,0.00002571,2.00000000,1
1531217876278,1531217876274,3082161,0.00002570,165.00000000,1
1531217878737,1531217878733,3082162,0.00002570,171.00000000,1
1531217882636,1531217882631,3082163,0.00002576,23.00000000,0
1531217882636,1531217882631,3082164,0.00002577,6.00000000,0
1531217897221,1531217897218,3082165,0.00002570,172.00000000,1
1531217899647,1531217899641,3082166,0.00002570,167.00000000,1
1531217901989,1531217901983,3082167,0.00002570,171.00000000,1
1531217941828,1531217941822,3082168,0.00002570,6662.00000000,1
1531217943014,1531217943010,3082169,0.00002570,174.00000000,1
1531217945184,1531217945180,3082170,0.00002570,170.00000000,1
1531217947777,1531217947773,3082171,0.00002570,167.00000000,1
1531217949981,1531217949976,3082172,0.00002570,175.00000000,1
1531217952665,1531217952659,3082173,0.00002570,172.00000000,1
1531217954857,1531217954853,3082174,0.00002570,169.00000000,1
1531217957494,1531217957490,3082175,0.00002570,175.00000000,1
1531217961196,1531217961192,3082176,0.00002570,150.00000000,1
1531217965755,1531217965750,3082177,0.00002570,172.00000000,1
1531217968611,1531217968606,3082178,0.00002570,175.00000000,1
1531217970640,1531217970636,3082179,0.00002570,182.00000000,1
1531217970930,1531217970926,3082180,0.00002570,172.00000000,1
1531217973092,1531217973088,3082181,0.00002570,180.00000000,1
1531217973402,1531217973397,3082182,0.00002570,169.00000000,1
1531217978221,1531217978216,3082183,0.00002570,176.00000000,1
1531217980704,1531217980700,3082184,0.00002570,126.00000000,1
1531217983100,1531217983095,3082185,0.00002570,169.00000000,1
1531217985581,1531217985577,3082186,0.00002570,171.00000000,1
1531217992307,1531217992303,3082187,0.00002570,173.00000000,1
1531217994733,1531217994728,3082188,0.00002570,177.00000000,1
1531217997062,1531217997058,3082189,0.00002570,167.00000000,1
1531217999636,1531217999632,3082190,0.00002570,167.00000000,1
1531218002172,1531218002166,3082191,0.00002570,175.00000000,1
1531218008873,1531218008869,3082192,0.00002570,153.00000000,1
1531218008892,1531218008887,3082193,0.00002570,276.00000000,1
1531218016534,1531218016529,3082194,0.00002577,11.00000000,0
1531218019873,1531218019868,3082195,0.00002570,169.00000000,1
1531218058799,1531218058795,3082196,0.00002577,397.00000000,1
1531218059401,1531218059396,3082197,0.00002577,203.00000000,1
1531218094659,1531218094653,3082198,0.00002570,3482.00000000,1
1531218116069,1531218116064,3082199,0.00002570,3033.00000000,1
1531218140803,1531218140798,3082200,0.00002570,177.00000000,1
1531218145960,1531218145956,3082201,0.00002574,18.00000000,0
1531218205236,1531218205230,3082202,0.00002570,320.00000000,1
1531218299038,1531218299034,3082203,0.00002570,847.00000000,1
1531218365174,1531218365169,3082204,0.00002570,1.00000000,1
1531218450682,1531218450678,3082205,0.00002570,13852.00000000,1
1531218457963,1531218457959,3082206,0.00002572,2.00000000,0
1531218537142,1531218537138,3082207,0.00002570,5204.00000000,1
1531218537228,1531218537222,3082208,0.00002570,3470.00000000,1
1531218541735,1531218541730,3082209,0.00002570,27.00000000,0
1531218541774,1531218541769,3082210,0.00002570,25.00000000,0
1531218541835,1531218541830,3082211,0.00002570,24.00000000,0
1531218541950,1531218541945,3082212,0.00002570,27.00000000,0
1531218542063,1531218542059,3082213,0.00002570,25.00000000,0
1531218542115,1531218542110,3082214,0.00002570,29.00000000,0
1531218542288,1531218542284,3082215,0.00002570,27.00000000,0
1531218542318,1531218542314,3082216,0.00002570,29.00000000,0
1531218542385,1531218542381,3082217,0.00002570,31.00000000,0
1531218542441,1531218542438,3082218,0.00002570,36.00000000,0
1531218542499,1531218542495,3082219,0.00002570,36.00000000,0
1531218542521,1531218542516,3082220,0.00002569,6.00000000,1
1531218542521,1531218542516,3082221,0.00002569,100.00000000,1
1531218560283,1531218560279,3082222,0.00002570,29.00000000,0
1531218561936,1531218561933,3082223,0.00002570,29.00000000,0
1531218566338,1531218566333,3082224,0.00002570,22.00000000,0
1531218566969,1531218566964,3082225,0.00002570,20.00000000,0
1531218566969,1531218566964,3082226,0.00002573,9.00000000,0
1531218571136,1531218571132,3082227,0.00002573,28.00000000,0
1531218571884,1531218571879,3082228,0.00002573,29.00000000,0
1531218592173,1531218592168,3082229,0.00002572,26.00000000,0
1531218595095,1531218595089,3082230,0.00002572,10.00000000,0
1531218613705,1531218613700,3082231,0.00002571,58.00000000,0
1531218620611,1531218620606,3082232,0.00002571,3.00000000,0
1531218644503,1531218644498,3082233,0.00002569,11.00000000,1
1531218644503,1531218644498,3082234,0.00002560,1864.00000000,1
1531218644745,1531218644741,3082235,0.00002560,117.00000000,1
1531218647277,1531218647273,3082236,0.00002560,346.00000000,1
1531218647421,1531218647415,3082237,0.00002564,91.00000000,0
1531218647607,1531218647604,3082238,0.00002560,201.00000000,1
1531218649412,1531218649407,3082239,0.00002564,1837.00000000,0
1531218650230,1531218650227,3082240,0.00002560,218.00000000,1
1531218651416,1531218651411,3082241,0.00002564,365.00000000,0
1531218652189,1531218652184,3082242,0.00002560,505.00000000,0
1531218652391,1531218652387,3082243,0.00002573,27.00000000,0
1531218652436,1531218652432,3082244,0.00002573,27.00000000,0
1531218652489,1531218652485,3082245,0.00002573,25.00000000,0
1531218652539,1531218652533,3082246,0.00002573,27.00000000,0
1531218652588,1531218652584,3082247,0.00002573,1.00000000,0
1531218652588,1531218652584,3082248,0.00002574,26.00000000,0
1531218652630,1531218652625,3082249,0.00002559,6.00000000,1
1531218658665,1531218658661,3082250,0.00002563,681.00000000,0
1531218660700,1531218660694,3082251,0.00002562,283.00000000,1
1531218660700,1531218660694,3082252,0.00002558,87.00000000,1
1531218663660,1531218663656,3082253,0.00002560,1.00000000,1
1531218667223,1531218667218,3082254,0.00002560,163.00000000,1
1531218667254,1531218667249,3082255,0.00002560,804.00000000,0
1531218667273,1531218667266,3082256,0.00002560,128.00000000,0
1531218667278,1531218667273,3082257,0.00002559,88.00000000,1
1531218667278,1531218667274,3082258,0.00002559,82.00000000,1
1531218677351,1531218677348,3082259,0.00002568,1.00000000,0
1531218691262,1531218691257,3082260,0.00002567,27.00000000,0
1531218691367,1531218691362,3082261,0.00002567,27.00000000,0
1531218691401,1531218691396,3082262,0.00002567,36.00000000,0
1531218691442,1531218691435,3082263,0.00002567,33.00000000,0
1531218691454,1531218691451,3082264,0.00002567,27.00000000,0
1531218691471,1531218691466,3082265,0.00002567,37.00000000,0
1531218691474,1531218691469,3082266,0.00002567,21.00000000,0
1531218691645,1531218691643,3082267,0.00002567,46.00000000,0
1531218694339,1531218694334,3082268,0.00002567,29.00000000,0
1531218694339,1531218694334,3082269,0.00002568,7.00000000,0
1531218734298,1531218734293,3082270,0.00002568,163.00000000,0
1531218741841,1531218741837,3082271,0.00002568,1.00000000,0
1531218741841,1531218741837,3082272,0.00002571,466.00000000,0
1531218758080,1531218758076,3082273,0.00002571,423.00000000,0
1531218758080,1531218758076,3082274,0.00002573,471.00000000,0
1531218758453,1531218758448,3082275,0.00002573,585.00000000,1
1531218777966,1531218777961,3082276,0.00002574,136.00000000,0
1531218777966,1531218777961,3082277,0.00002576,104.00000000,0
1531218780166,1531218780162,3082278,0.00002576,9.00000000,0
1531218780195,1531218780191,3082279,0.00002576,7.00000000,0
1531218780216,1531218780212,3082280,0.00002576,9.00000000,0
1531218871753,1531218871749,3082281,0.00002576,355.00000000,0
1531218871753,1531218871749,3082282,0.00002577,1562.00000000,0
1531218872327,1531218872323,3082283,0.00002577,766.00000000,0
1531218872399,1531218872394,3082284,0.00002577,307.00000000,0
1531218876246,1531218876242,3082285,0.00002580,8.00000000,0
1531218876256,1531218876252,3082286,0.00002580,9.00000000,0
1531218876307,1531218876303,3082287,0.00002580,9.00000000,0
1531218876380,1531218876374,3082288,0.00002580,9.00000000,0
1531218876411,1531218876407,3082289,0.00002580,9.00000000,0
1531218876490,1531218876484,3082290,0.00002580,9.00000000,0
1531218881643,1531218881638,3082291,0.00002565,22.00000000,1
1531218881995,1531218881991,3082292,0.00002564,38.00000000,1
1531218882828,1531218882824,3082293,0.00002564,27.00000000,1
1531218882941,1531218882936,3082294,0.00002564,22.00000000,1
1531218883489,1531218883483,3082295,0.00002564,50.00000000,1
1531218884029,1531218884024,3082296,0.00002564,17.00000000,1
1531218884441,1531218884436,3082297,0.00002564,16.00000000,1
1531218889695,1531218889689,3082298,0.00002576,574.00000000,1
1531218949509,1531218949506,3082299,0.00002579,2.00000000,0
1531218994221,1531218994215,3082300,0.00002577,2.00000000,0
1531219051949,1531219051944,3082301,0.00002579,29.00000000,0
1531219109866,1531219109862,3082302,0.00002578,4.00000000,0
1531219150624,1531219150619,3082303,0.00002570,221.00000000,0
1531219165263,1531219165258,3082304,0.00002578,293.00000000,1
1531219165835,1531219165830,3082305,0.00002578,249.00000000,1
1531219249896,1531219249892,3082306,0.00002579,2272.00000000,0
1531219257632,1531219257626,3082307,0.00002580,3099.00000000,0
1531219261708,1531219261703,3082308,0.00002580,1285.00000000,0
1531219299820,1531219299816,3082309,0.00002580,440.00000000,0
1531219304643,1531219304638,3082310,0.00002585,9.00000000,0
1531219304722,1531219304717,3082311,0.00002585,9.00000000,0
1531219304751,1531219304747,3082312,0.00002585,7.00000000,0
1531219304784,1531219304780,3082313,0.00002585,9.00000000,0
1531219304829,1531219304825,3082314,0.00002585,6.00000000,0
1531219304829,1531219304825,3082315,0.00002590,3.00000000,0
1531219304861,1531219304857,3082316,0.00002590,9.00000000,0
1531219304921,1531219304917,3082317,0.00002590,9.00000000,0
1531219305178,1531219305174,3082318,0.00002590,9.00000000,0
1531219305213,1531219305208,3082319,0.00002590,7.00000000,0
1531219305241,1531219305237,3082320,0.00002590,9.00000000,0
1531219307205,1531219307201,3082321,0.00002590,9.00000000,0
1531219307231,1531219307226,3082322,0.00002590,9.00000000,0
1531219307233,1531219307228,3082323,0.00002590,9.00000000,0
1531219307273,1531219307267,3082324,0.00002590,9.00000000,0
1531219307390,1531219307385,3082325,0.00002590,8.00000000,0
1531219307433,1531219307429,3082326,0.00002590,9.00000000,0
1531219312966,1531219312962,3082327,0.00002590,212.00000000,0
1531219377047,1531219377043,3082328,0.00002590,1.00000000,0
1531219388698,1531219388694,3082329,0.00002590,905.00000000,0
1531219459695,1531219459691,3082330,0.00002590,303.00000000,0
1531219461878,1531219461873,3082331,0.00002590,303.00000000,0
1531219470173,1531219470169,3082332,0.00002590,87.00000000,0
1531219551003,1531219550996,3082333,0.00002581,263.00000000,1
1531219551003,1531219550996,3082334,0.00002580,5373.00000000,1
1531219551003,1531219550996,3082335,0.00002573,2840.00000000,1
1531219551003,1531219550996,3082336,0.00002572,240.00000000,1
1531219551003,1531219550996,3082337,0.00002571,6476.00000000,1
1531219554073,1531219554068,3082338,0.00002585,79.00000000,0
1531219563299,1531219563295,3082339,0.00002585,29.00000000,0
1531219563966,1531219563960,3082340,0.00002585,21.00000000,0
1531219569877,1531219569871,3082341,0.00002585,22.00000000,0
1531219570586,1531219570580,3082342,0.00002585,29.00000000,0
1531219576590,1531219576585,3082343,0.00002585,29.00000000,0
1531219578972,1531219578968,3082344,0.00002585,29.00000000,0
1531219579466,1531219579464,3082345,0.00002585,2.00000000,0
1531219579466,1531219579464,3082346,0.00002589,27.00000000,0
1531219586737,1531219586733,3082347,0.00002589,28.00000000,0
1531219639486,1531219639481,3082348,0.00002576,256.00000000,1
1531219639486,1531219639481,3082349,0.00002567,140.00000000,1
1531219643227,1531219643222,3082350,0.00002579,82.00000000,0
1531219644647,1531219644644,3082351,0.00002578,256.00000000,0
1531219645328,1531219645326,3082352,0.00002580,22.00000000,0
1531219651564,1531219651561,3082353,0.00002580,58.00000000,0
1531219680081,1531219680076,3082354,0.00002580,60.00000000,0
1531219680081,1531219680076,3082355,0.00002585,126.00000000,0
1531219680081,1531219680076,3082356,0.00002586,14.00000000,0
1531219683990,1531219683985,3082357,0.00002586,7.00000000,0
1531219727433,1531219727427,3082358,0.00002571,259.00000000,1
1531219727433,1531219727427,3082359,0.00002570,1251.00000000,1
1531219740398,1531219740393,3082360,0.00002585,29.00000000,0
1531219827356,1531219827354,3082361,0.00002585,4.00000000,0
1531219835941,1531219835937,3082362,0.00002583,29.00000000,0
1531219850501,1531219850496,3082363,0.00002583,59.00000000,0
1531219854459,1531219854453,3082364,0.00002583,138.00000000,0
1531219855687,1531219855681,3082365,0.00002583,39.00000000,1
1531219938161,1531219938158,3082366,0.00002580,7086.00000000,1
1531219945521,1531219945517,3082367,0.00002583,2004.00000000,1
1531219951197,1531219951192,3082368,0.00002583,206.00000000,1
1531219983354,1531219983350,3082369,0.00002580,26.00000000,1
1531220048608,1531220048604,3082370,0.00002583,133.00000000,1
1531220050253,1531220050249,3082371,0.00002583,181.00000000,1
1531220050541,1531220050536,3082372,0.00002583,211.00000000,1
1531220051004,1531220050998,3082373,0.00002583,441.00000000,1
1531220051626,1531220051620,3082374,0.00002583,123.00000000,1
1531220122307,1531220122302,3082375,0.00002583,530.00000000,1
1531220126882,1531220126876,3082376,0.00002583,224.00000000,1
1531220155646,1531220155642,3082377,0.00002586,723.00000000,0
1531220315563,1531220315558,3082378,0.00002586,1.00000000,0
1531220356021,1531220356016,3082379,0.00002586,7.00000000,0
1531220413365,1531220413359,3082380,0.00002586,1.00000000,0
1531220424217,1531220424213,3082381,0.00002586,1.00000000,0
1531220438400,1531220438395,3082382,0.00002583,59.00000000,1
1531220441037,1531220441031,3082383,0.00002586,2.00000000,0
1531220529655,1531220529651,3082384,0.00002583,70.00000000,1
1531220532218,1531220532214,3082385,0.00002586,26.00000000,0
1531220581515,1531220581508,3082386,0.00002586,386.00000000,0
1531220589536,1531220589529,3082387,0.00002583,726.00000000,1
1531220589933,1531220589930,3082388,0.00002583,81.00000000,1
1531220598816,1531220598811,3082389,0.00002586,21.00000000,0
1531220599618,1531220599612,3082390,0.00002586,29.00000000,0
1531220603591,1531220603586,3082391,0.00002586,29.00000000,0
1531220604197,1531220604192,3082392,0.00002586,29.00000000,0
1531220612607,1531220612601,3082393,0.00002586,21.00000000,0
1531220613462,1531220613456,3082394,0.00002586,21.00000000,0
1531220617499,1531220617493,3082395,0.00002586,26.00000000,0
1531220617896,1531220617891,3082396,0.00002586,29.00000000,0
1531220624615,1531220624611,3082397,0.00002586,29.00000000,0
1531220625291,1531220625286,3082398,0.00002586,29.00000000,0
1531220652162,1531220652156,3082399,0.00002586,77.00000000,0
1531220685738,1531220685733,3082400,0.00002580,1.00000000,1
1531220714269,1531220714264,3082401,0.00002580,59.00000000,1
1531220757442,1531220757437,3082402,0.00002586,1.00000000,0
1531220867259,1531220867254,3082403,0.00002586,449.00000000,0
1531220867282,1531220867277,3082404,0.00002586,2815.00000000,1
1531220867315,1531220867310,3082405,0.00002586,276.00000000,1
1531220872830,1531220872825,3082406,0.00002589,9.00000000,0
1531220979034,1531220979029,3082407,0.00002589,1297.00000000,0
1531220981560,1531220981554,3082408,0.00002589,116.00000000,1
1531220988441,1531220988435,3082409,0.00002589,557.00000000,1
1531220988441,1531220988435,3082410,0.00002586,1453.00000000,1
1531221065014,1531221065009,3082411,0.00002586,76.00000000,1
1531221118743,1531221118737,3082412,0.00002586,2402.00000000,1
1531221272771,1531221272765,3082413,0.00002590,109.00000000,0
1531221396395,1531221396390,3082414,0.00002589,168.00000000,0
1531221397813,1531221397808,3082415,0.00002586,1008.00000000,1
1531221399294,1531221399290,3082416,0.00002586,100.00000000,1
1531221399682,1531221399677,3082417,0.00002586,12.00000000,1
1531221399682,1531221399677,3082418,0.00002572,240.00000000,1
1531221399682,1531221399677,3082419,0.00002565,175.00000000,1
1531221399682,1531221399677,3082420,0.00002561,589.00000000,1
1531221411145,1531221411138,3082421,0.00002582,22.00000000,0
1531221413471,1531221413466,3082422,0.00002582,25.00000000,0
1531221414210,1531221414206,3082423,0.00002582,29.00000000,0
1531221422170,1531221422166,3082424,0.00002582,23.00000000,0
1531221422814,1531221422810,3082425,0.00002582,29.00000000,0
1531221425284,1531221425279,3082426,0.00002582,29.00000000,0
1531221433483,1531221433478,3082427,0.00002583,24.00000000,0
1531221437092,1531221437088,3082428,0.00002583,21.00000000,0
1531221442675,1531221442671,3082429,0.00002575,1.00000000,1
1531221442888,1531221442883,3082430,0.00002583,22.00000000,0
1531221445570,1531221445565,3082431,0.00002575,5.00000000,1
1531221459924,1531221459918,3082432,0.00002583,29.00000000,0
1531221488138,1531221488133,3082433,0.00002582,144.00000000,0
1531221488138,1531221488133,3082434,0.00002583,175.00000000,0
1531221491625,1531221491621,3082435,0.00002588,9.00000000,0
1531221491653,1531221491648,3082436,0.00002588,7.00000000,0
1531221491666,1531221491661,3082437,0.00002588,9.00000000,0
1531221491685,1531221491683,3082438,0.00002588,9.00000000,0
1531221491715,1531221491710,3082439,0.00002588,8.00000000,0
1531221491775,1531221491769,3082440,0.00002590,7.00000000,0
1531221495443,1531221495438,3082441,0.00002590,9.00000000,0
1531221495487,1531221495482,3082442,0.00002590,7.00000000,0
1531221495540,1531221495536,3082443,0.00002590,7.00000000,0
1531221495652,1531221495648,3082444,0.00002590,8.00000000,0
1531221519734,1531221519729,3082445,0.00002588,2038.00000000,0
1531221530763,1531221530760,3082446,0.00002590,699.00000000,0
1531221568464,1531221568459,3082447,0.00002577,3.00000000,1
1531221592808,1531221592803,3082448,0.00002577,2837.00000000,1
1531221593729,1531221593724,3082449,0.00002577,1164.00000000,0
1531221594013,1531221594008,3082450,0.00002577,5517.00000000,0
1531221623566,1531221623560,3082451,0.00002586,29.00000000,0
1531221648083,1531221648079,3082452,0.00002575,103.00000000,1
1531221679904,1531221679899,3082453,0.00002571,67.00000000,1
1531221861129,1531221861124,3082454,0.00002585,29.00000000,0
1531221992719,1531221992713,3082455,0.00002585,3.00000000,0
1531222041527,1531222041522,3082456,0.00002583,2911.00000000,0
1531222041527,1531222041522,3082457,0.00002586,937.00000000,0
1531222092866,1531222092861,3082458,0.00002586,38.00000000,0
1531222199065,1531222199062,3082459,0.00002571,1.00000000,1
1531222201437,1531222201433,3082460,0.00002563,1.00000000,1
1531222224482,1531222224477,3082461,0.00002572,244.00000000,1
1531222224482,1531222224477,3082462,0.00002571,3595.00000000,1
1531222224870,1531222224866,3082463,0.00002571,195.00000000,0
1531222225258,1531222225254,3082464,0.00002571,583.00000000,0
1531222225444,1531222225439,3082465,0.00002571,306.00000000,0
1531222226244,1531222226240,3082466,0.00002571,64.00000000,0
1531222226808,1531222226802,3082467,0.00002571,1598.00000000,0
1531222226869,1531222226865,3082468,0.00002571,400.00000000,0
1531222227709,1531222227704,3082469,0.00002571,297.00000000,0
1531222227709,1531222227704,3082470,0.00002582,244.00000000,0
1531222227709,1531222227704,3082471,0.00002586,459.00000000,0
1531222229928,1531222229923,3082472,0.00002574,307.00000000,1
1531222229928,1531222229923,3082473,0.00002563,1291.00000000,1
1531222231667,1531222231662,3082474,0.00002575,244.00000000,1
1531222377735,1531222377730,3082475,0.00002582,5.00000000,0
1531222395883,1531222395877,3082476,0.00002582,29.00000000,0
1531222396643,1531222396639,3082477,0.00002581,29.00000000,0
1531222404109,1531222404104,3082478,0.00002578,24.00000000,0
1531222404833,1531222404832,3082479,0.00002581,25.00000000,0
1531222410616,1531222410612,3082480,0.00002581,29.00000000,0
1531222411270,1531222411266,3082481,0.00002581,22.00000000,0
1531222416037,1531222416033,3082482,0.00002578,29.00000000,0
1531222416754,1531222416749,3082483,0.00002578,24.00000000,0
1531222424801,1531222424796,3082484,0.00002578,29.00000000,0
1531222485921,1531222485917,3082485,0.00002580,2.00000000,0
1531222568046,1531222568041,3082486,0.00002570,99.00000000,1
1531222568046,1531222568041,3082487,0.00002567,63.00000000,1
1531222581522,1531222581517,3082488,0.00002574,27.00000000,0
1531222587145,1531222587073,3082489,0.00002574,72.00000000,0
1531222587145,1531222587073,3082490,0.00002575,359.00000000,0
1531222587145,1531222587073,3082491,0.00002580,85.00000000,0
1531222587145,1531222587073,3082492,0.00002582,928.00000000,0
1531222588025,1531222588021,3082493,0.00002574,9.00000000,0
1531222589157,1531222589152,3082494,0.00002574,743.00000000,0
1531222589157,1531222589152,3082495,0.00002582,419.00000000,0
1531222590775,1531222590770,3082496,0.00002577,400.00000000,1
1531222594763,1531222594759,3082497,0.00002582,431.00000000,0
1531222596188,1531222596185,3082498,0.00002584,9.00000000,0
1531222597856,1531222597853,3082499,0.00002570,1167.00000000,0
1531222599450,1531222599445,3082500,0.00002570,200.00000000,0
1531222599606,1531222599603,3082501,0.00002570,263.00000000,0
1531222599890,1531222599887,3082502,0.00002570,195.00000000,0
1531222600226,1531222600221,3082503,0.00002570,1167.00000000,0
1531222601288,1531222601285,3082504,0.00002570,237.00000000,0
1531222602186,1531222602183,3082505,0.00002570,1167.00000000,0
1531222605312,1531222605308,3082506,0.00002570,77.00000000,0
1531222605497,1531222605492,3082507,0.00002570,485.00000000,0
1531222605567,1531222605564,3082508,0.00002570,65.00000000,0
1531222605986,1531222605983,3082509,0.00002570,132.00000000,0
1531222608348,1531222608344,3082510,0.00002570,232.00000000,0
1531222608601,1531222608598,3082511,0.00002570,380.00000000,0
1531222608696,1531222608691,3082512,0.00002570,400.00000000,0
1531222608848,1531222608845,3082513,0.00002570,389.00000000,0
1531222610830,1531222610826,3082514,0.00002570,384.00000000,0
1531222610958,1531222610953,3082515,0.00002570,299.00000000,0
1531222612690,1531222612687,3082516,0.00002570,410.00000000,0
1531222612713,1531222612709,3082517,0.00002570,328.00000000,0
1531222612895,1531222612890,3082518,0.00002570,212.00000000,0
1531222613498,1531222613493,3082519,0.00002570,301.00000000,0
1531222614632,1531222614631,3082520,0.00002570,2000.00000000,0
1531222615329,1531222615326,3082521,0.00002570,46.00000000,0
1531222615895,1531222615890,3082522,0.00002570,300.00000000,0
1531222615902,1531222615898,3082523,0.00002570,308.00000000,0
1531222616665,1531222616661,3082524,0.00002570,400.00000000,0
1531222618341,1531222618337,3082525,0.00002570,305.00000000,0
1531222620186,1531222620182,3082526,0.00002570,300.00000000,0
1531222622020,1531222622016,3082527,0.00002570,302.00000000,0
1531222624465,1531222624462,3082528,0.00002570,303.00000000,0
1531222624955,1531222624952,3082529,0.00002570,292.00000000,0
1531222628139,1531222628135,3082530,0.00002570,304.00000000,0
1531222629307,1531222629303,3082531,0.00002570,300.00000000,0
1531222630583,1531222630581,3082532,0.00002570,308.00000000,0
1531222632797,1531222632792,3082533,0.00002570,298.00000000,0
1531222637760,1531222637755,3082534,0.00002570,3890.00000000,0
1531222639313,1531222639310,3082535,0.00002570,1125.00000000,0
1531222639359,1531222639355,3082536,0.00002570,1875.00000000,0
1531222639581,1531222639577,3082537,0.00002570,281.00000000,0
1531222639706,1531222639702,3082538,0.00002569,186.00000000,1
1531222640164,1531222640161,3082539,0.00002570,300.00000000,0
1531222641745,1531222641740,3082540,0.00002570,439.00000000,0
1531222641775,1531222641771,3082541,0.00002570,937.00000000,0
1531222643785,1531222643782,3082542,0.00002570,2209.00000000,0
1531222644445,1531222644440,3082543,0.00002570,282.00000000,0
1531222647231,1531222647226,3082544,0.00002570,242.00000000,0
1531222647792,1531222647789,3082545,0.00002576,119.00000000,1
1531222649884,1531222649881,3082546,0.00002581,130.00000000,0
1531222649897,1531222649894,3082547,0.00002579,488.00000000,1
1531222650358,1531222650355,3082548,0.00002581,120.00000000,0
1531222656223,1531222656220,3082549,0.00002582,1960.00000000,0
1531222656223,1531222656220,3082550,0.00002584,1522.00000000,0
1531222657071,1531222657066,3082551,0.00002570,404.00000000,1
1531222657071,1531222657066,3082552,0.00002569,1801.00000000,1
1531222657071,1531222657066,3082553,0.00002568,795.00000000,1
1531222660329,1531222660325,3082554,0.00002582,91.00000000,0
1531222669822,1531222669819,3082555,0.00002579,229.00000000,0
1531222674573,1531222674570,3082556,0.00002569,300.00000000,1
1531222679289,1531222679285,3082557,0.00002569,432.00000000,1
1531222679756,1531222679752,3082558,0.00002569,300.00000000,1
1531222683838,1531222683835,3082559,0.00002569,300.00000000,1
1531222684127,1531222684123,3082560,0.00002569,128.00000000,1
1531222689236,1531222689232,3082561,0.00002566,300.00000000,1
1531222690373,1531222690369,3082562,0.00002566,164.00000000,1
1531222693205,1531222693201,3082563,0.00002573,76.00000000,0
1531222695632,1531222695628,3082564,0.00002572,99.00000000,0
1531222698736,1531222698732,3082565,0.00002572,198.00000000,0
1531222722626,1531222722623,3082566,0.00002572,1.00000000,0
1531222766724,1531222766721,3082567,0.00002592,9.00000000,0
1531222766764,1531222766760,3082568,0.00002592,9.00000000,0
1531222767018,1531222767014,3082569,0.00002592,8.00000000,0
1531222767071,1531222767068,3082570,0.00002592,9.00000000,0
1531222767137,1531222767134,3082571,0.00002592,7.00000000,0
1531222767143,1531222767139,3082572,0.00002592,9.00000000,0
1531222767187,1531222767183,3082573,0.00002592,8.00000000,0
1531222767208,1531222767204,3082574,0.00002592,8.00000000,0
1531222767282,1531222767281,3082575,0.00002592,9.00000000,0
1531222767321,1531222767317,3082576,0.00002592,9.00000000,0
1531222767357,1531222767353,3082577,0.00002592,9.00000000,0
1531222767381,1531222767377,3082578,0.00002592,9.00000000,0
1531222767420,1531222767416,3082579,0.00002592,9.00000000,0
1531222767493,1531222767491,3082580,0.00002592,9.00000000,0
1531222767755,1531222767751,3082581,0.00002592,9.00000000,0
1531222767960,1531222767955,3082582,0.00002592,8.00000000,0
1531222768104,1531222768100,3082583,0.00002592,7.00000000,0
1531222768197,1531222768192,3082584,0.00002592,7.00000000,0
1531222768213,1531222768210,3082585,0.00002592,9.00000000,0
1531222768291,1531222768287,3082586,0.00002592,9.00000000,0
1531222768345,1531222768341,3082587,0.00002592,7.00000000,0
1531222768380,1531222768375,3082588,0.00002592,9.00000000,0
1531222768422,1531222768418,3082589,0.00002592,7.00000000,0
1531222768482,1531222768478,3082590,0.00002592,9.00000000,0
1531222768786,1531222768781,3082591,0.00002592,8.00000000,0
1531222768786,1531222768781,3082592,0.00002593,1.00000000,0
1531222768984,1531222768980,3082593,0.00002593,9.00000000,0
1531222769014,1531222769009,3082594,0.00002593,7.00000000,0
1531222769078,1531222769075,3082595,0.00002593,9.00000000,0
1531222769134,1531222769130,3082596,0.00002593,7.00000000,0
1531222769186,1531222769182,3082597,0.00002593,9.00000000,0
1531222769222,1531222769218,3082598,0.00002593,9.00000000,0
1531222769284,1531222769281,3082599,0.00002593,9.00000000,0
1531222769512,1531222769509,3082600,0.00002593,8.00000000,0
1531222769569,1531222769567,3082601,0.00002593,9.00000000,0
1531222769585,1531222769580,3082602,0.00002593,9.00000000,0
1531222770061,1531222770057,3082603,0.00002593,7.00000000,0
1531222771875,1531222771871,3082604,0.00002593,9.00000000,0
1531222775220,1531222775217,3082605,0.00002566,247.00000000,1
1531222781227,1531222781223,3082606,0.00002592,28.00000000,0
1531222793086,1531222793081,3082607,0.00002592,2.00000000,0
1531222830008,1531222830005,3082608,0.00002563,2237.00000000,1
1531222830106,1531222830103,3082609,0.00002563,2.00000000,1
1531222842203,1531222842199,3082610,0.00002573,157.00000000,0
1531222856585,1531222856580,3082611,0.00002573,388.00000000,0
1531222859805,1531222859801,3082612,0.00002564,2000.00000000,1
1531222860023,1531222860019,3082613,0.00002572,388.00000000,0
1531222865036,1531222865031,3082614,0.00002562,31.00000000,1
1531222865272,1531222865269,3082615,0.00002562,17.00000000,1
1531222865852,1531222865846,3082616,0.00002571,85.00000000,0
1531222866083,1531222866079,3082617,0.00002560,298.00000000,1
1531222866384,1531222866381,3082618,0.00002560,702.00000000,1
1531222869746,1531222869742,3082619,0.00002561,306.00000000,1
1531222869824,1531222869807,3082620,0.00002561,1545.00000000,1
1531222871025,1531222871021,3082621,0.00002561,92.00000000,1
1531222872185,1531222872182,3082622,0.00002561,299.00000000,1
1531222873828,1531222873824,3082623,0.00002561,176.00000000,1
1531222883956,1531222883952,3082624,0.00002566,60.00000000,0
1531222884192,1531222884189,3082625,0.00002566,244.00000000,1
1531222884685,1531222884683,3082626,0.00002566,124.00000000,1
1531222884685,1531222884683,3082627,0.00002564,237.00000000,1
1531222901146,1531222901142,3082628,0.00002561,186.00000000,1
1531222928673,1531222928670,3082629,0.00002561,1630.00000000,1
1531222936267,1531222936264,3082630,0.00002566,307.00000000,0
1531222938889,1531222938885,3082631,0.00002561,499.00000000,1
1531222941425,1531222941417,3082632,0.00002566,200.00000000,0
1531222941731,1531222941728,3082633,0.00002566,81.00000000,0
1531222942366,1531222942362,3082634,0.00002566,51.00000000,0
1531222944085,1531222944081,3082635,0.00002564,200.00000000,0
1531222973331,1531222973327,3082636,0.00002573,48.00000000,0
1531222973331,1531222973327,3082637,0.00002576,340.00000000,0
1531222973500,1531222973497,3082638,0.00002564,73.00000000,1
1531222975753,1531222975749,3082639,0.00002563,300.00000000,1
1531222979664,1531222979660,3082640,0.00002563,42.00000000,1
1531222981742,1531222981738,3082641,0.00002563,150.00000000,1
1531223023111,1531223023107,3082642,0.00002563,48.00000000,1
1531223032372,1531223032369,3082643,0.00002564,499.00000000,1
1531223042261,1531223042258,3082644,0.00002562,46.00000000,1
1531223048008,1531223048007,3082645,0.00002562,781.00000000,1
1531223049538,1531223049533,3082646,0.00002571,39.00000000,0
1531223052989,1531223052984,3082647,0.00002562,206.00000000,1
1531223072370,1531223072366,3082648,0.00002562,74.00000000,1
1531223084958,1531223084953,3082649,0.00002562,345.00000000,1
1531223084958,1531223084953,3082650,0.00002561,17612.00000000,1
1531223085962,1531223085958,3082651,0.00002561,27.00000000,0
1531223086055,1531223086053,3082652,0.00002561,27.00000000,0
1531223086074,1531223086070,3082653,0.00002561,27.00000000,0
1531223086141,1531223086136,3082654,0.00002561,19.00000000,0
1531223086154,1531223086150,3082655,0.00002561,1712.00000000,0
1531223086174,1531223086169,3082656,0.00002569,27.00000000,0
1531223086485,1531223086482,3082657,0.00002569,22.00000000,0
1531223086494,1531223086490,3082658,0.00002569,20.00000000,0
1531223086545,1531223086541,3082659,0.00002569,20.00000000,0
1531223086569,1531223086566,3082660,0.00002569,25.00000000,0
1531223086598,1531223086595,3082661,0.00002569,27.00000000,0
1531223086709,1531223086705,3082662,0.00002569,45.00000000,0
1531223086789,1531223086786,3082663,0.00002569,27.00000000,0
1531223086825,1531223086821,3082664,0.00002569,43.00000000,0
1531223163273,1531223163270,3082665,0.00002565,14.00000000,0
1531223164984,1531223164980,3082666,0.00002565,201.00000000,0
1531223164984,1531223164980,3082667,0.00002568,188.00000000,0
1531223204980,1531223204977,3082668,0.00002568,462.00000000,0
1531223204980,1531223204977,3082669,0.00002569,77.00000000,0
1531223214953,1531223214949,3082670,0.00002569,135.00000000,0
1531223239349,1531223239345,3082671,0.00002564,5311.00000000,1
1531223239349,1531223239345,3082672,0.00002562,40.00000000,1
1531223239349,1531223239345,3082673,0.00002560,1693.00000000,1
1531223239349,1531223239345,3082674,0.00002559,121.00000000,1
1531223265028,1531223265024,3082675,0.00002569,387.00000000,0
1531223265028,1531223265024,3082676,0.00002573,2.00000000,0
1531223277599,1531223277598,3082677,0.00002562,71.00000000,1
1531223286950,1531223286947,3082678,0.00002571,216.00000000,0
1531223293341,1531223293336,3082679,0.00002571,1548.00000000,0
1531223314231,1531223314227,3082680,0.00002570,1194.00000000,0
1531223314749,1531223314747,3082681,0.00002570,1028.00000000,0
1531223317522,1531223317519,3082682,0.00002569,398.00000000,0
1531223334639,1531223334635,3082683,0.00002569,644.00000000,0
1531223348551,1531223348548,3082684,0.00002569,1147.00000000,0
1531223349266,1531223349262,3082685,0.00002569,307.00000000,0
1531223350181,1531223350178,3082686,0.00002569,1034.00000000,0
1531223350327,1531223350323,3082687,0.00002569,1684.00000000,0
1531223353030,1531223353027,3082688,0.00002573,389.00000000,0
1531223359206,1531223359204,3082689,0.00002573,210.00000000,0
1531223360852,1531223360850,3082690,0.00002573,312.00000000,0
1531223362481,1531223362478,3082691,0.00002573,236.00000000,0
1531223371237,1531223371232,3082692,0.00002573,1414.00000000,0
1531223451868,1531223451864,3082693,0.00002573,184.00000000,1
1531223453017,1531223453014,3082694,0.00002570,115.00000000,0
1531223458196,1531223458193,3082695,0.00002568,251.00000000,1
1531223468811,1531223468808,3082696,0.00002564,744.00000000,1
1531223477974,1531223477970,3082697,0.00002564,1.00000000,1
1531223480651,1531223480647,3082698,0.00002578,39.00000000,0
1531223510335,1531223510331,3082699,0.00002565,1552.00000000,1
1531223510335,1531223510331,3082700,0.00002563,1942.00000000,1
1531223510506,1531223510505,3082701,0.00002563,107.00000000,0
1531223511105,1531223511100,3082702,0.00002563,6387.00000000,0
1531223558957,1531223558954,3082703,0.00002569,212.00000000,0
1531223560182,1531223560178,3082704,0.00002570,2297.00000000,0
1531223561811,1531223561807,3082705,0.00002570,2840.00000000,0
1531223565187,1531223565184,3082706,0.00002571,1942.00000000,0
1531223574137,1531223574134,3082707,0.00002571,2840.00000000,0
1531223594985,1531223594980,3082708,0.00002573,96.00000000,0
1531223595015,1531223595012,3082709,0.00002573,317.00000000,0
1531223595283,1531223595279,3082710,0.00002575,400.00000000,0
1531223595295,1531223595295,3082711,0.00002580,1305.00000000,0
1531223595325,1531223595321,3082712,0.00002579,205.00000000,1
1531223595325,1531223595321,3082713,0.00002573,96.00000000,1
1531223595354,1531223595350,3082714,0.00002570,6.00000000,0
1531223596180,1531223596177,3082715,0.00002575,293.00000000,1
1531223596804,1531223596801,3082716,0.00002575,101.00000000,1
1531223597842,1531223597838,3082717,0.00002572,295.00000000,0
1531223597842,1531223597838,3082718,0.00002583,118.00000000,0
1531223609411,1531223609408,3082719,0.00002574,74.00000000,1
1531223609829,1531223609824,3082720,0.00002574,185.00000000,1
1531223609829,1531223609824,3082721,0.00002571,115.00000000,1
1531223610284,1531223610279,3082722,0.00002572,181.00000000,1
1531223610284,1531223610279,3082723,0.00002571,219.00000000,1
1531223620406,1531223620401,3082724,0.00002571,1223.00000000,1
1531223620406,1531223620401,3082725,0.00002563,133.00000000,1
1531223625630,1531223625626,3082726,0.00002581,189.00000000,0
1531223625630,1531223625626,3082727,0.00002586,40.00000000,0
1531223625630,1531223625626,3082728,0.00002591,158.00000000,0
1531223642784,1531223642780,3082729,0.00002590,101.00000000,0
1531223642784,1531223642780,3082730,0.00002593,285.00000000,0
1531223643004,1531223643000,3082731,0.00002573,17.00000000,1
1531223643363,1531223643359,3082732,0.00002573,17.00000000,1
1531223644332,1531223644328,3082733,0.00002574,10.00000000,1
1531223644697,1531223644693,3082734,0.00002574,15.00000000,1
1531223645313,1531223645309,3082735,0.00002574,24.00000000,1
1531223646428,1531223646423,3082736,0.00002574,17.00000000,1
1531223647166,1531223647164,3082737,0.00002575,12.00000000,1
1531223647885,1531223647882,3082738,0.00002575,14.00000000,1
1531223648466,1531223648462,3082739,0.00002575,55.00000000,1
1531223648466,1531223648462,3082740,0.00002567,1.00000000,1
1531223648858,1531223648856,3082741,0.00002567,17.00000000,1
1531223650750,1531223650746,3082742,0.00002568,10.00000000,1
1531223651192,1531223651189,3082743,0.00002568,17.00000000,1
1531223652254,1531223652250,3082744,0.00002569,27.00000000,1
1531223652667,1531223652663,3082745,0.00002569,17.00000000,1
1531223655017,1531223655016,3082746,0.00002569,14.00000000,1
1531223656381,1531223656378,3082747,0.00002570,15.00000000,1
1531223657565,1531223657562,3082748,0.00002569,10.00000000,1
1531223658274,1531223658269,3082749,0.00002568,15.00000000,1
1531223658776,1531223658771,3082750,0.00002568,10.00000000,1
1531223661522,1531223661518,3082751,0.00002570,41.00000000,1
1531223690511,1531223690507,3082752,0.00002571,262.00000000,1
1531223690511,1531223690507,3082753,0.00002568,45.00000000,1
1531223692939,1531223692934,3082754,0.00002570,307.00000000,1
1531223699094,1531223699090,3082755,0.00002570,66.00000000,1
1531223714954,1531223714952,3082756,0.00002571,115.00000000,0
1531223738248,1531223738244,3082757,0.00002570,44.00000000,1
1531223764481,1531223764478,3082758,0.00002563,281.00000000,1
1531223764492,1531223764489,3082759,0.00002563,303.00000000,1
1531223765149,1531223765146,3082760,0.00002563,270.00000000,1
1531223765162,1531223765158,3082761,0.00002563,176.00000000,1
1531223765241,1531223765238,3082762,0.00002563,300.00000000,1
1531223766877,1531223766874,3082763,0.00002563,305.00000000,1
1531223767829,1531223767827,3082764,0.00002563,290.00000000,1
1531223768033,1531223768029,3082765,0.00002563,15.00000000,1
1531223768033,1531223768029,3082766,0.00002560,289.00000000,1
1531223770707,1531223770702,3082767,0.00002569,68.00000000,0
1531223770707,1531223770702,3082768,0.00002570,189.00000000,0
1531223781358,1531223781355,3082769,0.00002570,745.00000000,0
1531223810157,1531223810153,3082770,0.00002563,307.00000000,1
1531223813306,1531223813302,3082771,0.00002563,112.00000000,1
1531223814027,1531223814027,3082772,0.00002563,299.00000000,1
1531223816250,1531223816245,3082773,0.00002563,300.00000000,1
1531223816912,1531223816909,3082774,0.00002563,173.00000000,1
1531223819340,1531223819340,3082775,0.00002563,176.00000000,1
1531223821798,1531223821794,3082776,0.00002563,174.00000000,1
1531223822371,1531223822368,3082777,0.00002563,302.00000000,1
1531223824214,1531223824210,3082778,0.00002563,98.00000000,1
1531223824214,1531223824210,3082779,0.00002561,6.00000000,1
1531223825216,1531223825213,3082780,0.00002570,583.00000000,0
1531223826662,1531223826660,3082781,0.00002562,167.00000000,1
1531223828669,1531223828666,3082782,0.00002560,287.00000000,1
1531223828690,1531223828688,3082783,0.00002560,303.00000000,1
1531223828986,1531223828983,3082784,0.00002563,284.00000000,1
1531223830125,1531223830122,3082785,0.00002563,309.00000000,1
1531223830384,1531223830381,3082786,0.00002563,84.00000000,1
1531223830510,1531223830505,3082787,0.00002563,353.00000000,1
1531223831005,1531223831003,3082788,0.00002563,304.00000000,1
1531223831535,1531223831530,3082789,0.00002563,175.00000000,1
1531223832104,1531223832098,3082790,0.00002563,265.00000000,1
1531223832104,1531223832098,3082791,0.00002560,16.00000000,1
1531223833618,1531223833615,3082792,0.00002561,305.00000000,1
1531223833807,1531223833803,3082793,0.00002561,171.00000000,1
1531223835304,1531223835303,3082794,0.00002562,182.00000000,1
1531223835491,1531223835488,3082795,0.00002562,230.00000000,1
1531223835568,1531223835564,3082796,0.00002562,43.00000000,1
1531223835912,1531223835908,3082797,0.00002562,95.00000000,1
1531223836408,1531223836404,3082798,0.00002562,302.00000000,1
1531223836443,1531223836439,3082799,0.00002562,173.00000000,1
1531223837150,1531223837146,3082800,0.00002563,571.00000000,1
1531223838023,1531223838020,3082801,0.00002565,100.00000000,0
1531223838348,1531223838345,3082802,0.00002563,262.00000000,1
1531223838673,1531223838669,3082803,0.00002563,175.00000000,1
1531223838737,1531223838733,3082804,0.00002563,1160.00000000,1
1531223838770,1531223838767,3082805,0.00002563,162.00000000,1
1531223838853,1531223838849,3082806,0.00002560,305.00000000,1
1531223838932,1531223838927,3082807,0.00002560,280.00000000,1
1531223839296,1531223839291,3082808,0.00002560,79.00000000,1
1531223839564,1531223839560,3082809,0.00002560,362.00000000,1
1531223839564,1531223839560,3082810,0.00002559,1877.00000000,1
1531223839793,1531223839793,3082811,0.00002562,266.00000000,0
1531223840107,1531223840108,3082812,0.00002560,80.00000000,1
1531223840131,1531223840126,3082813,0.00002560,206.00000000,1
1531223840752,1531223840749,3082814,0.00002561,266.00000000,1
1531223841016,1531223841011,3082815,0.00002561,170.00000000,1
1531223841289,1531223841286,3082816,0.00002561,306.00000000,1
1531223841984,1531223841983,3082817,0.00002562,83.00000000,1
1531223842340,1531223842336,3082818,0.00002562,93.00000000,1
1531223842599,1531223842594,3082819,0.00002562,412.00000000,1
1531223842758,1531223842756,3082820,0.00002563,1060.00000000,1
1531223844646,1531223844644,3082821,0.00002563,615.00000000,1
1531223844989,1531223844985,3082822,0.00002559,148.00000000,1
1531223845173,1531223845168,3082823,0.00002560,299.00000000,0
1531223845981,1531223845978,3082824,0.00002560,63.00000000,1
1531223846638,1531223846638,3082825,0.00002562,262.00000000,0
1531223848050,1531223848047,3082826,0.00002560,298.00000000,1
1531223849243,1531223849230,3082827,0.00002561,267.00000000,1
1531223850315,1531223850312,3082828,0.00002561,293.00000000,1
1531223851656,1531223851651,3082829,0.00002562,269.00000000,1
1531223851778,1531223851773,3082830,0.00002562,1200.00000000,1
1531223853227,1531223853224,3082831,0.00002565,1060.00000000,0
1531223853714,1531223853710,3082832,0.00002562,168.00000000,1
1531223855918,1531223855914,3082833,0.00002563,40.00000000,1
1531223856152,1531223856148,3082834,0.00002560,258.00000000,0
1531223859884,1531223859879,3082835,0.00002563,304.00000000,1
1531223860234,1531223860230,3082836,0.00002563,167.00000000,1
1531223861609,1531223861607,3082837,0.00002559,169.00000000,1
1531223862320,1531223862316,3082838,0.00002560,305.00000000,1
1531223862785,1531223862782,3082839,0.00002560,267.00000000,1
1531223863849,1531223863844,3082840,0.00002560,171.00000000,1
1531223864737,1531223864733,3082841,0.00002561,301.00000000,1
1531223866927,1531223866923,3082842,0.00002561,301.00000000,1
1531223867027,1531223867023,3082843,0.00002570,1.00000000,0
