event_time,trade_time,trade_id,price,quantity,maker
1531210693905,1531210693901,1196576,0.00009762,3.00000000,1
1531210694599,1531210694596,1196577,0.00009762,3.00000000,1
1531210695156,1531210695151,1196578,0.00009762,3.00000000,1
1531210695583,1531210695577,1196579,0.00009762,3.00000000,1
1531210695995,1531210695989,1196580,0.00009762,3.00000000,1
1531210696420,1531210696420,1196581,0.00009762,3.00000000,1
1531210697156,1531210697151,1196582,0.00009756,3.00000000,1
1531210698267,1531210698263,1196583,0.00009758,3.00000000,1
1531210698696,1531210698693,1196584,0.00009758,3.00000000,1
1531210698710,1531210698709,1196585,0.00009758,3.00000000,1
1531210699413,1531210699409,1196586,0.00009758,3.00000000,1
1531210699952,1531210699947,1196587,0.00009758,3.00000000,1
1531210700536,1531210700531,1196588,0.00009758,3.00000000,1
1531210700945,1531210700945,1196589,0.00009758,3.00000000,1
1531210701306,1531210701302,1196590,0.00009758,2.00000000,1
1531210701967,1531210701964,1196591,0.00009758,3.00000000,1
1531210702442,1531210702439,1196592,0.00009758,3.00000000,1
1531210702919,1531210702914,1196593,0.00009758,4.00000000,1
1531210703495,1531210703491,1196594,0.00009758,2.00000000,1
1531210703951,1531210703948,1196595,0.00009758,3.00000000,1
1531210704566,1531210704565,1196596,0.00009758,3.00000000,1
1531210705041,1531210705040,1196597,0.00009758,3.00000000,1
1531210705493,1531210705489,1196598,0.00009758,3.00000000,1
1531210706155,1531210706151,1196599,0.00009758,3.00000000,1
1531210706756,1531210706751,1196600,0.00009758,3.00000000,1
1531210707380,1531210707376,1196601,0.00009758,3.00000000,1
1531211532217,1531211532211,1196602,0.00009751,81.00000000,0
1531211583006,1531211583000,1196603,0.00009751,22.00000000,0
1531211583006,1531211583000,1196604,0.00009785,11.00000000,0
1531211583006,1531211583000,1196605,0.00009803,29.00000000,0
1531211583006,1531211583000,1196606,0.00009807,250.00000000,0
1531212273618,1531212273614,1196607,0.00009781,3.00000000,0
1531214332212,1531214332206,1196608,0.00009780,16.00000000,0
1531214332212,1531214332206,1196609,0.00009781,53.00000000,0
1531214334154,1531214334150,1196610,0.00009781,134.00000000,0
1531214339872,1531214339867,1196611,0.00009781,12.00000000,0
1531214348219,1531214348216,1196612,0.00009825,77.00000000,0
1531214355067,1531214355062,1196613,0.00009828,48.00000000,0
1531214366566,1531214366562,1196614,0.00009827,60.00000000,0
1531214371848,1531214371843,1196615,0.00009828,13.00000000,0
1531214415546,1531214415542,1196616,0.00009848,500.00000000,0
1531214568195,1531214568191,1196617,0.00009790,31.00000000,1
1531214568195,1531214568191,1196618,0.00009789,16.00000000,1
1531214568211,1531214568208,1196619,0.00009789,65.00000000,1
1531214734837,1531214734831,1196620,0.00009758,287.00000000,1
1531214734852,1531214734847,1196621,0.00009758,72.00000000,1
1531214734866,1531214734861,1196622,0.00009758,510.00000000,1
1531214734866,1531214734861,1196623,0.00009757,222.00000000,1
1531214744948,1531214744942,1196624,0.00009757,112.00000000,1
1531214795509,1531214795504,1196625,0.00009714,31.00000000,1
1531214824777,1531214824773,1196626,0.00009760,82.00000000,1
1531214824779,1531214824775,1196627,0.00009742,41.00000000,1
1531214824779,1531214824775,1196628,0.00009704,41.00000000,1
1531214824792,1531214824788,1196629,0.00009704,82.00000000,1
1531214837182,1531214837178,1196630,0.00009723,102.00000000,0
1531214890457,1531214890453,1196631,0.00009699,44.00000000,1
1531214892089,1531214892086,1196632,0.00009696,82.00000000,1
1531214900396,1531214900391,1196633,0.00009699,16.00000000,0
1531214901323,1531214901318,1196634,0.00009691,11.00000000,1
1531214903245,1531214903242,1196635,0.00009713,46.00000000,0
1531214911300,1531214911295,1196636,0.00009713,396.00000000,0
1531214912575,1531214912570,1196637,0.00009713,320.00000000,0
1531214914454,1531214914449,1196638,0.00009713,107.00000000,0
1531214914454,1531214914449,1196639,0.00009722,4.00000000,0
1531214914775,1531214914771,1196640,0.00009722,56.00000000,0
1531214915091,1531214915087,1196641,0.00009722,29.00000000,0
1531214949534,1531214949530,1196642,0.00009695,46.00000000,1
1531214998857,1531214998853,1196643,0.00009688,91.00000000,1
1531215396901,1531215396896,1196644,0.00009688,5.00000000,1
1531215644827,1531215644824,1196645,0.00009711,89.00000000,0
1531215646888,1531215646885,1196646,0.00009711,55.00000000,0
1531215646888,1531215646885,1196647,0.00009714,9.00000000,0
1531215712171,1531215712168,1196648,0.00009711,56.00000000,0
1531215743712,1531215743708,1196649,0.00009714,52.00000000,0
1531215771386,1531215771383,1196650,0.00009714,65.00000000,0
1531215779468,1531215779465,1196651,0.00009714,10.00000000,0
1531215787452,1531215787449,1196652,0.00009713,67.00000000,0
1531215903257,1531215903251,1196653,0.00009688,3.00000000,1
1531215930465,1531215930461,1196654,0.00009688,5.00000000,1
1531216016447,1531216016443,1196655,0.00009713,16.00000000,0
1531216027277,1531216027274,1196656,0.00009713,16.00000000,0
1531216034292,1531216034287,1196657,0.00009713,16.00000000,0
1531216043251,1531216043246,1196658,0.00009713,16.00000000,0
1531216049572,1531216049569,1196659,0.00009713,118.00000000,0
1531216054806,1531216054802,1196660,0.00009721,93.00000000,0
1531216060512,1531216060509,1196661,0.00009723,21.00000000,0
1531216066094,1531216066089,1196662,0.00009736,27.00000000,0
1531216071686,1531216071682,1196663,0.00009697,3.00000000,1
1531216214808,1531216214803,1196664,0.00009736,55.00000000,0
1531216214808,1531216214803,1196665,0.00009744,47.00000000,0
1531216246617,1531216246611,1196666,0.00009698,3.00000000,1
1531217225833,1531217225829,1196667,0.00009697,1.00000000,1
1531217620524,1531217620520,1196668,0.00009750,9.00000000,0
1531217893346,1531217893342,1196669,0.00009750,49.00000000,0
1531217893346,1531217893342,1196670,0.00009763,53.00000000,0
1531218008572,1531218008567,1196671,0.00009711,49.00000000,1
1531218481958,1531218481953,1196672,0.00009712,41.00000000,1
1531219138897,1531219138893,1196673,0.00009711,33.00000000,1
1531219240097,1531219240091,1196674,0.00009755,22.00000000,0
1531219517326,1531219517321,1196675,0.00009698,18.00000000,1
1531220294193,1531220294188,1196676,0.00009698,46.00000000,1
1531220294539,1531220294535,1196677,0.00009698,353.00000000,0
1531220295637,1531220295635,1196678,0.00009755,40.00000000,0
1531220295637,1531220295635,1196679,0.00009756,82.00000000,0
1531220295637,1531220295635,1196680,0.00009778,102.00000000,0
1531221222083,1531221222078,1196681,0.00009697,38.00000000,1
1531221583325,1531221583322,1196682,0.00009715,80.00000000,1
1531221727062,1531221727058,1196683,0.00009715,2.00000000,1
1531221727062,1531221727058,1196684,0.00009698,6.00000000,1
1531221776026,1531221776021,1196685,0.00009698,126.00000000,1
1531222690486,1531222690481,1196686,0.00009753,132.00000000,0
1531222690486,1531222690481,1196687,0.00009754,4.00000000,0
1531222700744,1531222700740,1196688,0.00009754,38.00000000,0
1531222706009,1531222706006,1196689,0.00009754,20.00000000,0
1531222868135,1531222868132,1196690,0.00009698,3.00000000,1
1531222909526,1531222909523,1196691,0.00009698,3.00000000,1
1531222955972,1531222955969,1196692,0.00009698,12.00000000,1
1531222959141,1531222959138,1196693,0.00009698,147.00000000,1
1531222997925,1531222997919,1196694,0.00009700,14.00000000,1
1531223053932,1531223053929,1196695,0.00009700,4.00000000,1
1531223117302,1531223117297,1196696,0.00009700,46.00000000,1
1531223129181,1531223129177,1196697,0.00009700,3.00000000,1
1531223132849,1531223132845,1196698,0.00009700,15.00000000,1
1531223208947,1531223208943,1196699,0.00009697,17.00000000,1
1531223293609,1531223293605,1196700,0.00009697,1.00000000,1
1531223442784,1531223442782,1196701,0.00009697,54.00000000,1
1531223470414,1531223470410,1196702,0.00009710,550.00000000,0
1531223470414,1531223470410,1196703,0.00009720,165.00000000,0
1531223470414,1531223470410,1196704,0.00009723,81.00000000,0
1531223470416,1531223470412,1196705,0.00009723,1.00000000,0
1531223470497,1531223470492,1196706,0.00009688,63.00000000,1
1531223473044,1531223473039,1196707,0.00009700,44.00000000,1
1531223476179,1531223476175,1196708,0.00009738,80.00000000,0
1531223497793,1531223497789,1196709,0.00009737,65.00000000,0
1531223568055,1531223568052,1196710,0.00009737,72.00000000,0
1531223772920,1531223772917,1196711,0.00009734,761.00000000,0
1531223772921,1531223772917,1196712,0.00009735,1156.00000000,0
1531223773934,1531223773931,1196713,0.00009733,64.00000000,0
1531223793942,1531223793941,1196714,0.00009721,82.00000000,0
1531223798190,1531223798187,1196715,0.00009689,64.00000000,1
1531223798300,1531223798297,1196716,0.00009689,800.00000000,1
1531223798827,1531223798822,1196717,0.00009688,206.00000000,1
1531223800990,1531223800986,1196718,0.00009678,11.00000000,1
1531223817985,1531223817981,1196719,0.00009670,33.00000000,1
1531223821700,1531223821697,1196720,0.00009666,2.00000000,1
1531223824832,1531223824832,1196721,0.00009666,81.00000000,1
1531223830239,1531223830236,1196722,0.00009641,2.00000000,1
1531223834210,1531223834205,1196723,0.00009643,37.00000000,1
1531223834210,1531223834205,1196724,0.00009641,83.00000000,1
1531223834210,1531223834205,1196725,0.00009639,22.00000000,1
1531223834210,1531223834205,1196726,0.00009620,20.00000000,1
1531223834210,1531223834205,1196727,0.00009617,65.00000000,1
1531223834210,1531223834205,1196728,0.00009600,144.00000000,1
1531223837246,1531223837243,1196729,0.00009603,2.00000000,1
1531223840899,1531223840896,1196730,0.00009607,2.00000000,1
1531223842313,1531223842309,1196731,0.00009638,31.00000000,0
1531223842858,1531223842855,1196732,0.00009623,51.00000000,1
1531223846117,1531223846113,1196733,0.00009643,87.00000000,0
1531223853352,1531223853346,1196734,0.00009623,32.00000000,1
1531223853352,1531223853346,1196735,0.00009601,63.00000000,1
1531223853977,1531223853974,1196736,0.00009601,36.00000000,1
1531223853977,1531223853974,1196737,0.00009600,57.00000000,1
1531223854840,1531223854836,1196738,0.00009601,19.00000000,1
1531223854840,1531223854836,1196739,0.00009600,78.00000000,1
1531223855124,1531223855122,1196740,0.00009623,11.00000000,0
1531223855497,1531223855491,1196741,0.00009601,41.00000000,1
1531223855497,1531223855491,1196742,0.00009600,56.00000000,1
1531223855989,1531223855985,1196743,0.00009601,19.00000000,1
1531223855989,1531223855985,1196744,0.00009600,79.00000000,1
1531223858864,1531223858860,1196745,0.00009611,83.00000000,1
1531223858864,1531223858860,1196746,0.00009600,11.00000000,1
1531223877955,1531223877953,1196747,0.00009643,885.00000000,0
1531223877955,1531223877953,1196748,0.00009645,115.00000000,0
1531223892538,1531223892535,1196749,0.00009600,11.00000000,1
1531223897031,1531223897030,1196750,0.00009642,20.00000000,0
1531223908187,1531223908183,1196751,0.00009642,1150.00000000,0
1531223966273,1531223966269,1196752,0.00009642,466.00000000,0
1531223975024,1531223975020,1196753,0.00009642,489.00000000,0
1531224009193,1531224009189,1196754,0.00009642,196.00000000,0
1531224016956,1531224016952,1196755,0.00009642,37.00000000,0
1531224042700,1531224042697,1196756,0.00009642,196.00000000,0
1531224099980,1531224099976,1196757,0.00009641,16.00000000,1
1531224108462,1531224108459,1196758,0.00009642,566.00000000,0
1531224137158,1531224137154,1196759,0.00009601,11.00000000,1
1531224183842,1531224183840,1196760,0.00009642,15.00000000,0
1531224610590,1531224610585,1196761,0.00009642,13.00000000,0
1531224884373,1531224884375,1196762,0.00009642,28.00000000,0
1531224887425,1531224887422,1196763,0.00009602,5.00000000,1
1531224889553,1531224889550,1196764,0.00009602,5.00000000,1
1531225224975,1531225224972,1196765,0.00009602,723.00000000,1
1531225331035,1531225331033,1196766,0.00009623,46.00000000,0
1531225366812,1531225366809,1196767,0.00009622,185.00000000,0
1531225369496,1531225369492,1196768,0.00009602,13.00000000,1
1531225373140,1531225373137,1196769,0.00009602,8.00000000,0
1531225427786,1531225427784,1196770,0.00009600,19.00000000,1
1531225506581,1531225506579,1196771,0.00009602,25.00000000,0
1531225514716,1531225514712,1196772,0.00009613,25.00000000,0
1531225515132,1531225515130,1196773,0.00009613,25.00000000,0
1531225550389,1531225550387,1196774,0.00009610,100.00000000,0
1531225552822,1531225552819,1196775,0.00009609,97.00000000,0
1531225557227,1531225557222,1196776,0.00009609,27.00000000,0
1531225563500,1531225563496,1196777,0.00009617,3.00000000,0
1531225563588,1531225563584,1196778,0.00009617,3.00000000,0
1531225563636,1531225563632,1196779,0.00009617,3.00000000,0
1531225563711,1531225563708,1196780,0.00009617,3.00000000,0
1531225563867,1531225563863,1196781,0.00009617,3.00000000,0
1531225563930,1531225563927,1196782,0.00009617,3.00000000,0
1531225564149,1531225564145,1196783,0.00009617,3.00000000,0
1531225564191,1531225564186,1196784,0.00009617,3.00000000,0
1531225564239,1531225564235,1196785,0.00009617,2.00000000,0
1531225564285,1531225564281,1196786,0.00009617,4.00000000,0
1531225564376,1531225564372,1196787,0.00009617,3.00000000,0
1531225564463,1531225564459,1196788,0.00009617,2.00000000,0
1531225564593,1531225564590,1196789,0.00009617,3.00000000,0
1531225564627,1531225564628,1196790,0.00009617,3.00000000,0
1531225564742,1531225564739,1196791,0.00009617,3.00000000,0
1531225564859,1531225564855,1196792,0.00009617,3.00000000,0
1531225564902,1531225564898,1196793,0.00009617,3.00000000,0
1531225564937,1531225564934,1196794,0.00009617,3.00000000,0
1531225564998,1531225564994,1196795,0.00009617,3.00000000,0
1531225565186,1531225565181,1196796,0.00009616,11.00000000,0
1531225565532,1531225565528,1196797,0.00009616,3.00000000,0
1531225596836,1531225596832,1196798,0.00009600,65.00000000,1
1531225596836,1531225596832,1196799,0.00009597,11.00000000,1
1531225596836,1531225596832,1196800,0.00009584,21.00000000,1
1531225596836,1531225596832,1196801,0.00009557,57.00000000,1
1531225599236,1531225599234,1196802,0.00009558,3.00000000,1
1531225600998,1531225600995,1196803,0.00009558,2.00000000,1
1531225606919,1531225606917,1196804,0.00009556,2.00000000,1
1531225612095,1531225612093,1196805,0.00009563,50.00000000,0
1531225614993,1531225614991,1196806,0.00009558,27.00000000,0
1531225615985,1531225615981,1196807,0.00009576,83.00000000,0
1531225616589,1531225616592,1196808,0.00009556,61.00000000,1
1531225616589,1531225616592,1196809,0.00009555,33.00000000,1
1531225631541,1531225631537,1196810,0.00009569,44.00000000,1
1531225631541,1531225631537,1196811,0.00009568,53.00000000,1
1531225632271,1531225632266,1196812,0.00009568,30.00000000,1
1531225632271,1531225632266,1196813,0.00009542,69.00000000,1
1531225679199,1531225679196,1196814,0.00009606,32.00000000,0
1531225691079,1531225691076,1196815,0.00009543,70.00000000,1
1531225709089,1531225709086,1196816,0.00009549,73.00000000,1
1531225713585,1531225713582,1196817,0.00009544,60.00000000,1
1531225780029,1531225780032,1196818,0.00009592,73.00000000,0
1531225781222,1531225781221,1196819,0.00009547,56.00000000,1
1531225914068,1531225914064,1196820,0.00009572,4.00000000,1
1531225954572,1531225954568,1196821,0.00009572,82.00000000,1
1531225980117,1531225980112,1196822,0.00009592,10.00000000,0
1531225983201,1531225983198,1196823,0.00009624,3.00000000,0
1531225983355,1531225983354,1196824,0.00009624,3.00000000,0
1531225983496,1531225983493,1196825,0.00009624,3.00000000,0
1531225983616,1531225983614,1196826,0.00009624,3.00000000,0
1531225983724,1531225983721,1196827,0.00009624,3.00000000,0
1531225983884,1531225983880,1196828,0.00009624,3.00000000,0
1531225983954,1531225983951,1196829,0.00009624,3.00000000,0
1531225984005,1531225984001,1196830,0.00009624,3.00000000,0
1531226051534,1531226051529,1196831,0.00009619,11.00000000,1
1531226196820,1531226196816,1196832,0.00009624,80.00000000,0
1531226688252,1531226688249,1196833,0.00009624,13.00000000,0
1531226815348,1531226815345,1196834,0.00009620,4.00000000,0
1531226874763,1531226874760,1196835,0.00009620,1.00000000,0
1531226962632,1531226962629,1196836,0.00009620,187.00000000,0
1531227003068,1531227003064,1196837,0.00009592,10.00000000,1
1531227003068,1531227003064,1196838,0.00009541,95.00000000,1
1531227003068,1531227003064,1196839,0.00009540,78.00000000,1
1531227003068,1531227003064,1196840,0.00009529,607.00000000,1
1531227003068,1531227003064,1196841,0.00009528,2381.00000000,1
1531227003087,1531227003084,1196842,0.00009528,1284.00000000,0
1531227003120,1531227003116,1196843,0.00009528,1040.00000000,0
1531227003143,1531227003139,1196844,0.00009526,10.00000000,1
1531227004636,1531227004632,1196845,0.00009528,2.00000000,1
1531227009537,1531227009532,1196846,0.00009530,2.00000000,1
1531227029478,1531227029474,1196847,0.00009538,96.00000000,1
1531227058912,1531227058908,1196848,0.00009601,73.00000000,0
1531227100104,1531227100100,1196849,0.00009600,204.00000000,0
1531227118789,1531227118785,1196850,0.00009600,70.00000000,0
1531227131765,1531227131763,1196851,0.00009600,73.00000000,0
1531227155737,1531227155737,1196852,0.00009553,17.00000000,1
1531227854471,1531227854467,1196853,0.00009590,208.00000000,1
1531227996610,1531227996606,1196854,0.00009593,11.00000000,1
1531228514557,1531228514553,1196855,0.00009593,12.00000000,1
1531228517149,1531228517142,1196856,0.00009576,83.00000000,1
1531228517149,1531228517142,1196857,0.00009524,139.00000000,1
1531228517149,1531228517142,1196858,0.00009523,15.00000000,1
1531228517149,1531228517142,1196859,0.00009513,11.00000000,1
1531228517149,1531228517142,1196860,0.00009500,143.00000000,1
1531228517149,1531228517142,1196861,0.00009490,11.00000000,1
1531228517149,1531228517142,1196862,0.00009485,11.00000000,1
1531228517149,1531228517142,1196863,0.00009483,55.00000000,1
1531228517149,1531228517142,1196864,0.00009482,15.00000000,1
1531228517149,1531228517142,1196865,0.00009481,3527.00000000,1
1531228517164,1531228517159,1196866,0.00009481,1284.00000000,0
1531228517178,1531228517175,1196867,0.00009481,2336.00000000,0
1531228517185,1531228517181,1196868,0.00009481,330.00000000,0
1531228517207,1531228517203,1196869,0.00009481,40.00000000,0
1531228523169,1531228523166,1196870,0.00009482,2.00000000,1
1531228526568,1531228526564,1196871,0.00009484,2.00000000,1
1531228543041,1531228543037,1196872,0.00009500,16.00000000,1
1531228545481,1531228545476,1196873,0.00009571,42.00000000,1
1531228545523,1531228545519,1196874,0.00009571,68.00000000,1
1531228546557,1531228546553,1196875,0.00009571,98.00000000,1
1531228551311,1531228551308,1196876,0.00009503,94.00000000,1
1531228561135,1531228561131,1196877,0.00009513,11.00000000,1
1531228571938,1531228571934,1196878,0.00009535,24.00000000,0
1531228571938,1531228571934,1196879,0.00009537,84.00000000,0
1531228581122,1531228581118,1196880,0.00009498,11.00000000,1
1531228591518,1531228591511,1196881,0.00009533,69.00000000,0
1531228591533,1531228591529,1196882,0.00009533,1.00000000,0
1531228591533,1531228591529,1196883,0.00009534,55.00000000,0
1531228591533,1531228591529,1196884,0.00009542,11.00000000,0
1531228594342,1531228594339,1196885,0.00009495,98.00000000,1
1531228595888,1531228595883,1196886,0.00009580,19.00000000,0
1531228606492,1531228606487,1196887,0.00009535,20.00000000,0
1531228608028,1531228608023,1196888,0.00009537,84.00000000,0
1531228653310,1531228653306,1196889,0.00009559,139.00000000,0
1531228653329,1531228653326,1196890,0.00009560,83.00000000,0
1531228653329,1531228653326,1196891,0.00009571,11.00000000,0
1531228653329,1531228653326,1196892,0.00009577,291.00000000,0
1531228677380,1531228677375,1196893,0.00009573,72.00000000,0
1531228792152,1531228792149,1196894,0.00009559,82.00000000,1
1531228825217,1531228825213,1196895,0.00009559,11.00000000,1
1531228835926,1531228835921,1196896,0.00009548,11.00000000,1
1531228865470,1531228865466,1196897,0.00009548,11.00000000,1
1531229078438,1531229078437,1196898,0.00009548,6.00000000,1
1531229141693,1531229141689,1196899,0.00009570,98.00000000,0
1531229141779,1531229141774,1196900,0.00009570,14.00000000,0
1531229146576,1531229146570,1196901,0.00009570,8.00000000,0
1531229150802,1531229150795,1196902,0.00009570,20.00000000,0
1531229168705,1531229168700,1196903,0.00009567,53.00000000,0
1531229460250,1531229460245,1196904,0.00009559,1.00000000,0
1531229496350,1531229496342,1196905,0.00009555,16.00000000,0
1531229528615,1531229528611,1196906,0.00009560,71.00000000,0
1531229649669,1531229649666,1196907,0.00009551,11.00000000,1
1531229688155,1531229688149,1196908,0.00009534,84.00000000,1
1531229688155,1531229688149,1196909,0.00009492,33.00000000,1
1531229688155,1531229688149,1196910,0.00009481,233.00000000,1
1531229688155,1531229688149,1196911,0.00009479,383.00000000,1
1531229688155,1531229688149,1196912,0.00009478,559.00000000,1
1531229695538,1531229695533,1196913,0.00009538,84.00000000,0
1531229710076,1531229710071,1196914,0.00009557,306.00000000,0
1531229710095,1531229710091,1196915,0.00009557,30.00000000,0
1531229716765,1531229716760,1196916,0.00009555,11.00000000,0
1531229732350,1531229732344,1196917,0.00009530,11.00000000,1
1531229760801,1531229760797,1196918,0.00009530,73.00000000,1
1531229763938,1531229763933,1196919,0.00009530,9.00000000,0
1531229763938,1531229763933,1196920,0.00009531,84.00000000,0
1531229782051,1531229782047,1196921,0.00009556,35.00000000,0
1531229836650,1531229836646,1196922,0.00009548,17.00000000,0
1531229922089,1531229922084,1196923,0.00009525,50.00000000,1
1531229956480,1531229956476,1196924,0.00009525,34.00000000,1
1531229959856,1531229959852,1196925,0.00009524,112.00000000,0
1531229960361,1531229960357,1196926,0.00009534,84.00000000,0
1531229986762,1531229986758,1196927,0.00009546,468.00000000,0
1531229986770,1531229986765,1196928,0.00009546,443.00000000,0
1531229986770,1531229986765,1196929,0.00009547,37.00000000,0
1531230141696,1531230141692,1196930,0.00009547,12.00000000,0
1531230173344,1531230173339,1196931,0.00009549,468.00000000,0
1531230173349,1531230173346,1196932,0.00009549,487.00000000,0
1531230173350,1531230173346,1196933,0.00009549,486.00000000,0
1531230173354,1531230173350,1196934,0.00009549,487.00000000,0
1531230173393,1531230173387,1196935,0.00009549,487.00000000,0
1531230173732,1531230173727,1196936,0.00009549,284.00000000,0
1531230173755,1531230173751,1196937,0.00009549,159.00000000,0
1531230173756,1531230173751,1196938,0.00009549,1.00000000,0
1531230173756,1531230173751,1196939,0.00009550,283.00000000,0
1531230175300,1531230175295,1196940,0.00009550,197.00000000,0
1531230177691,1531230177689,1196941,0.00009559,2140.00000000,0
1531230178696,1531230178692,1196942,0.00009561,487.00000000,0
1531230179540,1531230179536,1196943,0.00009562,230.00000000,0
1531230180540,1531230180534,1196944,0.00009566,1917.00000000,0
1531230182540,1531230182536,1196945,0.00009570,83.00000000,0
1531230184683,1531230184679,1196946,0.00009571,313.00000000,0
1531230185545,1531230185540,1196947,0.00009573,295.00000000,0
1531230186697,1531230186693,1196948,0.00009580,68.00000000,0
1531230188540,1531230188536,1196949,0.00009584,28.00000000,0
1531230189281,1531230189277,1196950,0.00009591,119.00000000,0
1531230190633,1531230190628,1196951,0.00009591,1495.00000000,0
1531230196254,1531230196247,1196952,0.00009578,11.00000000,1
1531230210832,1531230210829,1196953,0.00009577,11.00000000,1
1531230232775,1531230232771,1196954,0.00009588,11.00000000,0
1531230236661,1531230236657,1196955,0.00009615,11.00000000,0
1531230238653,1531230238649,1196956,0.00009614,11.00000000,0
1531230242836,1531230242831,1196957,0.00009578,6.00000000,1
1531230243317,1531230243313,1196958,0.00009578,5.00000000,1
1531230243504,1531230243500,1196959,0.00009578,5.00000000,1
1531230243890,1531230243885,1196960,0.00009578,5.00000000,1
1531230244462,1531230244458,1196961,0.00009578,6.00000000,1
1531230244716,1531230244711,1196962,0.00009578,5.00000000,1
1531230245596,1531230245591,1196963,0.00009578,14.00000000,1
1531230246151,1531230246147,1196964,0.00009578,5.00000000,1
1531230246531,1531230246529,1196965,0.00009577,13.00000000,1
1531230246949,1531230246942,1196966,0.00009577,7.00000000,1
1531230247425,1531230247420,1196967,0.00009577,6.00000000,1
1531230248154,1531230248150,1196968,0.00009577,5.00000000,1
1531230248611,1531230248607,1196969,0.00009577,6.00000000,1
1531230248930,1531230248926,1196970,0.00009577,5.00000000,1
1531230249460,1531230249456,1196971,0.00009577,7.00000000,1
1531230249723,1531230249721,1196972,0.00009577,5.00000000,1
1531230250138,1531230250133,1196973,0.00009577,13.00000000,1
1531230250421,1531230250416,1196974,0.00009577,5.00000000,1
1531230250836,1531230250833,1196975,0.00009577,4.00000000,1
1531230251006,1531230251002,1196976,0.00009577,5.00000000,1
1531230251445,1531230251440,1196977,0.00009577,2.00000000,1
1531230251445,1531230251440,1196978,0.00009532,3.00000000,1
1531230252043,1531230252039,1196979,0.00009532,5.00000000,1
1531230252324,1531230252321,1196980,0.00009532,7.00000000,1
1531230252512,1531230252509,1196981,0.00009532,5.00000000,1
1531230252909,1531230252905,1196982,0.00009532,8.00000000,1
1531230253062,1531230253057,1196983,0.00009532,5.00000000,1
1531230253240,1531230253236,1196984,0.00009532,5.00000000,1
1531230253563,1531230253559,1196985,0.00009533,5.00000000,1
1531230253888,1531230253884,1196986,0.00009533,6.00000000,1
1531230254245,1531230254240,1196987,0.00009533,6.00000000,1
1531230254626,1531230254623,1196988,0.00009533,5.00000000,1
1531230311109,1531230311104,1196989,0.00009583,22.00000000,0
1531230343293,1531230343288,1196990,0.00009606,26.00000000,0
1531230364469,1531230364464,1196991,0.00009606,1.00000000,0
1531230454054,1531230454050,1196992,0.00009605,4.00000000,0
1531230688529,1531230688525,1196993,0.00009585,8.00000000,1
1531230696452,1531230696448,1196994,0.00009603,20.00000000,0
1531230696452,1531230696448,1196995,0.00009605,184.00000000,0
1531230921628,1531230921623,1196996,0.00009605,3.00000000,0
1531231471269,1531231471263,1196997,0.00009607,13.00000000,0
1531231471269,1531231471263,1196998,0.00009608,179.00000000,0
1531231471269,1531231471263,1196999,0.00009613,183.00000000,0
1531231471269,1531231471263,1197000,0.00009614,32.00000000,0
1531231543561,1531231543555,1197001,0.00009581,68.00000000,1
1531231543561,1531231543555,1197002,0.00009576,79.00000000,1
1531231543561,1531231543555,1197003,0.00009559,181.00000000,1
1531231543561,1531231543555,1197004,0.00009535,15.00000000,1
1531231543561,1531231543555,1197005,0.00009526,922.00000000,1
1531231543561,1531231543555,1197006,0.00009525,117.00000000,1
1531231751322,1531231751316,1197007,0.00009572,53.00000000,0
1531231969609,1531231969604,1197008,0.00009558,10.00000000,0
1531233556405,1531233556403,1197009,0.00009565,54.00000000,0
1531233683849,1531233683845,1197010,0.00009566,22.00000000,0
1531233777926,1531233777923,1197011,0.00009532,8.00000000,1
1531233985493,1531233985489,1197012,0.00009532,5.00000000,1
1531234120532,1531234120529,1197013,0.00009566,94.00000000,0
1531234317683,1531234317681,1197014,0.00009566,11.00000000,0
1531234569970,1531234569967,1197015,0.00009566,32.00000000,0
1531234572213,1531234572210,1197016,0.00009566,13.00000000,0
1531234573020,1531234573017,1197017,0.00009566,19.00000000,0
1531234599799,1531234599796,1197018,0.00009566,11.00000000,0
1531234814676,1531234814673,1197019,0.00009566,14.00000000,0
1531234857383,1531234857356,1197020,0.00009540,11.00000000,1
1531234857383,1531234857356,1197021,0.00009532,66.00000000,1
1531234857383,1531234857356,1197022,0.00009510,21.00000000,1
1531234864407,1531234864403,1197023,0.00009512,2.00000000,1
1531235040711,1531235040710,1197024,0.00009554,68.00000000,0
1531235296042,1531235296041,1197025,0.00009556,4.00000000,1
1531235347793,1531235347792,1197026,0.00009556,11.00000000,1
1531235588823,1531235588821,1197027,0.00009557,104.00000000,0
1531235714883,1531235714882,1197028,0.00009548,11.00000000,0
1531235812644,1531235812645,1197029,0.00009557,22.00000000,0
1531236304245,1531236304247,1197030,0.00009557,12.00000000,0
1531236389855,1531236389855,1197031,0.00009557,40.00000000,0
1531237322624,1531237322626,1197032,0.00009556,150.00000000,0
1531237544443,1531237544444,1197033,0.00009556,2.00000000,0
1531237554466,1531237554465,1197034,0.00009556,13.00000000,0
1531237567331,1531237567330,1197035,0.00009556,61.00000000,0
1531237627423,1531237627424,1197036,0.00009556,292.00000000,0
1531237629089,1531237629089,1197037,0.00009556,10.00000000,0
1531237629089,1531237629089,1197038,0.00009557,96.00000000,0
1531237813320,1531237813319,1197039,0.00009557,72.00000000,0
1531237832408,1531237832406,1197040,0.00009556,47.00000000,0
1531238184310,1531238184308,1197041,0.00009526,19.00000000,1
1531238431489,1531238431488,1197042,0.00009555,54.00000000,0
1531238431489,1531238431488,1197043,0.00009556,15.00000000,0
1531238431489,1531238431488,1197044,0.00009569,35.00000000,0
1531238961290,1531238961287,1197045,0.00009568,19.00000000,0
1531238961290,1531238961287,1197046,0.00009569,44.00000000,0
1531238961290,1531238961287,1197047,0.00009579,24.00000000,0
1531238961290,1531238961287,1197048,0.00009604,17.00000000,0
1531239656520,1531239656517,1197049,0.00009590,30.00000000,0
1531239721280,1531239721276,1197050,0.00009590,104.00000000,0
1531240484698,1531240484692,1197051,0.00009590,104.00000000,0
1531240733702,1531240733697,1197052,0.00009556,2.00000000,1
1531240735272,1531240735268,1197053,0.00009556,2.00000000,1
1531240876174,1531240876170,1197054,0.00009590,69.00000000,0
1531241164838,1531241164833,1197055,0.00009550,37.00000000,0
1531241192323,1531241192294,1197056,0.00009590,2.00000000,0
1531241250850,1531241250845,1197057,0.00009590,104.00000000,0
1531241269481,1531241269476,1197058,0.00009551,5.00000000,1
1531241898688,1531241898683,1197059,0.00009575,15.00000000,0
1531241898688,1531241898683,1197060,0.00009576,89.00000000,0
1531242266543,1531242266538,1197061,0.00009576,104.00000000,0
1531243139503,1531243139495,1197062,0.00009510,2.00000000,1
1531243370822,1531243370816,1197063,0.00009517,2.00000000,1
1531243816656,1531243816649,1197064,0.00009517,11.00000000,0
1531243816837,1531243816830,1197065,0.00009557,11.00000000,0
1531243993194,1531243993189,1197066,0.00009513,128.00000000,1
1531244017832,1531244017825,1197067,0.00009516,414.00000000,1
1531244019850,1531244019845,1197068,0.00009516,175.00000000,1
1531244019965,1531244019962,1197069,0.00009516,2.00000000,1
1531244022835,1531244022832,1197070,0.00009518,13.00000000,1
1531244119300,1531244119292,1197071,0.00009518,12.00000000,0
1531244119354,1531244119346,1197072,0.00009550,12.00000000,0
1531244902244,1531244902241,1197073,0.00009513,3.00000000,1
1531245486880,1531245486869,1197074,0.00009545,112.00000000,0
1531245511556,1531245511552,1197075,0.00009545,96.00000000,0
1531245518122,1531245518115,1197076,0.00009545,38.00000000,0
1531245522105,1531245522098,1197077,0.00009545,144.00000000,0
1531245553033,1531245553031,1197078,0.00009559,43.00000000,0
1531245568212,1531245568205,1197079,0.00009559,21.00000000,0
1531245568966,1531245568960,1197080,0.00009559,15.00000000,0
1531245608112,1531245608105,1197081,0.00009606,248.00000000,0
1531245719050,1531245719043,1197082,0.00009604,20.00000000,0
1531245825804,1531245825797,1197083,0.00009564,963.00000000,1
1531245826115,1531245826107,1197084,0.00009563,190.00000000,1
1531246024333,1531246024335,1197085,0.00009541,79.00000000,1
1531246107850,1531246107844,1197086,0.00009541,2.00000000,0
1531246220286,1531246220280,1197087,0.00009541,20.00000000,0
1531246220286,1531246220280,1197088,0.00009554,79.00000000,0
1531246220286,1531246220280,1197089,0.00009608,1.00000000,0
1531246629390,1531246629382,1197090,0.00009565,60.00000000,1
1531246633019,1531246633012,1197091,0.00009565,142.00000000,1
1531246637643,1531246637635,1197092,0.00009565,38.00000000,1
1531246637962,1531246637954,1197093,0.00009565,22.00000000,1
1531247228037,1531247228032,1197094,0.00009543,15.00000000,1
1531247707096,1531247707090,1197095,0.00009584,11.00000000,0
1531248027016,1531248027009,1197096,0.00009545,1.00000000,1
1531248028974,1531248028968,1197097,0.00009544,1.00000000,1
1531248062274,1531248062266,1197098,0.00009543,1.00000000,1
1531248179359,1531248179350,1197099,0.00009587,43.00000000,0
1531248303599,1531248303591,1197100,0.00009544,1.00000000,1
1531248359343,1531248359335,1197101,0.00009544,1.00000000,1
1531248626964,1531248626957,1197102,0.00009532,33.00000000,1
1531249084857,1531249084849,1197103,0.00009532,5.00000000,1
1531251621347,1531251621351,1197104,0.00009532,1.00000000,1
1531251951673,1531251951675,1197105,0.00009532,239.00000000,0
1531252017012,1531252017002,1197106,0.00009567,327.00000000,0
1531252017019,1531252017010,1197107,0.00009567,326.00000000,0
1531252020256,1531252020252,1197108,0.00009542,314.00000000,1
1531252020256,1531252020252,1197109,0.00009532,12.00000000,1
1531253251250,1531253251247,1197110,0.00009532,435.00000000,0
1531253273653,1531253273643,1197111,0.00009530,76.00000000,1
1531253274251,1531253274240,1197112,0.00009530,141.00000000,0
1531253427927,1531253427917,1197113,0.00009528,17.00000000,1
1531254663777,1531254663770,1197114,0.00009545,267.00000000,0
1531254664463,1531254664455,1197115,0.00009558,67.00000000,0
1531254683559,1531254683553,1197116,0.00009549,8.00000000,1
1531254824457,1531254824462,1197117,0.00009604,20.00000000,0
1531254855637,1531254855628,1197118,0.00009604,19.00000000,0
1531255181919,1531255181913,1197119,0.00009593,2.00000000,0
1531255225995,1531255225993,1197120,0.00009556,2.00000000,1
1531255390722,1531255390717,1197121,0.00009581,33.00000000,0
1531255590793,1531255590799,1197122,0.00009556,2.00000000,1
1531256188697,1531256188693,1197123,0.00009584,11.00000000,0
1531256377169,1531256377170,1197124,0.00009606,104.00000000,0
1531257215011,1531257215009,1197125,0.00009558,42.00000000,1
1531257215775,1531257215773,1197126,0.00009558,79.00000000,0
1531257250587,1531257250585,1197127,0.00009558,99.00000000,1
1531258231295,1531258231292,1197128,0.00009600,33.00000000,0
1531258268234,1531258268230,1197129,0.00009600,11.00000000,0
1531258406625,1531258406620,1197130,0.00009574,11.00000000,1
1531258406625,1531258406620,1197131,0.00009560,50.00000000,1
1531258406625,1531258406620,1197132,0.00009557,102.00000000,1
1531258406625,1531258406620,1197133,0.00009556,58.00000000,1
1531258406625,1531258406620,1197134,0.00009547,79.00000000,1
1531258406625,1531258406620,1197135,0.00009527,126.00000000,1
1531258447939,1531258447934,1197136,0.00009587,77.00000000,0
1531258509361,1531258509356,1197137,0.00009590,12.00000000,0
1531258552260,1531258552255,1197138,0.00009545,11.00000000,1
1531258552954,1531258552949,1197139,0.00009545,22.00000000,0
1531258650991,1531258650987,1197140,0.00009537,31.00000000,1
1531258795720,1531258795714,1197141,0.00009589,2.00000000,0
1531258901798,1531258901794,1197142,0.00009534,2.00000000,1
1531259065416,1531259065410,1197143,0.00009534,2.00000000,1
1531259212592,1531259212585,1197144,0.00009585,32.00000000,0
1531259212592,1531259212585,1197145,0.00009586,5.00000000,0
1531262166405,1531262166402,1197146,0.00009566,43.00000000,1
1531262175367,1531262175365,1197147,0.00009566,21.00000000,1
1531262485592,1531262485591,1197148,0.00009592,22.00000000,0
1531262631906,1531262631907,1197149,0.00009566,213.00000000,1
1531264148462,1531264148461,1197150,0.00009593,104.00000000,0
1531264515572,1531264515570,1197151,0.00009592,68.00000000,0
1531264515572,1531264515570,1197152,0.00009593,12.00000000,0
1531264515572,1531264515570,1197153,0.00009602,24.00000000,0
1531264868720,1531264868720,1197154,0.00009582,13.00000000,1
1531264903187,1531264903187,1197155,0.00009578,28.00000000,1
1531264903187,1531264903187,1197156,0.00009577,44.00000000,1
1531264905141,1531264905140,1197157,0.00009579,8.00000000,1
1531265158037,1531265158035,1197158,0.00009601,14.00000000,0
1531265179554,1531265179555,1197159,0.00009601,42.00000000,0
1531265401614,1531265401612,1197160,0.00009602,9.00000000,0
1531265764962,1531265764962,1197161,0.00009608,1.00000000,0
1531265877049,1531265877048,1197162,0.00009606,52.00000000,0
1531265877049,1531265877048,1197163,0.00009607,198.00000000,0
1531265877049,1531265877048,1197164,0.00009608,179.00000000,0
1531265877049,1531265877048,1197165,0.00009616,11.00000000,0
1531265877049,1531265877048,1197166,0.00009619,67.00000000,0
1531265918821,1531265918821,1197167,0.00009625,11.00000000,0
1531265941083,1531265941082,1197168,0.00009663,103.00000000,0
1531266026849,1531266026848,1197169,0.00009663,8.00000000,0
1531266035662,1531266035661,1197170,0.00009613,1.00000000,1
1531266099838,1531266099837,1197171,0.00009613,6.00000000,1
1531266245347,1531266245347,1197172,0.00009616,14.00000000,1
1531266252094,1531266252094,1197173,0.00009663,2.00000000,0
1531266269232,1531266269230,1197174,0.00009662,8.00000000,1
1531266270021,1531266270020,1197175,0.00009662,481.00000000,1
1531266422618,1531266422617,1197176,0.00009620,6.00000000,1
1531266530541,1531266530541,1197177,0.00009620,72.00000000,1
1531266571482,1531266571483,1197178,0.00009581,156.00000000,1
1531266571890,1531266571890,1197179,0.00009580,66.00000000,0
1531266911462,1531266911461,1197180,0.00009581,40.00000000,1
1531267269321,1531267269321,1197181,0.00009627,3.00000000,0
1531267402852,1531267402853,1197182,0.00009627,13.00000000,0
1531267570161,1531267570162,1197183,0.00009627,14.00000000,0
1531267615850,1531267615850,1197184,0.00009593,21.00000000,1
1531267765876,1531267765879,1197185,0.00009627,14.00000000,0
1531269085541,1531269085540,1197186,0.00009672,11.00000000,0
1531269085541,1531269085540,1197187,0.00009674,53.00000000,0
1531269085541,1531269085540,1197188,0.00009679,429.00000000,0
1531269138030,1531269138033,1197189,0.00009679,272.00000000,0
1531269138067,1531269138065,1197190,0.00009680,11.00000000,1
1531269174384,1531269174386,1197191,0.00009684,11.00000000,1
1531269182439,1531269182442,1197192,0.00009684,3.00000000,1
1531269197264,1531269197268,1197193,0.00009685,3.00000000,1
1531269207532,1531269207534,1197194,0.00009688,4.00000000,1
1531269216283,1531269216287,1197195,0.00009689,4.00000000,1
1531269346726,1531269346729,1197196,0.00009694,54.00000000,1
1531269386336,1531269386336,1197197,0.00009694,154.00000000,0
1531269463558,1531269463559,1197198,0.00009700,116.00000000,1
1531269463558,1531269463559,1197199,0.00009697,24.00000000,1
1531269653419,1531269653421,1197200,0.00009697,16.00000000,1
1531270212055,1531270212057,1197201,0.00009697,11.00000000,1
1531270213468,1531270213467,1197202,0.00009697,11.00000000,1
1531270239273,1531270239276,1197203,0.00009697,11.00000000,1
1531270271384,1531270271386,1197204,0.00009717,12.00000000,0
1531270271384,1531270271386,1197205,0.00009734,34.00000000,0
1531270271384,1531270271386,1197206,0.00009735,51.00000000,0
1531270271384,1531270271386,1197207,0.00009737,53.00000000,0
1531270368177,1531270368177,1197208,0.00009736,14.00000000,0
1531271534840,1531271534839,1197209,0.00009697,108.00000000,1
1531271534840,1531271534839,1197210,0.00009696,196.00000000,1
1531271844283,1531271844282,1197211,0.00009697,90.00000000,1
1531271845909,1531271845905,1197212,0.00009697,30.00000000,1
1531271846087,1531271846082,1197213,0.00009696,20.00000000,1
1531272608901,1531272608898,1197214,0.00009696,11.00000000,1
1531272794053,1531272794045,1197215,0.00009697,30.00000000,1
1531273087793,1531273087789,1197216,0.00009697,100.00000000,1
1531273324315,1531273324310,1197217,0.00009735,7.00000000,0
1531273438887,1531273438882,1197218,0.00009705,4.00000000,1
1531273453685,1531273453679,1197219,0.00009705,16.00000000,1
1531273453685,1531273453679,1197220,0.00009696,14.00000000,1
1531273997983,1531273997976,1197221,0.00009696,97.00000000,1
1531274054830,1531274054825,1197222,0.00009696,97.00000000,1
1531274247011,1531274247006,1197223,0.00009696,1.00000000,1
1531275213481,1531275213474,1197224,0.00009735,102.00000000,0
1531275261160,1531275261153,1197225,0.00009733,21.00000000,0
1531275261178,1531275261175,1197226,0.00009735,8.00000000,1
1531275261946,1531275261940,1197227,0.00009735,16.00000000,1
1531276491998,1531276491993,1197228,0.00009701,20.00000000,0
1531276567220,1531276567216,1197229,0.00009701,149.00000000,0
1531276567225,1531276567220,1197230,0.00009701,1.00000000,0
1531276568330,1531276568325,1197231,0.00009701,23.00000000,1
1531276866527,1531276866522,1197232,0.00009699,12.00000000,1
1531276951976,1531276951973,1197233,0.00009733,4.00000000,0
1531277121024,1531277121018,1197234,0.00009698,46.00000000,0
1531277129960,1531277129956,1197235,0.00009700,2.00000000,1
1531277148327,1531277148322,1197236,0.00009700,1.00000000,1
1531278072566,1531278072562,1197237,0.00009700,99.00000000,1
1531278072566,1531278072562,1197238,0.00009696,500.00000000,1
1531278769897,1531278769892,1197239,0.00009733,15.00000000,0
1531278891640,1531278891636,1197240,0.00009697,57.00000000,1
1531278911289,1531278911290,1197241,0.00009697,13.00000000,0
1531279583212,1531279583209,1197242,0.00009696,409.00000000,1
1531279583214,1531279583213,1197243,0.00009696,819.00000000,1
1531279583218,1531279583214,1197244,0.00009696,355.00000000,1
1531279583221,1531279583217,1197245,0.00009696,97.00000000,1
1531279583221,1531279583217,1197246,0.00009682,78.00000000,1
1531279583221,1531279583217,1197247,0.00009655,93.00000000,1
1531279583221,1531279583217,1197248,0.00009631,551.00000000,1
1531279595059,1531279595054,1197249,0.00009639,208.00000000,1
1531280190636,1531280190635,1197250,0.00009688,57.00000000,0
1531280191661,1531280191658,1197251,0.00009688,97.00000000,1
1531280204994,1531280204996,1197252,0.00009687,57.00000000,0
1531280211912,1531280211908,1197253,0.00009687,97.00000000,1
1531280211912,1531280211908,1197254,0.00009667,40.00000000,1
1531280521729,1531280521734,1197255,0.00009719,1.00000000,0
1531280617916,1531280617917,1197256,0.00009667,14.00000000,1
1531280623686,1531280623684,1197257,0.00009667,12.00000000,1
1531280667723,1531280667719,1197258,0.00009667,12.00000000,1
1531280667723,1531280667719,1197259,0.00009633,1.00000000,1
1531280673179,1531280673176,1197260,0.00009632,14.00000000,1
1531280679673,1531280679672,1197261,0.00009644,12.00000000,1
1531280685281,1531280685276,1197262,0.00009645,14.00000000,1
1531280796969,1531280796970,1197263,0.00009644,14.00000000,1
1531280807610,1531280807612,1197264,0.00009644,14.00000000,1
1531280867282,1531280867277,1197265,0.00009644,1.00000000,1
1531281606529,1531281606525,1197266,0.00009681,14.00000000,0
1531281606742,1531281606737,1197267,0.00009681,98.00000000,1
1531282210756,1531282210752,1197268,0.00009689,14.00000000,0
1531282210756,1531282210752,1197269,0.00009690,6.00000000,0
1531283482517,1531283482511,1197270,0.00009644,1.00000000,1
1531283503159,1531283503154,1197271,0.00009644,36.00000000,1
1531283503159,1531283503154,1197272,0.00009602,1.00000000,1
1531283507740,1531283507735,1197273,0.00009675,28.00000000,0
1531283512604,1531283512599,1197274,0.00009617,78.00000000,1
1531283512604,1531283512599,1197275,0.00009602,39.00000000,1
1531283512604,1531283512599,1197276,0.00009594,1.00000000,1
1531283525011,1531283525007,1197277,0.00009594,1.00000000,1
1531283536253,1531283536251,1197278,0.00009594,25.00000000,1
1531283536253,1531283536251,1197279,0.00009593,9.00000000,1
1531283545289,1531283545284,1197280,0.00009593,2.00000000,1
1531283545290,1531283545284,1197281,0.00009586,54.00000000,1
1531283545290,1531283545284,1197282,0.00009585,16.00000000,1
1531283545311,1531283545308,1197283,0.00009585,102.00000000,1
1531283556130,1531283556125,1197284,0.00009603,20.00000000,0
1531283576580,1531283576574,1197285,0.00009623,20.00000000,0
1531283586330,1531283586326,1197286,0.00009623,58.00000000,0
1531283923638,1531283923635,1197287,0.00009629,42.00000000,0
1531284031253,1531284031249,1197288,0.00009585,39.00000000,1
1531284088922,1531284088916,1197289,0.00009637,5.00000000,0
1531284249193,1531284249188,1197290,0.00009639,68.00000000,0
1531284250107,1531284250103,1197291,0.00009639,35.00000000,1
1531284360832,1531284360828,1197292,0.00009637,63.00000000,0
1531284360845,1531284360840,1197293,0.00009637,15.00000000,0
1531284361267,1531284361263,1197294,0.00009637,47.00000000,1
1531284364995,1531284364993,1197295,0.00009580,15.00000000,1
1531284365179,1531284365173,1197296,0.00009580,39.00000000,1
1531284365179,1531284365173,1197297,0.00009579,8.00000000,1
1531284556611,1531284556606,1197298,0.00009598,62.00000000,1
1531284556623,1531284556618,1197299,0.00009598,17.00000000,1
1531284556623,1531284556618,1197300,0.00009578,62.00000000,1
1531284569128,1531284569122,1197301,0.00009597,62.00000000,0
1531287392665,1531287392658,1197302,0.00009597,9.00000000,0
1531287446498,1531287446496,1197303,0.00009597,9.00000000,0
1531287495067,1531287495059,1197304,0.00009597,9.00000000,0
1531287498605,1531287498598,1197305,0.00009597,9.00000000,0
1531287548480,1531287548472,1197306,0.00009597,9.00000000,0
1531287550790,1531287550788,1197307,0.00009597,3.00000000,0
1531287550790,1531287550788,1197308,0.00009613,6.00000000,0
1531287620514,1531287620508,1197309,0.00009609,11.00000000,0
1531287621439,1531287621431,1197310,0.00009609,11.00000000,0
1531287628223,1531287628217,1197311,0.00009609,11.00000000,0
1531287661478,1531287661469,1197312,0.00009612,2.00000000,0
1531288126333,1531288126328,1197313,0.00009559,1.00000000,1
1531288132200,1531288132195,1197314,0.00009605,27.00000000,0
1531288132200,1531288132195,1197315,0.00009606,77.00000000,0
1531288173529,1531288173527,1197316,0.00009561,2.00000000,1
1531288732269,1531288732264,1197317,0.00009561,2.00000000,1
1531288852024,1531288852024,1197318,0.00009609,104.00000000,0
1531289413034,1531289413036,1197319,0.00009609,32.00000000,0
1531290810213,1531290810210,1197320,0.00009578,8.00000000,1
1531290810545,1531290810541,1197321,0.00009578,71.00000000,1
1531290854262,1531290854259,1197322,0.00009560,32.00000000,1
1531290881402,1531290881399,1197323,0.00009633,48.00000000,0
1531290881402,1531290881399,1197324,0.00009635,55.00000000,0
1531290908049,1531290908047,1197325,0.00009560,15.00000000,1
1531291216093,1531291216091,1197326,0.00009560,34.00000000,1
1531291295646,1531291295643,1197327,0.00009560,29.00000000,1
1531291541284,1531291541281,1197328,0.00009560,2.00000000,1
1531292585032,1531292585033,1197329,0.00009559,1.00000000,1
1531292673594,1531292673594,1197330,0.00009562,15.00000000,1
1531292766191,1531292766186,1197331,0.00009602,11.00000000,0
1531293188417,1531293188414,1197332,0.00009602,105.00000000,0
1531294084662,1531294084658,1197333,0.00009603,60.00000000,0
1531294105140,1531294105137,1197334,0.00009603,19.00000000,0
1531294212942,1531294212938,1197335,0.00009603,33.00000000,0
1531294366230,1531294366227,1197336,0.00009602,21.00000000,0
1531294649009,1531294649005,1197337,0.00009562,104.00000000,1
1531294914677,1531294914672,1197338,0.00009602,6.00000000,0
1531295160741,1531295160738,1197339,0.00009601,112.00000000,0
1531295160741,1531295160738,1197340,0.00009602,35.00000000,0
1531295269086,1531295269082,1197341,0.00009603,135.00000000,0
1531295279073,1531295279071,1197342,0.00009610,19.00000000,0
1531295300826,1531295300824,1197343,0.00009653,2.00000000,0
1531296016241,1531296016237,1197344,0.00009653,35.00000000,0
1531296542229,1531296542226,1197345,0.00009653,27.00000000,0
1531296792944,1531296792943,1197346,0.00009613,154.00000000,1
1531296810990,1531296810986,1197347,0.00009607,154.00000000,1
1531296940378,1531296940375,1197348,0.00009608,367.00000000,1
1531296940390,1531296940387,1197349,0.00009607,447.00000000,0
1531296940398,1531296940394,1197350,0.00009607,359.00000000,0
1531296940407,1531296940401,1197351,0.00009607,447.00000000,0
1531296952941,1531296952939,1197352,0.00009596,11.00000000,1
1531297104599,1531297104595,1197353,0.00009599,11.00000000,0
1531297221787,1531297221786,1197354,0.00009596,167.00000000,1
1531297611672,1531297611668,1197355,0.00009593,31.00000000,1
1531297619437,1531297619432,1197356,0.00009573,79.00000000,0
1531297998044,1531297998041,1197357,0.00009599,98.00000000,0
1531298211044,1531298211042,1197358,0.00009560,62.00000000,1
1531298211509,1531298211505,1197359,0.00009560,50.00000000,0
1531298242205,1531298242202,1197360,0.00009560,237.00000000,1
1531298451196,1531298451192,1197361,0.00009599,30.00000000,0
1531298454460,1531298454456,1197362,0.00009599,1.00000000,0
1531298827203,1531298827200,1197363,0.00009599,1.00000000,0
1531298891590,1531298891588,1197364,0.00009599,4.00000000,0
1531298941948,1531298941944,1197365,0.00009559,15.00000000,1
1531299843437,1531299843435,1197366,0.00009599,1.00000000,0
1531299911619,1531299911602,1197367,0.00009599,12.00000000,0
1531300114244,1531300114242,1197368,0.00009560,28.00000000,1
1531300178438,1531300178434,1197369,0.00009560,810.00000000,1
1531300178438,1531300178434,1197370,0.00009559,185.00000000,1
1531300187786,1531300187784,1197371,0.00009559,15.00000000,1
1531300218833,1531300218832,1197372,0.00009550,43.00000000,1
1531300240950,1531300240948,1197373,0.00009599,16.00000000,0
1531300529715,1531300529711,1197374,0.00009550,36.00000000,1
1531300536279,1531300536274,1197375,0.00009550,6.00000000,0
1531300764438,1531300764435,1197376,0.00009552,6.00000000,1
1531300824432,1531300824430,1197377,0.00009552,6.00000000,1
1531300834643,1531300834640,1197378,0.00009552,5.00000000,1
1531300835908,1531300835906,1197379,0.00009552,355.00000000,0
1531300837839,1531300837835,1197380,0.00009572,79.00000000,0
1531300837839,1531300837835,1197381,0.00009599,13.00000000,0
1531300871360,1531300871358,1197382,0.00009542,47.00000000,1
1531300871360,1531300871358,1197383,0.00009541,44.00000000,1
1531300871671,1531300871670,1197384,0.00009539,12.00000000,0
1531300873873,1531300873871,1197385,0.00009539,22.00000000,1
1531300873873,1531300873871,1197386,0.00009538,24.00000000,1
1531301507445,1531301507443,1197387,0.00009590,1.00000000,0
1531301534500,1531301534496,1197388,0.00009590,35.00000000,0
1531301614485,1531301614484,1197389,0.00009590,38.00000000,0
1531302085315,1531302085314,1197390,0.00009544,1.00000000,1
1531302209320,1531302209316,1197391,0.00009544,116.00000000,1
1531302209751,1531302209748,1197392,0.00009544,94.00000000,0
1531303360977,1531303360974,1197393,0.00009544,62.00000000,0
1531303456300,1531303456297,1197394,0.00009589,87.00000000,0
1531303702502,1531303702501,1197395,0.00009588,523.00000000,0
1531303960315,1531303960312,1197396,0.00009588,25.00000000,0
1531304577062,1531304577058,1197397,0.00009588,104.00000000,0
1531304680673,1531304680667,1197398,0.00009588,484.00000000,0
1531304893575,1531304893571,1197399,0.00009534,24.00000000,1
1531304893575,1531304893571,1197400,0.00009533,16.00000000,1
1531304964981,1531304964976,1197401,0.00009531,16.00000000,1
1531305113794,1531305113789,1197402,0.00009587,62.00000000,0
1531305113794,1531305113789,1197403,0.00009593,42.00000000,0
1531305474379,1531305474373,1197404,0.00009592,26.00000000,0
1531305474379,1531305474373,1197405,0.00009593,78.00000000,0
1531305672289,1531305672284,1197406,0.00009593,5.00000000,0
1531305961814,1531305961809,1197407,0.00009593,28.00000000,0
1531306307356,1531306307354,1197408,0.00009593,19.00000000,0
1531306315512,1531306315509,1197409,0.00009593,33.00000000,0
1531307069623,1531307069618,1197410,0.00009551,155.00000000,1
1531308664492,1531308664487,1197411,0.00009599,4.00000000,0
1531308664492,1531308664487,1197412,0.00009600,100.00000000,0
1531309238195,1531309238190,1197413,0.00009584,11.00000000,1
1531309266284,1531309266279,1197414,0.00009584,114.00000000,0
1531309266303,1531309266297,1197415,0.00009584,1.00000000,0
1531309319400,1531309319394,1197416,0.00009607,112.00000000,0
1531309333422,1531309333413,1197417,0.00009606,637.00000000,0
1531309346766,1531309346762,1197418,0.00009606,23.00000000,0
1531309486527,1531309486521,1197419,0.00009607,16.00000000,0
1531309732003,1531309731999,1197420,0.00009607,12.00000000,0
1531309786371,1531309786364,1197421,0.00009607,8.00000000,0
1531309917599,1531309917593,1197422,0.00009607,3.00000000,0
1531309998325,1531309998318,1197423,0.00009607,12.00000000,0
1531310050590,1531310050585,1197424,0.00009577,5.00000000,1
1531310069548,1531310069543,1197425,0.00009607,11.00000000,0
1531310118789,1531310118788,1197426,0.00009607,13.00000000,0
1531310159502,1531310159495,1197427,0.00009607,467.00000000,0
1531310337903,1531310337899,1197428,0.00009607,207.00000000,0
1531310425771,1531310425765,1197429,0.00009607,120.00000000,0
1531310537382,1531310537378,1197430,0.00009607,47.00000000,0
1531310569268,1531310569264,1197431,0.00009607,21.00000000,0
1531310617689,1531310617686,1197432,0.00009607,25.00000000,0
1531310622472,1531310622468,1197433,0.00009607,14.00000000,0
1531310625873,1531310625866,1197434,0.00009607,208.00000000,0
1531310635735,1531310635730,1197435,0.00009607,15.00000000,0
1531310645376,1531310645371,1197436,0.00009607,15.00000000,0
1531310662771,1531310662763,1197437,0.00009607,2054.00000000,0
1531310662771,1531310662763,1197438,0.00009608,17.00000000,0
1531310662771,1531310662763,1197439,0.00009624,74.00000000,0
1531310662777,1531310662771,1197440,0.00009624,4.00000000,0
1531310665288,1531310665284,1197441,0.00009665,78.00000000,0
1531310665550,1531310665545,1197442,0.00009665,4.00000000,1
1531310668566,1531310668565,1197443,0.00009664,22.00000000,0
1531310669313,1531310669306,1197444,0.00009664,26.00000000,1
1531310671671,1531310671666,1197445,0.00009664,54.00000000,1
1531310673887,1531310673882,1197446,0.00009664,24.00000000,1
1531310756617,1531310756610,1197447,0.00009684,103.00000000,0
1531310776077,1531310776072,1197448,0.00009664,51.00000000,1
1531310778788,1531310778784,1197449,0.00009645,46.00000000,1
1531310779062,1531310779058,1197450,0.00009645,15.00000000,1
1531310844883,1531310844882,1197451,0.00009684,3.00000000,0
1531310894265,1531310894260,1197452,0.00009645,17.00000000,1
1531310944088,1531310944083,1197453,0.00009673,52.00000000,0
1531310944088,1531310944083,1197454,0.00009674,15.00000000,0
1531310944088,1531310944083,1197455,0.00009683,36.00000000,0
1531311138590,1531311138586,1197456,0.00009682,27.00000000,0
1531311138590,1531311138586,1197457,0.00009683,76.00000000,0
1531311242930,1531311242924,1197458,0.00009673,24.00000000,0
1531311242930,1531311242924,1197459,0.00009674,78.00000000,0
1531311242930,1531311242924,1197460,0.00009683,1.00000000,0
1531311346099,1531311346096,1197461,0.00009627,26.00000000,1
1531311434246,1531311434242,1197462,0.00009617,14.00000000,1
1531311738500,1531311738496,1197463,0.00009665,11.00000000,0
1531311750472,1531311750470,1197464,0.00009619,31.00000000,1
1531312065356,1531312065352,1197465,0.00009617,64.00000000,1
1531312431474,1531312431472,1197466,0.00009600,54.00000000,1
1531312434376,1531312434372,1197467,0.00009601,475.00000000,1
1531312435363,1531312435360,1197468,0.00009601,335.00000000,1
1531312886634,1531312886631,1197469,0.00009632,3.00000000,0
1531312942358,1531312942355,1197470,0.00009639,103.00000000,0
1531313033407,1531313033404,1197471,0.00009603,414.00000000,1
1531313654975,1531313654975,1197472,0.00009603,15.00000000,1
1531313654975,1531313654975,1197473,0.00009596,32.00000000,1
1531313755678,1531313755674,1197474,0.00009633,103.00000000,0
1531313779799,1531313779799,1197475,0.00009632,85.00000000,0
1531313780955,1531313780952,1197476,0.00009633,60.00000000,1
1531314208820,1531314208818,1197477,0.00009633,20.00000000,1
1531314338333,1531314338329,1197478,0.00009633,137.00000000,0
1531314805289,1531314805287,1197479,0.00009631,208.00000000,0
1531315094001,1531315093997,1197480,0.00009624,63.00000000,1
1531315116063,1531315116061,1197481,0.00009601,136.00000000,1
1531315167077,1531315167073,1197482,0.00009596,4.00000000,1
1531315399407,1531315399404,1197483,0.00009599,5.00000000,1
1531315401381,1531315401379,1197484,0.00009599,5.00000000,1
1531316025238,1531316025236,1197485,0.00009599,113.00000000,1
1531316025238,1531316025236,1197486,0.00009597,7.00000000,1
1531316203663,1531316203660,1197487,0.00009596,76.00000000,1
1531316293443,1531316293441,1197488,0.00009613,104.00000000,0
1531316353414,1531316353410,1197489,0.00009596,6.00000000,1
1531316353414,1531316353410,1197490,0.00009595,51.00000000,1
1531316353531,1531316353506,1197491,0.00009595,32.00000000,1
1531316358824,1531316358822,1197492,0.00009576,2.00000000,1
1531316566700,1531316566698,1197493,0.00009597,104.00000000,0
1531316587662,1531316587658,1197494,0.00009597,6.00000000,0
1531316639952,1531316639949,1197495,0.00009609,58.00000000,0
1531316860250,1531316860248,1197496,0.00009609,2.00000000,0
1531317090427,1531317090424,1197497,0.00009603,1.00000000,0
1531317289459,1531317289456,1197498,0.00009600,50.00000000,0
1531317289459,1531317289456,1197499,0.00009612,23.00000000,0
1531317289459,1531317289456,1197500,0.00009613,31.00000000,0
1531317428183,1531317428181,1197501,0.00009613,79.00000000,1
1531317739887,1531317739885,1197502,0.00009614,78.00000000,0
1531317740335,1531317740331,1197503,0.00009614,14.00000000,1
1531317814344,1531317814339,1197504,0.00009614,412.00000000,1
1531317831386,1531317831384,1197505,0.00009614,413.00000000,1
1531318311866,1531318311863,1197506,0.00009576,53.00000000,1
1531318342829,1531318342825,1197507,0.00009576,30.00000000,0
1531318373485,1531318373480,1197508,0.00009575,31.00000000,1
1531318396284,1531318396280,1197509,0.00009575,38.00000000,1
1531318494238,1531318494233,1197510,0.00009573,59.00000000,1
1531318500856,1531318500852,1197511,0.00009573,37.00000000,1
1531318626305,1531318626301,1197512,0.00009618,1.00000000,0
1531319081602,1531319081599,1197513,0.00009617,58.00000000,0
1531319081602,1531319081599,1197514,0.00009618,60.00000000,0
1531319147198,1531319147194,1197515,0.00009617,83.00000000,0
1531319147580,1531319147573,1197516,0.00009617,167.00000000,1
1531319190832,1531319190828,1197517,0.00009618,122.00000000,0
1531319191629,1531319191624,1197518,0.00009618,1581.00000000,1
1531319203334,1531319203329,1197519,0.00009620,2043.00000000,0
1531319223143,1531319223139,1197520,0.00009621,178.00000000,0
1531319248058,1531319248054,1197521,0.00009674,29.00000000,0
1531319248074,1531319248071,1197522,0.00009674,683.00000000,1
1531319256739,1531319256735,1197523,0.00009674,15.00000000,0
1531319256753,1531319256748,1197524,0.00009674,519.00000000,1
1531319287516,1531319287513,1197525,0.00009674,67.00000000,0
1531319287553,1531319287545,1197526,0.00009674,49.00000000,1
1531319287570,1531319287565,1197527,0.00009674,72.00000000,1
1531319287619,1531319287614,1197528,0.00009674,15.00000000,1
1531319288430,1531319288426,1197529,0.00009674,35.00000000,1
1531319288441,1531319288436,1197530,0.00009674,162.00000000,1
1531319297080,1531319297076,1197531,0.00009683,26.00000000,0
1531319298066,1531319298061,1197532,0.00009683,575.00000000,1
1531319302872,1531319302868,1197533,0.00009684,106.00000000,0
1531319306648,1531319306644,1197534,0.00009684,59.00000000,0
1531319306998,1531319306991,1197535,0.00009684,82.00000000,1
1531319307551,1531319307548,1197536,0.00009684,9.00000000,1
1531319313042,1531319313038,1197537,0.00009684,117.00000000,0
1531319313439,1531319313435,1197538,0.00009684,108.00000000,1
1531319340367,1531319340363,1197539,0.00009657,23.00000000,0
1531319341447,1531319341442,1197540,0.00009657,203.00000000,1
1531319389517,1531319389512,1197541,0.00009587,15.00000000,1
1531319389517,1531319389512,1197542,0.00009586,26.00000000,1
1531319389517,1531319389512,1197543,0.00009584,31.00000000,1
1531319389517,1531319389512,1197544,0.00009583,27.00000000,1
1531319516701,1531319516694,1197545,0.00009583,17.00000000,1
1531319516701,1531319516694,1197546,0.00009575,10.00000000,1
1531319693895,1531319693892,1197547,0.00009659,26.00000000,0
1531319693895,1531319693892,1197548,0.00009660,13.00000000,0
1531320030451,1531320030448,1197549,0.00009576,1.00000000,1
1531320032401,1531320032395,1197550,0.00009653,15.00000000,0
1531320032401,1531320032395,1197551,0.00009654,42.00000000,0
1531320032401,1531320032395,1197552,0.00009655,26.00000000,0
1531320032401,1531320032395,1197553,0.00009660,30.00000000,0
1531320032401,1531320032395,1197554,0.00009683,31.00000000,0
1531320032401,1531320032395,1197555,0.00009685,20.00000000,0
1531320032401,1531320032395,1197556,0.00009699,12.00000000,0
1531320066269,1531320066264,1197557,0.00009698,11.00000000,0
1531320241887,1531320241882,1197558,0.00009699,8.00000000,0
1531320244971,1531320244965,1197559,0.00009653,60.00000000,1
1531320339626,1531320339622,1197560,0.00009664,4.00000000,1
1531320364246,1531320364241,1197561,0.00009664,152.00000000,1
1531320407361,1531320407356,1197562,0.00009664,25.00000000,1
1531320407361,1531320407356,1197563,0.00009663,13.00000000,1
1531320459173,1531320459167,1197564,0.00009667,12.00000000,1
1531320473430,1531320473425,1197565,0.00009667,5.00000000,1
1531320479432,1531320479430,1197566,0.00009713,24.00000000,0
1531320479432,1531320479430,1197567,0.00009714,78.00000000,0
1531320516751,1531320516744,1197568,0.00009672,15.00000000,1
1531320547774,1531320547769,1197569,0.00009713,196.00000000,0
1531320547791,1531320547787,1197570,0.00009713,676.00000000,1
1531320548092,1531320548085,1197571,0.00009691,31.00000000,0
1531320551112,1531320551110,1197572,0.00009672,172.00000000,1
1531320577901,1531320577897,1197573,0.00009700,780.00000000,1
1531320582718,1531320582715,1197574,0.00009622,2.00000000,1
1531320588819,1531320588814,1197575,0.00009700,645.00000000,1
1531320617422,1531320617417,1197576,0.00009640,190.00000000,1
1531320617422,1531320617417,1197577,0.00009638,13.00000000,1
1531320620691,1531320620686,1197578,0.00009583,2.00000000,1
1531320620862,1531320620857,1197579,0.00009583,13.00000000,1
1531320620892,1531320620890,1197580,0.00009583,23.00000000,0
1531320622139,1531320622134,1197581,0.00009582,36.00000000,1
1531320622260,1531320622254,1197582,0.00009582,26.00000000,1
1531320624613,1531320624608,1197583,0.00009582,10.00000000,0
1531320626471,1531320626468,1197584,0.00009584,36.00000000,1
1531320663867,1531320663865,1197585,0.00009680,31.00000000,0
1531321045649,1531321045645,1197586,0.00009589,40.00000000,1
1531321249521,1531321249517,1197587,0.00009593,14.00000000,1
1531321466257,1531321466255,1197588,0.00009592,14.00000000,1
1531322077409,1531322077407,1197589,0.00009592,11.00000000,1
1531322245390,1531322245389,1197590,0.00009664,50.00000000,0
1531322299083,1531322299082,1197591,0.00009592,16.00000000,1
1531322299083,1531322299082,1197592,0.00009590,31.00000000,1
1531322299083,1531322299082,1197593,0.00009586,2.00000000,1
1531322316681,1531322316679,1197594,0.00009647,17.00000000,0
1531322321743,1531322321744,1197595,0.00009647,2.00000000,1
1531322337216,1531322337213,1197596,0.00009646,15.00000000,0
1531322438243,1531322438242,1197597,0.00009645,24.00000000,0
1531322438243,1531322438242,1197598,0.00009646,18.00000000,0
1531322830383,1531322830383,1197599,0.00009652,11.00000000,0
1531323328579,1531323328578,1197600,0.00009652,121.00000000,0
1531323336195,1531323336197,1197601,0.00009652,56.00000000,1
1531323689632,1531323689635,1197602,0.00009680,21.00000000,0
1531323693723,1531323693724,1197603,0.00009652,37.00000000,1
1531323772614,1531323772617,1197604,0.00009652,24.00000000,1
1531323807582,1531323807582,1197605,0.00009652,14.00000000,1
1531323930375,1531323930375,1197606,0.00009633,39.00000000,1
1531324463813,1531324463819,1197607,0.00009636,60.00000000,1
1531324474765,1531324474765,1197608,0.00009636,29.00000000,1
1531324567285,1531324567286,1197609,0.00009636,36.00000000,1
1531324636242,1531324636247,1197610,0.00009636,38.00000000,1
1531324643074,1531324643077,1197611,0.00009636,34.00000000,1
1531324731371,1531324731374,1197612,0.00009633,72.00000000,1
1531324731371,1531324731374,1197613,0.00009630,799.00000000,1
1531324915868,1531324915870,1197614,0.00009680,42.00000000,0
1531324915868,1531324915870,1197615,0.00009681,61.00000000,0
1531325051944,1531325051946,1197616,0.00009680,28.00000000,0
1531325051944,1531325051946,1197617,0.00009681,31.00000000,0
1531325051944,1531325051946,1197618,0.00009684,78.00000000,0
1531325052112,1531325052115,1197619,0.00009684,39.00000000,1
1531325054950,1531325054950,1197620,0.00009643,11.00000000,1
1531325068581,1531325068584,1197621,0.00009643,67.00000000,1
1531325068581,1531325068584,1197622,0.00009630,165.00000000,1
1531325074474,1531325074477,1197623,0.00009700,26.00000000,0
1531325074474,1531325074477,1197624,0.00009701,51.00000000,0
1531325074474,1531325074477,1197625,0.00009714,24.00000000,0
1531325129664,1531325129667,1197626,0.00009645,15.00000000,1
1531325129664,1531325129667,1197627,0.00009644,11.00000000,1
1531325201650,1531325201654,1197628,0.00009640,54.00000000,1
1531325370303,1531325370292,1197629,0.00009640,12.00000000,1
1531325416243,1531325416246,1197630,0.00009640,11.00000000,1
1531325420500,1531325420505,1197631,0.00009640,12.00000000,1
1531325510203,1531325510207,1197632,0.00009640,20.00000000,1
1531325591269,1531325591273,1197633,0.00009640,95.00000000,1
1531325597468,1531325597472,1197634,0.00009630,36.00000000,1
1531325649716,1531325649720,1197635,0.00009616,118.00000000,1
1531325662121,1531325662126,1197636,0.00009605,966.00000000,1
1531325674601,1531325674605,1197637,0.00009600,50.00000000,1
1531325674601,1531325674605,1197638,0.00009592,18.00000000,1
1531325686469,1531325686473,1197639,0.00009592,532.00000000,1
1531325818106,1531325818111,1197640,0.00009592,13.00000000,1
1531325824150,1531325824154,1197641,0.00009559,2.00000000,1
1531325842158,1531325842163,1197642,0.00009559,17.00000000,1
1531325848469,1531325848474,1197643,0.00009532,2.00000000,1
1531325848639,1531325848643,1197644,0.00009540,5.00000000,0
1531325848701,1531325848707,1197645,0.00009540,4.00000000,0
1531325848865,1531325848870,1197646,0.00009540,5.00000000,0
1531325848905,1531325848910,1197647,0.00009540,13.00000000,0
1531325848976,1531325848982,1197648,0.00009540,5.00000000,0
1531325849134,1531325849138,1197649,0.00009540,7.00000000,0
1531325849178,1531325849183,1197650,0.00009540,149.00000000,0
1531325849269,1531325849275,1197651,0.00009540,5.00000000,0
1531325849318,1531325849322,1197652,0.00009540,6.00000000,0
1531325849354,1531325849358,1197653,0.00009540,5.00000000,0
1531325849411,1531325849414,1197654,0.00009559,3.00000000,0
1531325849411,1531325849414,1197655,0.00009584,2.00000000,0
1531325849451,1531325849456,1197656,0.00009584,6.00000000,0
1531325849494,1531325849498,1197657,0.00009584,7.00000000,0
1531325849586,1531325849591,1197658,0.00009584,13.00000000,0
1531325849645,1531325849648,1197659,0.00009584,5.00000000,0
1531325849754,1531325849760,1197660,0.00009584,14.00000000,0
1531325849809,1531325849811,1197661,0.00009584,5.00000000,0
1531325849925,1531325849930,1197662,0.00009584,6.00000000,0
1531325850042,1531325850047,1197663,0.00009591,5.00000000,0
1531325853535,1531325853540,1197664,0.00009540,2.00000000,1
1531325857211,1531325857213,1197665,0.00009540,63.00000000,0
1531325858569,1531325858574,1197666,0.00009532,2.00000000,1
1531325873443,1531325873448,1197667,0.00009591,6.00000000,0
1531325873443,1531325873448,1197668,0.00009592,454.00000000,0
1531325973748,1531325973754,1197669,0.00009593,97.00000000,1
1531325980794,1531325980800,1197670,0.00009594,54.00000000,1
1531325981291,1531325981295,1197671,0.00009594,11.00000000,0
1531325984648,1531325984653,1197672,0.00009591,2.00000000,1
1531325990774,1531325990779,1197673,0.00009592,300.00000000,1
1531325990774,1531325990779,1197674,0.00009591,168.00000000,1
1531326010120,1531326010125,1197675,0.00009562,220.00000000,1
1531326048160,1531326048166,1197676,0.00009580,300.00000000,1
1531326225441,1531326225445,1197677,0.00009532,303.00000000,1
1531326234771,1531326234776,1197678,0.00009532,33.00000000,1
1531326236010,1531326236014,1197679,0.00009532,7.00000000,0
1531326276557,1531326276560,1197680,0.00009532,18.00000000,1
1531326282882,1531326282887,1197681,0.00009531,28.00000000,1
1531326285185,1531326285189,1197682,0.00009518,2.00000000,1
1531326286239,1531326286245,1197683,0.00009581,83.00000000,0
1531326288798,1531326288803,1197684,0.00009581,33.00000000,0
1531326290662,1531326290667,1197685,0.00009581,104.00000000,0
1531326295283,1531326295286,1197686,0.00009581,11.00000000,1
1531326299484,1531326299488,1197687,0.00009581,41.00000000,1
1531326372584,1531326372589,1197688,0.00009518,74.00000000,1
1531326379154,1531326379159,1197689,0.00009518,37.00000000,1
1531326386557,1531326386560,1197690,0.00009518,19.00000000,1
1531326419808,1531326419812,1197691,0.00009517,34.00000000,1
1531326426403,1531326426407,1197692,0.00009516,68.00000000,1
1531326435884,1531326435888,1197693,0.00009515,843.00000000,1
1531326438356,1531326438361,1197694,0.00009505,2.00000000,1
1531326438415,1531326438419,1197695,0.00009561,5.00000000,0
1531326438484,1531326438487,1197696,0.00009561,5.00000000,0
1531326438677,1531326438681,1197697,0.00009561,6.00000000,0
1531326441214,1531326441216,1197698,0.00009504,2.00000000,1
1531326445718,1531326445720,1197699,0.00009504,51.00000000,1
1531326445880,1531326445883,1197700,0.00009503,103.00000000,0
1531326449268,1531326449273,1197701,0.00009500,2.00000000,1
1531326486470,1531326486473,1197702,0.00009560,29.00000000,0
1531326503162,1531326503164,1197703,0.00009560,39.00000000,0
1531326603077,1531326603079,1197704,0.00009519,32.00000000,1
1531326603264,1531326603268,1197705,0.00009551,26.00000000,0
1531326630077,1531326630079,1197706,0.00009501,33.00000000,1
1531326630331,1531326630334,1197707,0.00009501,79.00000000,0
1531326634503,1531326634502,1197708,0.00009531,5.00000000,0
1531326643331,1531326643332,1197709,0.00009523,22.00000000,0
1531326685825,1531326685828,1197710,0.00009500,19.00000000,1
1531326685843,1531326685846,1197711,0.00009500,1380.00000000,0
1531326693592,1531326693594,1197712,0.00009501,1034.00000000,1
1531326693632,1531326693634,1197713,0.00009501,157.00000000,0
1531326698938,1531326698940,1197714,0.00009501,1.00000000,0
1531326698938,1531326698940,1197715,0.00009529,4.00000000,0
1531326698983,1531326698985,1197716,0.00009529,6.00000000,0
1531326699034,1531326699036,1197717,0.00009529,6.00000000,0
1531326699252,1531326699255,1197718,0.00009529,5.00000000,0
1531326699336,1531326699337,1197719,0.00009529,57.00000000,0
1531326699345,1531326699347,1197720,0.00009569,5.00000000,0
1531326699499,1531326699503,1197721,0.00009569,5.00000000,0
1531326700013,1531326700014,1197722,0.00009501,44.00000000,1
1531326700013,1531326700014,1197723,0.00009500,356.00000000,1
1531326705504,1531326705507,1197724,0.00009505,75.00000000,1
1531326760887,1531326760891,1197725,0.00009505,4.00000000,1
1531326762194,1531326762197,1197726,0.00009504,49.00000000,0
1531326762900,1531326762902,1197727,0.00009493,2.00000000,1
1531326763128,1531326763130,1197728,0.00009505,5.00000000,0
1531326768263,1531326768265,1197729,0.00009505,2.00000000,0
1531326768263,1531326768265,1197730,0.00009526,5.00000000,0
1531326768319,1531326768322,1197731,0.00009526,5.00000000,0
1531326768361,1531326768364,1197732,0.00009526,8.00000000,0
1531326771282,1531326771285,1197733,0.00009526,15.00000000,0
1531326777921,1531326777922,1197734,0.00009526,11.00000000,0
1531326790764,1531326790767,1197735,0.00009493,92.00000000,0
1531326795625,1531326795627,1197736,0.00009491,65.00000000,1
1531326795726,1531326795724,1197737,0.00009482,2.00000000,1
1531326805462,1531326805464,1197738,0.00009488,53.00000000,1
1531326841271,1531326841273,1197739,0.00009521,52.00000000,1
1531326852653,1531326852655,1197740,0.00009495,79.00000000,1
1531326865622,1531326865624,1197741,0.00009489,40.00000000,1
1531326872364,1531326872364,1197742,0.00009484,100.00000000,0
1531326872826,1531326872829,1197743,0.00009481,2.00000000,1
1531326874905,1531326874906,1197744,0.00009510,92.00000000,0
1531326874989,1531326874992,1197745,0.00009510,79.00000000,0
1531326878679,1531326878679,1197746,0.00009481,2.00000000,1
1531326882783,1531326882784,1197747,0.00009481,96.00000000,1
1531326889335,1531326889336,1197748,0.00009481,52.00000000,1
1531326889335,1531326889336,1197749,0.00009480,88.00000000,1
1531326890983,1531326890983,1197750,0.00009480,46.00000000,1
1531326931685,1531326931685,1197751,0.00009510,872.00000000,0
1531326952272,1531326952273,1197752,0.00009500,5.00000000,1
1531327207005,1531327207005,1197753,0.00009556,78.00000000,0
1531327213896,1531327213899,1197754,0.00009556,1.00000000,0
1531327223793,1531327223794,1197755,0.00009556,38.00000000,1
1531327302559,1531327302558,1197756,0.00009540,4.00000000,1
1531327343651,1531327343650,1197757,0.00009582,4.00000000,0
1531327573188,1531327573187,1197758,0.00009582,20.00000000,0
1531327685445,1531327685442,1197759,0.00009582,1.00000000,0
1531327792984,1531327792981,1197760,0.00009582,12.00000000,0
1531327836489,1531327836486,1197761,0.00009574,8.00000000,1
1531327836526,1531327836523,1197762,0.00009574,9.00000000,1
1531328293510,1531328293504,1197763,0.00009593,108.00000000,0
1531328293510,1531328293504,1197764,0.00009598,79.00000000,0
1531328293510,1531328293504,1197765,0.00009610,11.00000000,0
1531328326615,1531328326611,1197766,0.00009608,11.00000000,0
1531328502925,1531328502917,1197767,0.00009608,115.00000000,0
1531328502925,1531328502917,1197768,0.00009633,65.00000000,0
1531328502925,1531328502917,1197769,0.00009639,11.00000000,0
1531328502925,1531328502917,1197770,0.00009642,26.00000000,0
1531328502925,1531328502917,1197771,0.00009669,26.00000000,0
1531328502925,1531328502917,1197772,0.00009673,12.00000000,0
1531328502925,1531328502917,1197773,0.00009678,12.00000000,0
1531328545355,1531328545349,1197774,0.00009601,21.00000000,1
1531328546311,1531328546305,1197775,0.00009601,8.00000000,1
1531328562138,1531328562133,1197776,0.00009636,46.00000000,1
1531328563074,1531328563070,1197777,0.00009667,11.00000000,0
1531328568545,1531328568539,1197778,0.00009621,6.00000000,1
1531328586047,1531328586041,1197779,0.00009667,11.00000000,0
1531329173906,1531329173897,1197780,0.00009667,121.00000000,0
1531329173906,1531329173897,1197781,0.00009668,44.00000000,0
1531329173906,1531329173897,1197782,0.00009683,191.00000000,0
1531329173906,1531329173897,1197783,0.00009684,31.00000000,0
1531329173906,1531329173897,1197784,0.00009689,19.00000000,0
1531329173906,1531329173897,1197785,0.00009696,50.00000000,0
1531329173906,1531329173897,1197786,0.00009714,15.00000000,0
1531329173906,1531329173897,1197787,0.00009723,11.00000000,0
1531329208559,1531329208550,1197788,0.00009646,16.00000000,1
1531329253566,1531329253558,1197789,0.00009647,26.00000000,1
1531329315219,1531329315213,1197790,0.00009647,9.00000000,0
1531329315219,1531329315213,1197791,0.00009667,5.00000000,0
1531329404707,1531329404698,1197792,0.00009667,4.00000000,1
1531329477097,1531329477089,1197793,0.00009679,79.00000000,0
1531329477097,1531329477089,1197794,0.00009680,42.00000000,0
1531329521122,1531329521114,1197795,0.00009680,4.00000000,0
1531329521122,1531329521114,1197796,0.00009695,82.00000000,0
1531329522110,1531329522103,1197797,0.00009695,83.00000000,1
1531329522612,1531329522606,1197798,0.00009695,862.00000000,1
1531329573740,1531329573733,1197799,0.00009667,17.00000000,1
1531329704912,1531329704902,1197800,0.00009652,24.00000000,1
1531329752598,1531329752588,1197801,0.00009652,26.00000000,1
1531329784086,1531329784076,1197802,0.00009652,21.00000000,1
1531329822542,1531329822533,1197803,0.00009652,7.00000000,1
1531329822542,1531329822533,1197804,0.00009628,4.00000000,1
1531329908699,1531329908690,1197805,0.00009637,64.00000000,1
1531329950056,1531329950049,1197806,0.00009637,14.00000000,1
1531330050945,1531330050937,1197807,0.00009637,6.00000000,0
1531330057170,1531330057162,1197808,0.00009637,11.00000000,1
1531330166522,1531330166513,1197809,0.00009623,52.00000000,1
1531330600369,1531330600361,1197810,0.00009623,8.00000000,1
1531330643187,1531330643178,1197811,0.00009623,194.00000000,1
1531330643187,1531330643178,1197812,0.00009622,305.00000000,1
1531330890655,1531330890646,1197813,0.00009671,6.00000000,0
1531330999262,1531330999253,1197814,0.00009675,19.00000000,0
1531331050498,1531331050489,1197815,0.00009622,1.00000000,1
1531331146459,1531331146449,1197816,0.00009622,1.00000000,1
1531331280685,1531331280682,1197817,0.00009622,288.00000000,1
1531331429387,1531331429377,1197818,0.00009623,24.00000000,1
1531331563074,1531331563072,1197819,0.00009672,34.00000000,0
1531331563074,1531331563072,1197820,0.00009673,18.00000000,0
1531331585354,1531331585343,1197821,0.00009624,24.00000000,1
1531332250339,1531332250331,1197822,0.00009625,663.00000000,1
1531332251074,1531332251065,1197823,0.00009625,538.00000000,1
1531332251074,1531332251065,1197824,0.00009624,272.00000000,1
1531332251074,1531332251065,1197825,0.00009622,1039.00000000,1
1531332251074,1531332251065,1197826,0.00009620,78.00000000,1
1531332251074,1531332251065,1197827,0.00009597,150.00000000,1
1531332251074,1531332251065,1197828,0.00009590,103.00000000,1
1531332253117,1531332253109,1197829,0.00009596,2180.00000000,1
1531332254560,1531332254552,1197830,0.00009596,35.00000000,1
1531332254560,1531332254552,1197831,0.00009589,2145.00000000,1
1531332256992,1531332256982,1197832,0.00009589,914.00000000,1
1531332315065,1531332315059,1197833,0.00009589,1000.00000000,1
1531332417368,1531332417369,1197834,0.00009589,284.00000000,1
1531332420646,1531332420640,1197835,0.00009589,285.00000000,1
1531332730718,1531332730713,1197836,0.00009589,14.00000000,1
1531332731033,1531332731029,1197837,0.00009589,15.00000000,0
1531332733619,1531332733622,1197838,0.00009582,44.00000000,1
1531332734173,1531332734166,1197839,0.00009582,112.00000000,0
1531332755718,1531332755710,1197840,0.00009560,11.00000000,1
1531332805705,1531332805699,1197841,0.00009560,305.00000000,1
1531332952833,1531332952827,1197842,0.00009570,124.00000000,1
1531332954300,1531332954294,1197843,0.00009560,1655.00000000,1
1531332954692,1531332954683,1197844,0.00009560,121.00000000,1
1531332954692,1531332954683,1197845,0.00009535,66.00000000,1
1531332954692,1531332954683,1197846,0.00009512,68.00000000,1
1531332954692,1531332954683,1197847,0.00009486,7.00000000,1
1531332955076,1531332955068,1197848,0.00009489,52.00000000,1
1531332955119,1531332955112,1197849,0.00009488,370.00000000,1
1531332955129,1531332955122,1197850,0.00009486,66.00000000,1
1531332959727,1531332959719,1197851,0.00009489,31.00000000,1
1531332960366,1531332960359,1197852,0.00009489,164.00000000,1
1531332960677,1531332960680,1197853,0.00009489,13.00000000,1
1531332960677,1531332960680,1197854,0.00009478,159.00000000,1
1531332960682,1531332960680,1197855,0.00009478,896.00000000,1
1531332960682,1531332960680,1197856,0.00009474,34.00000000,1
1531332960682,1531332960680,1197857,0.00009471,40.00000000,1
1531332960704,1531332960705,1197858,0.00009471,233.00000000,1
1531332961499,1531332961491,1197859,0.00009472,2.00000000,1
1531332961744,1531332961738,1197860,0.00009472,2.00000000,1
1531332962530,1531332962518,1197861,0.00009472,7.00000000,1
1531332963331,1531332963325,1197862,0.00009472,70.00000000,1
1531332963331,1531332963325,1197863,0.00009471,160.00000000,1
1531332963922,1531332963915,1197864,0.00009471,87.00000000,1
1531332965111,1531332965103,1197865,0.00009471,106.00000000,1
1531332966128,1531332966121,1197866,0.00009471,96.00000000,1
1531332966705,1531332966703,1197867,0.00009471,165.00000000,1
1531332966830,1531332966822,1197868,0.00009471,367.00000000,1
1531332966854,1531332966847,1197869,0.00009471,234.00000000,1
1531332967004,1531332966997,1197870,0.00009471,209.00000000,1
1531332967007,1531332967008,1197871,0.00009471,209.00000000,1
1531332967066,1531332967058,1197872,0.00009495,20.00000000,0
1531332967066,1531332967058,1197873,0.00009505,42.00000000,0
1531332967758,1531332967721,1197874,0.00009471,2.00000000,1
1531332968838,1531332968832,1197875,0.00009471,1038.00000000,1
1531332972810,1531332972803,1197876,0.00009471,2.00000000,1
1531332976553,1531332976556,1197877,0.00009471,2.00000000,1
1531332977338,1531332977329,1197878,0.00009471,11.00000000,1
1531332985604,1531332985597,1197879,0.00009471,367.00000000,1
1531332985608,1531332985599,1197880,0.00009471,623.00000000,1
1531332985938,1531332985930,1197881,0.00009471,2.00000000,1
1531332986428,1531332986421,1197882,0.00009471,58.00000000,1
1531332986428,1531332986421,1197883,0.00009469,39.00000000,1
1531332991028,1531332991021,1197884,0.00009469,2.00000000,1
1531332992869,1531332992866,1197885,0.00009469,294.00000000,1
1531332994984,1531332994978,1197886,0.00009469,1303.00000000,1
1531332994993,1531332994985,1197887,0.00009469,367.00000000,1
1531332998587,1531332998580,1197888,0.00009469,367.00000000,1
1531332999296,1531332999288,1197889,0.00009469,42.00000000,1
1531332999337,1531332999329,1197890,0.00009464,93.00000000,1
1531332999361,1531332999364,1197891,0.00009450,11.00000000,1
1531332999361,1531332999364,1197892,0.00009441,13.00000000,1
1531332999361,1531332999364,1197893,0.00009432,15.00000000,1
1531333001748,1531333001738,1197894,0.00009490,1.00000000,0
1531333001963,1531333001955,1197895,0.00009467,2.00000000,1
1531333003442,1531333003436,1197896,0.00009467,19.00000000,1
1531333014145,1531333014143,1197897,0.00009467,1.00000000,1
1531333014145,1531333014143,1197898,0.00009436,23.00000000,1
1531333014145,1531333014143,1197899,0.00009432,16.00000000,1
1531333015292,1531333015285,1197900,0.00009432,2.00000000,1
1531333016495,1531333016488,1197901,0.00009434,23.00000000,1
1531333016495,1531333016488,1197902,0.00009432,6.00000000,1
1531333016496,1531333016488,1197903,0.00009425,44.00000000,1
1531333016496,1531333016488,1197904,0.00009423,9.00000000,1
1531333024105,1531333024097,1197905,0.00009423,12.00000000,1
1531333024336,1531333024331,1197906,0.00009423,2.00000000,1
1531333027192,1531333027185,1197907,0.00009423,2.00000000,1
1531333029226,1531333029219,1197908,0.00009435,2.00000000,1
1531333029644,1531333029637,1197909,0.00009435,64.00000000,1
1531333029644,1531333029637,1197910,0.00009424,126.00000000,1
1531333031619,1531333031612,1197911,0.00009424,2.00000000,1
1531333031707,1531333031700,1197912,0.00009461,8.00000000,0
1531333032930,1531333032922,1197913,0.00009424,101.00000000,1
1531333033610,1531333033604,1197914,0.00009424,2.00000000,1
1531333037266,1531333037258,1197915,0.00009424,131.00000000,1
1531333037438,1531333037441,1197916,0.00009424,2.00000000,1
1531333037556,1531333037548,1197917,0.00009424,11.00000000,1
1531333037680,1531333037673,1197918,0.00009424,100.00000000,1
1531333038535,1531333038525,1197919,0.00009424,125.00000000,1
1531333038535,1531333038525,1197920,0.00009423,362.00000000,1
1531333038915,1531333038906,1197921,0.00009423,286.00000000,1
1531333040320,1531333040315,1197922,0.00009423,29.00000000,1
1531333040634,1531333040627,1197923,0.00009423,2.00000000,1
1531333040990,1531333040988,1197924,0.00009423,76.00000000,1
1531333043189,1531333043180,1197925,0.00009423,2.00000000,1
1531333044128,1531333044120,1197926,0.00009423,2.00000000,1
1531333044707,1531333044708,1197927,0.00009423,300.00000000,1
1531333045950,1531333045945,1197928,0.00009423,102.00000000,1
1531333048778,1531333048771,1197929,0.00009423,34.00000000,1
1531333049559,1531333049551,1197930,0.00009423,2.00000000,1
1531333053373,1531333053364,1197931,0.00009448,594.00000000,1
1531333055137,1531333055130,1197932,0.00009423,72.00000000,1
1531333057632,1531333057624,1197933,0.00009423,145.00000000,1
1531333061011,1531333061004,1197934,0.00009423,74.00000000,1
1531333066262,1531333066255,1197935,0.00009424,13.00000000,1
1531333066262,1531333066255,1197936,0.00009423,24.00000000,1
1531333068886,1531333068880,1197937,0.00009423,19.00000000,1
1531333072364,1531333072357,1197938,0.00009423,20.00000000,1
1531333072388,1531333072381,1197939,0.00009423,126.00000000,1
1531333074904,1531333074895,1197940,0.00009423,84.00000000,1
1531333078431,1531333078424,1197941,0.00009423,139.00000000,1
1531333081810,1531333081803,1197942,0.00009423,71.00000000,1
1531333081816,1531333081809,1197943,0.00009423,72.00000000,1
1531333082595,1531333082586,1197944,0.00009423,144.00000000,1
1531333090777,1531333090771,1197945,0.00009423,36.00000000,1
1531333094551,1531333094551,1197946,0.00009423,180.00000000,1
1531333097652,1531333097650,1197947,0.00009423,187.00000000,1
1531333102150,1531333102145,1197948,0.00009423,300.00000000,1
1531333103058,1531333103050,1197949,0.00009423,906.00000000,1
1531333105301,1531333105294,1197950,0.00009404,31.00000000,1
1531333120245,1531333120237,1197951,0.00009404,2.00000000,1
1531333120470,1531333120462,1197952,0.00009404,10.00000000,1
1531333120470,1531333120462,1197953,0.00009400,85.00000000,1
1531333122805,1531333122796,1197954,0.00009400,2.00000000,1
1531333127883,1531333127878,1197955,0.00009400,12.00000000,1
1531333127883,1531333127878,1197956,0.00009395,65.00000000,1
1531333127883,1531333127878,1197957,0.00009392,16.00000000,1
1531333128543,1531333128535,1197958,0.00009392,2.00000000,1
1531333134086,1531333134078,1197959,0.00009392,2.00000000,1
1531333143077,1531333143070,1197960,0.00009392,2.00000000,1
1531333145173,1531333145165,1197961,0.00009392,24.00000000,1
1531333145173,1531333145165,1197962,0.00009388,11.00000000,1
1531333145173,1531333145165,1197963,0.00009360,60.00000000,1
1531333145865,1531333145857,1197964,0.00009391,58.00000000,0
1531333146144,1531333146137,1197965,0.00009391,8.00000000,0
1531333146465,1531333146468,1197966,0.00009409,26.00000000,0
1531333146951,1531333146942,1197967,0.00009409,1.00000000,1
1531333147200,1531333147204,1197968,0.00009409,132.00000000,1
1531333149028,1531333149020,1197969,0.00009391,2.00000000,1
1531333149687,1531333149679,1197970,0.00009416,60.00000000,0
1531333149687,1531333149679,1197971,0.00009430,32.00000000,0
1531333152300,1531333152292,1197972,0.00009425,31.00000000,0
1531333155672,1531333155672,1197973,0.00009396,106.00000000,0
1531333164977,1531333164974,1197974,0.00009396,32.00000000,0
1531333165767,1531333165758,1197975,0.00009391,20.00000000,1
1531333166069,1531333166062,1197976,0.00009391,26.00000000,0
1531333182147,1531333182139,1197977,0.00009376,101.00000000,1
1531333188246,1531333188239,1197978,0.00009376,2.00000000,1
1531333197826,1531333197822,1197979,0.00009376,11.00000000,1
1531333199284,1531333199274,1197980,0.00009376,103.00000000,1
1531333219600,1531333219593,1197981,0.00009379,2.00000000,1
1531333220223,1531333220223,1197982,0.00009396,13.00000000,0
1531333229101,1531333229092,1197983,0.00009396,62.00000000,0
1531333231915,1531333231910,1197984,0.00009420,15.00000000,0
1531333232004,1531333231999,1197985,0.00009420,6.00000000,0
1531333232173,1531333232164,1197986,0.00009420,15.00000000,0
1531333235781,1531333235773,1197987,0.00009420,15.00000000,0
1531333237403,1531333237396,1197988,0.00009420,19.00000000,0
1531333241592,1531333241586,1197989,0.00009420,21.00000000,0
1531333242575,1531333242565,1197990,0.00009420,228.00000000,0
1531333242575,1531333242565,1197991,0.00009426,68.00000000,0
1531333242575,1531333242565,1197992,0.00009430,183.00000000,0
1531333242575,1531333242565,1197993,0.00009438,13.00000000,0
1531333242575,1531333242565,1197994,0.00009451,8.00000000,0
1531333247390,1531333247382,1197995,0.00009448,17.00000000,0
1531333264066,1531333264059,1197996,0.00009448,65.00000000,0
1531333274470,1531333274464,1197997,0.00009447,21.00000000,0
1531333299130,1531333299121,1197998,0.00009419,11.00000000,1
1531333313549,1531333313542,1197999,0.00009438,15.00000000,0
1531333316285,1531333316279,1198000,0.00009433,254.00000000,0
1531333318276,1531333318270,1198001,0.00009432,264.00000000,0
1531333318399,1531333318393,1198002,0.00009444,17.00000000,0
1531333381050,1531333381043,1198003,0.00009450,11.00000000,0
1531333400189,1531333400193,1198004,0.00009450,3.00000000,1
1531333400189,1531333400193,1198005,0.00009396,3.00000000,1
1531333405257,1531333405249,1198006,0.00009396,2.00000000,1
1531333494290,1531333494282,1198007,0.00009400,370.00000000,1
1531333497547,1531333497540,1198008,0.00009396,2.00000000,1
1531333502820,1531333502812,1198009,0.00009400,2.00000000,1
1531333578142,1531333578133,1198010,0.00009421,381.00000000,0
1531333580135,1531333580130,1198011,0.00009421,208.00000000,0
1531333581138,1531333581129,1198012,0.00009420,500.00000000,0
1531333585344,1531333585337,1198013,0.00009400,2.00000000,1
1531333647529,1531333647521,1198014,0.00009440,22.00000000,1
1531333666380,1531333666375,1198015,0.00009401,2.00000000,1
1531333703270,1531333703263,1198016,0.00009407,22.00000000,1
1531333703270,1531333703263,1198017,0.00009400,188.00000000,1
1531333703270,1531333703263,1198018,0.00009399,111.00000000,1
1531333706224,1531333706217,1198019,0.00009400,62.00000000,1
1531333707032,1531333707026,1198020,0.00009400,1.00000000,1
1531333707066,1531333707057,1198021,0.00009400,988.00000000,1
1531333707066,1531333707057,1198022,0.00009399,1.00000000,1
1531333708835,1531333708827,1198023,0.00009399,244.00000000,1
1531333719602,1531333719595,1198024,0.00009399,232.00000000,1
1531333726033,1531333726037,1198025,0.00009399,38.00000000,1
1531333735595,1531333735589,1198026,0.00009399,202.00000000,1
1531333770604,1531333770595,1198027,0.00009399,282.00000000,1
1531333770604,1531333770595,1198028,0.00009396,12.00000000,1
1531333770604,1531333770595,1198029,0.00009379,68.00000000,1
1531333770604,1531333770595,1198030,0.00009368,27.00000000,1
1531333770604,1531333770595,1198031,0.00009356,611.00000000,1
1531333777726,1531333777721,1198032,0.00009368,2.00000000,1
1531333790160,1531333790153,1198033,0.00009388,65.00000000,0
1531333859267,1531333859260,1198034,0.00009434,106.00000000,0
1531333870070,1531333870063,1198035,0.00009388,11.00000000,1
1531333870070,1531333870063,1198036,0.00009356,988.00000000,1
1531333870750,1531333870743,1198037,0.00009434,1.00000000,0
1531333884453,1531333884444,1198038,0.00009432,2.00000000,0
1531333905450,1531333905442,1198039,0.00009364,27.00000000,1
1531333905450,1531333905442,1198040,0.00009363,15.00000000,1
1531333905450,1531333905442,1198041,0.00009356,108.00000000,1
1531333910398,1531333910403,1198042,0.00009356,2.00000000,1
1531333914620,1531333914615,1198043,0.00009356,2.00000000,1
1531333941932,1531333941923,1198044,0.00009356,98.00000000,1
1531333947729,1531333947696,1198045,0.00009356,215.00000000,1
1531333967522,1531333967513,1198046,0.00009356,159.00000000,1
1531334008885,1531334008878,1198047,0.00009356,32.00000000,1
1531334085175,1531334085167,1198048,0.00009356,94.00000000,1
1531334091918,1531334091911,1198049,0.00009391,944.00000000,0
1531334091918,1531334091911,1198050,0.00009393,84.00000000,0
1531334092201,1531334092194,1198051,0.00009403,68.00000000,0
1531334094205,1531334094198,1198052,0.00009411,27.00000000,0
1531334109206,1531334109198,1198053,0.00009411,14.00000000,0
1531334117654,1531334117646,1198054,0.00009427,55.00000000,1
1531334121545,1531334121536,1198055,0.00009401,106.00000000,1
1531334239684,1531334239689,1198056,0.00009357,133.00000000,1
1531334239684,1531334239689,1198057,0.00009356,237.00000000,1
1531334239694,1531334239691,1198058,0.00009356,234.00000000,1
1531334242923,1531334242916,1198059,0.00009357,2.00000000,1
1531334248148,1531334248141,1198060,0.00009357,2.00000000,1
1531334248181,1531334248186,1198061,0.00009357,296.00000000,1
1531334248181,1531334248186,1198062,0.00009356,72.00000000,1
1531334249383,1531334249375,1198063,0.00009356,42.00000000,1
1531334270041,1531334270033,1198064,0.00009356,11.00000000,1
1531334286264,1531334286256,1198065,0.00009356,67.00000000,1
1531334304232,1531334304226,1198066,0.00009355,370.00000000,1
1531334304348,1531334304352,1198067,0.00009355,96.00000000,1
1531334312228,1531334312222,1198068,0.00009356,67.00000000,1
1531334320535,1531334320528,1198069,0.00009356,1.00000000,1
1531334320535,1531334320528,1198070,0.00009355,369.00000000,1
1531334342325,1531334342323,1198071,0.00009350,44.00000000,1
1531334383570,1531334383564,1198072,0.00009350,3.00000000,1
1531334408527,1531334408520,1198073,0.00009351,2.00000000,1
1531334413161,1531334413154,1198074,0.00009410,15.00000000,0
1531334415756,1531334415748,1198075,0.00009410,12.00000000,0
1531334415785,1531334415785,1198076,0.00009410,31.00000000,1
1531334415788,1531334415786,1198077,0.00009351,31.00000000,1
1531334415838,1531334415831,1198078,0.00009410,106.00000000,1
1531334416371,1531334416363,1198079,0.00009411,68.00000000,0
1531334416371,1531334416363,1198080,0.00009414,250.00000000,0
1531334436582,1531334436574,1198081,0.00009352,68.00000000,1
1531334436582,1531334436574,1198082,0.00009351,302.00000000,1
1531334456488,1531334456483,1198083,0.00009352,196.00000000,1
1531334456488,1531334456483,1198084,0.00009351,37.00000000,1
1531334464665,1531334464656,1198085,0.00009351,370.00000000,1
1531334464691,1531334464683,1198086,0.00009351,566.00000000,1
1531334473455,1531334473448,1198087,0.00009352,37.00000000,1
1531334473455,1531334473448,1198088,0.00009351,333.00000000,1
1531334486475,1531334486467,1198089,0.00009412,54.00000000,0
1531334486506,1531334486498,1198090,0.00009412,41.00000000,1
1531334486585,1531334486579,1198091,0.00009353,8.00000000,1
1531334494712,1531334494712,1198092,0.00009351,53.00000000,1
1531334495852,1531334495844,1198093,0.00009351,310.00000000,1
1531334515772,1531334515764,1198094,0.00009352,60.00000000,1
1531334515772,1531334515764,1198095,0.00009350,310.00000000,1
1531334571850,1531334571842,1198096,0.00009351,27.00000000,1
1531334571850,1531334571842,1198097,0.00009350,136.00000000,1
1531334688401,1531334688394,1198098,0.00009392,53.00000000,1
1531334718360,1531334718352,1198099,0.00009391,4.00000000,0
1531334743162,1531334743154,1198100,0.00009391,2.00000000,0
1531334754235,1531334754231,1198101,0.00009391,1.00000000,0
1531334776308,1531334776310,1198102,0.00009350,470.00000000,1
1531334794584,1531334794576,1198103,0.00009391,53.00000000,0
1531334794612,1531334794609,1198104,0.00009392,41.00000000,0
1531334794672,1531334794664,1198105,0.00009392,2.00000000,0
1531334794672,1531334794664,1198106,0.00009394,85.00000000,0
1531334794691,1531334794681,1198107,0.00009394,59.00000000,0
1531334794719,1531334794711,1198108,0.00009394,87.00000000,0
1531334881122,1531334881112,1198109,0.00009351,36.00000000,1
1531334926667,1531334926657,1198110,0.00009351,54.00000000,1
1531335024928,1531335024926,1198111,0.00009351,2.00000000,1
1531335060351,1531335060341,1198112,0.00009400,27.00000000,0
1531335061029,1531335061020,1198113,0.00009400,3.00000000,1
1531335132527,1531335132519,1198114,0.00009392,2.00000000,0
1531335135546,1531335135549,1198115,0.00009351,52.00000000,1
1531335155224,1531335155215,1198116,0.00009351,17.00000000,1
1531335167158,1531335167154,1198117,0.00009351,32.00000000,1
1531335183537,1531335183532,1198118,0.00009351,289.00000000,1
1531335183537,1531335183532,1198119,0.00009350,49.00000000,1
1531335194921,1531335194913,1198120,0.00009350,11.00000000,1
1531335201894,1531335201885,1198121,0.00009350,116.00000000,1
1531335228490,1531335228490,1198122,0.00009350,254.00000000,1
1531335242416,1531335242407,1198123,0.00009350,24.00000000,1
1531335244663,1531335244655,1198124,0.00009350,23.00000000,1
1531335245546,1531335245548,1198125,0.00009350,159.00000000,1
1531335246947,1531335246943,1198126,0.00009350,30.00000000,1
1531335247885,1531335247877,1198127,0.00009350,33.00000000,1
1531335248805,1531335248799,1198128,0.00009350,39.00000000,1
1531335249813,1531335249804,1198129,0.00009350,41.00000000,1
1531335251803,1531335251796,1198130,0.00009350,83.00000000,1
1531335256232,1531335256225,1198131,0.00009350,36.00000000,1
1531335278122,1531335278113,1198132,0.00009350,2.00000000,1
1531335280311,1531335280301,1198133,0.00009350,276.00000000,1
1531335280561,1531335280556,1198134,0.00009336,2.00000000,1
1531335311303,1531335311295,1198135,0.00009336,22.00000000,1
1531335320222,1531335320219,1198136,0.00009336,212.00000000,1
1531335333039,1531335333036,1198137,0.00009336,169.00000000,1
1531335333112,1531335333106,1198138,0.00009331,36.00000000,1
1531335335060,1531335335052,1198139,0.00009323,2.00000000,1
1531335339294,1531335339285,1198140,0.00009328,52.00000000,0
1531335339294,1531335339285,1198141,0.00009329,147.00000000,0
1531335347937,1531335347929,1198142,0.00009335,35.00000000,1
1531335360802,1531335360793,1198143,0.00009335,112.00000000,1
1531335380390,1531335380382,1198144,0.00009347,56.00000000,0
1531335380390,1531335380382,1198145,0.00009366,51.00000000,0
1531335380490,1531335380482,1198146,0.00009335,258.00000000,1
1531335389089,1531335389079,1198147,0.00009366,33.00000000,0
1531335390937,1531335390928,1198148,0.00009335,571.00000000,1
1531335390946,1531335390948,1198149,0.00009335,163.00000000,1
1531335390946,1531335390948,1198150,0.00009323,16.00000000,1
1531335390946,1531335390948,1198151,0.00009320,33.00000000,1
1531335390946,1531335390948,1198152,0.00009314,11.00000000,1
1531335390946,1531335390948,1198153,0.00009306,11.00000000,1
1531335390946,1531335390948,1198154,0.00009303,43.00000000,1
1531335390946,1531335390948,1198155,0.00009300,93.00000000,1
1531335390951,1531335390952,1198156,0.00009300,571.00000000,1
1531335392216,1531335392208,1198157,0.00009335,15.00000000,0
1531335392248,1531335392240,1198158,0.00009335,2.00000000,0
1531335395085,1531335395077,1198159,0.00009300,2.00000000,1
1531335396947,1531335396939,1198160,0.00009300,28.00000000,1
1531335400509,1531335400497,1198161,0.00009300,213.00000000,1
1531335412046,1531335412035,1198162,0.00009300,131.00000000,1
1531335412046,1531335412035,1198163,0.00009299,376.00000000,1
1531335412046,1531335412035,1198164,0.00009289,43.00000000,1
1531335412046,1531335412035,1198165,0.00009266,11.00000000,1
1531335412046,1531335412035,1198166,0.00009263,41.00000000,1
1531335412046,1531335412035,1198167,0.00009258,342.00000000,1
1531335417983,1531335417974,1198168,0.00009304,8.00000000,0
1531335418024,1531335418015,1198169,0.00009259,2.00000000,1
1531335421466,1531335421456,1198170,0.00009259,74.00000000,1
1531335421466,1531335421456,1198171,0.00009254,11.00000000,1
1531335421466,1531335421456,1198172,0.00009252,11.00000000,1
1531335432482,1531335432472,1198173,0.00009273,38.00000000,0
1531335432482,1531335432472,1198174,0.00009274,15.00000000,0
1531335433892,1531335433885,1198175,0.00009252,97.00000000,1
1531335435255,1531335435247,1198176,0.00009259,30.00000000,0
1531335435322,1531335435315,1198177,0.00009259,21.00000000,0
1531335436216,1531335436216,1198178,0.00009237,97.00000000,1
1531335436717,1531335436707,1198179,0.00009274,23.00000000,0
1531335436717,1531335436707,1198180,0.00009275,23.00000000,0
1531335437832,1531335437822,1198181,0.00009237,2.00000000,1
1531335451001,1531335450991,1198182,0.00009275,25.00000000,0
1531335454739,1531335454733,1198183,0.00009237,46.00000000,1
1531335457245,1531335457236,1198184,0.00009237,28.00000000,1
1531335462438,1531335462436,1198185,0.00009237,11.00000000,1
1531335463493,1531335463488,1198186,0.00009237,11.00000000,1
1531335464069,1531335464061,1198187,0.00009237,95.00000000,1
1531335478080,1531335478072,1198188,0.00009238,2.00000000,1
1531335480130,1531335480123,1198189,0.00009238,286.00000000,1
1531335484315,1531335484305,1198190,0.00009238,2.00000000,1
1531335490450,1531335490441,1198191,0.00009238,2.00000000,1
1531335491586,1531335491577,1198192,0.00009246,291.00000000,0
1531335491980,1531335491979,1198193,0.00009238,2.00000000,1
1531335493437,1531335493428,1198194,0.00009265,11.00000000,0
1531335498341,1531335498334,1198195,0.00009274,226.00000000,0
1531335499340,1531335499335,1198196,0.00009275,78.00000000,0
1531335500057,1531335500047,1198197,0.00009266,195.00000000,1
1531335500057,1531335500047,1198198,0.00009265,20.00000000,1
1531335500057,1531335500047,1198199,0.00009237,685.00000000,1
1531335510450,1531335510440,1198200,0.00009238,2.00000000,1
1531335514032,1531335514023,1198201,0.00009238,16.00000000,1
1531335514032,1531335514023,1198202,0.00009237,226.00000000,1
1531335514032,1531335514023,1198203,0.00009236,98.00000000,1
1531335530501,1531335530503,1198204,0.00009236,102.00000000,1
1531335531396,1531335531388,1198205,0.00009236,2.00000000,1
1531335549348,1531335549342,1198206,0.00009236,16.00000000,1
1531335562057,1531335562048,1198207,0.00009273,18.00000000,0
1531335562057,1531335562048,1198208,0.00009277,173.00000000,0
1531335602409,1531335602403,1198209,0.00009274,12.00000000,0
1531335602707,1531335602698,1198210,0.00009274,100.00000000,0
1531335604363,1531335604357,1198211,0.00009274,61.00000000,0
1531335606498,1531335606492,1198212,0.00009274,98.00000000,0
1531335607052,1531335607044,1198213,0.00009245,16.00000000,1
