event_time,trade_time,trade_id,price,quantity,maker
1531210373104,1531210373098,5005392,0.00000334,8977.00000000,0
1531210373221,1531210373217,5005393,0.00000334,11884.00000000,0
1531210401966,1531210401963,5005394,0.00000333,3.00000000,1
1531210432145,1531210432141,5005395,0.00000334,4.00000000,0
1531210463537,1531210463533,5005396,0.00000334,5600.00000000,0
1531210472469,1531210472463,5005397,0.00000334,1602.00000000,0
1531210476709,1531210476705,5005398,0.00000334,2395.00000000,0
1531210488780,1531210488780,5005399,0.00000334,2395.00000000,0
1531210489698,1531210489693,5005400,0.00000334,410.00000000,0
1531210553589,1531210553585,5005401,0.00000333,26064.00000000,1
1531210553621,1531210553618,5005402,0.00000333,2413.00000000,1
1531210566591,1531210566590,5005403,0.00000333,5177.00000000,1
1531210570088,1531210570084,5005404,0.00000333,157.00000000,1
1531210576505,1531210576502,5005405,0.00000333,37.00000000,1
1531210584135,1531210584130,5005406,0.00000333,3639.00000000,1
1531210586197,1531210586192,5005407,0.00000333,4224.00000000,1
1531210588221,1531210588221,5005408,0.00000333,2606.00000000,1
1531210603804,1531210603800,5005409,0.00000333,1767.00000000,0
1531210617746,1531210617742,5005410,0.00000332,4391.00000000,1
1531210627478,1531210627474,5005411,0.00000332,3271.00000000,1
1531210628877,1531210628871,5005412,0.00000332,3650.00000000,1
1531210633168,1531210633164,5005413,0.00000332,500.00000000,1
1531210634385,1531210634381,5005414,0.00000332,30203.00000000,1
1531210637090,1531210637086,5005415,0.00000332,3651.00000000,1
1531210640236,1531210640232,5005416,0.00000332,3652.00000000,1
1531210641141,1531210641136,5005417,0.00000332,9036.00000000,1
1531210643241,1531210643237,5005418,0.00000332,10958.00000000,1
1531210646088,1531210646084,5005419,0.00000332,10958.00000000,1
1531210646386,1531210646381,5005420,0.00000332,3012.00000000,1
1531210650538,1531210650534,5005421,0.00000332,5025.00000000,1
1531210656995,1531210656991,5005422,0.00000331,5843.00000000,1
1531210673241,1531210673235,5005423,0.00000331,1519.00000000,1
1531210674465,1531210674459,5005424,0.00000331,1533.00000000,1
1531210692466,1531210692461,5005425,0.00000331,64.00000000,1
1531210703534,1531210703529,5005426,0.00000331,5663.00000000,1
1531210720084,1531210720079,5005427,0.00000330,307.00000000,1
1531210720392,1531210720388,5005428,0.00000330,178.00000000,1
1531210734520,1531210734513,5005429,0.00000331,1511.00000000,0
1531210744072,1531210744068,5005430,0.00000332,3012.00000000,0
1531210744086,1531210744081,5005431,0.00000332,3012.00000000,0
1531210744091,1531210744087,5005432,0.00000332,3012.00000000,0
1531210763167,1531210763162,5005433,0.00000332,5634.00000000,0
1531210770608,1531210770604,5005434,0.00000332,329.00000000,0
1531210813488,1531210813485,5005435,0.00000330,80.00000000,1
1531210823547,1531210823543,5005436,0.00000332,5634.00000000,1
1531210895688,1531210895685,5005437,0.00000331,11289.00000000,0
1531210902169,1531210902164,5005438,0.00000331,3021.00000000,0
1531210905536,1531210905531,5005439,0.00000331,3166.00000000,0
1531210906553,1531210906548,5005440,0.00000331,3098.00000000,0
1531210942047,1531210942045,5005441,0.00000332,5000.00000000,0
1531210988877,1531210988872,5005442,0.00000331,9.00000000,1
1531211033101,1531211033097,5005443,0.00000331,3667.00000000,1
1531211048230,1531211048226,5005444,0.00000331,3024.00000000,1
1531211060607,1531211060602,5005445,0.00000331,3029.00000000,1
1531211064005,1531211064001,5005446,0.00000331,596.00000000,1
1531211092344,1531211092339,5005447,0.00000331,11003.00000000,1
1531211092441,1531211092437,5005448,0.00000331,11003.00000000,1
1531211093253,1531211093249,5005449,0.00000331,9063.00000000,1
1531211093542,1531211093538,5005450,0.00000331,13530.00000000,1
1531211099836,1531211099831,5005451,0.00000331,849.00000000,0
1531211102250,1531211102246,5005452,0.00000331,3289.00000000,0
1531211102856,1531211102851,5005453,0.00000331,2.00000000,0
1531211117446,1531211117441,5005454,0.00000330,3034.00000000,1
1531211122451,1531211122447,5005455,0.00000330,3034.00000000,1
1531211124540,1531211124536,5005456,0.00000330,27273.00000000,1
1531211124671,1531211124667,5005457,0.00000330,26022.00000000,1
1531211126616,1531211126612,5005458,0.00000330,9091.00000000,1
1531211127434,1531211127429,5005459,0.00000330,3034.00000000,1
1531211128614,1531211128609,5005460,0.00000330,9091.00000000,1
1531211129545,1531211129539,5005461,0.00000330,10836.00000000,1
1531211130288,1531211130284,5005462,0.00000329,1815.00000000,1
1531211146667,1531211146663,5005463,0.00000329,6338.00000000,1
1531211274827,1531211274822,5005464,0.00000330,3972.00000000,0
1531211276321,1531211276316,5005465,0.00000330,2986.00000000,1
1531211353984,1531211353980,5005466,0.00000330,43843.00000000,1
1531211361587,1531211361583,5005467,0.00000330,5668.00000000,0
1531211369081,1531211369077,5005468,0.00000330,331.00000000,0
1531211395594,1531211395589,5005469,0.00000330,2417.00000000,0
1531211412615,1531211412612,5005470,0.00000330,2699.00000000,1
1531211472524,1531211472519,5005471,0.00000329,4607.00000000,1
1531211685155,1531211685152,5005472,0.00000329,607.00000000,1
1531211727152,1531211727147,5005473,0.00000330,3030.00000000,0
1531211751849,1531211751846,5005474,0.00000329,18.00000000,1
1531211762724,1531211762720,5005475,0.00000330,3030.00000000,0
1531211767025,1531211767021,5005476,0.00000329,3.00000000,1
1531211778474,1531211778469,5005477,0.00000330,9091.00000000,0
1531211781775,1531211781771,5005478,0.00000330,3670.00000000,0
1531211781787,1531211781783,5005479,0.00000330,3670.00000000,0
1531211785656,1531211785650,5005480,0.00000330,3030.00000000,0
1531211786684,1531211786679,5005481,0.00000330,6557.00000000,0
1531211879827,1531211879822,5005482,0.00000330,24.00000000,1
1531211923501,1531211923498,5005483,0.00000330,41.00000000,1
1531211940228,1531211940224,5005484,0.00000330,2000.00000000,1
1531211947868,1531211947863,5005485,0.00000330,21778.00000000,1
1531211959901,1531211959896,5005486,0.00000330,9091.00000000,0
1531211959939,1531211959935,5005487,0.00000330,19236.00000000,0
1531211960011,1531211960006,5005488,0.00000330,805.00000000,0
1531211960171,1531211960169,5005489,0.00000330,19236.00000000,0
1531211960216,1531211960211,5005490,0.00000330,3223.00000000,0
1531212032697,1531212032690,5005491,0.00000330,2900.00000000,1
1531212085685,1531212085681,5005492,0.00000330,27.00000000,0
1531212095542,1531212095537,5005493,0.00000329,3898.00000000,1
1531212352848,1531212352842,5005494,0.00000330,6060.00000000,0
1531212355318,1531212355313,5005495,0.00000330,2800.00000000,0
1531212388188,1531212388184,5005496,0.00000329,5265.00000000,1
1531212388663,1531212388657,5005497,0.00000329,16467.00000000,1
1531212444706,1531212444703,5005498,0.00000329,43.00000000,1
1531212449163,1531212449157,5005499,0.00000329,44680.00000000,1
1531212452674,1531212452671,5005500,0.00000328,52.00000000,1
1531212483150,1531212483135,5005501,0.00000328,19.00000000,1
1531212504251,1531212504248,5005502,0.00000329,1490.00000000,1
1531212504251,1531212504248,5005503,0.00000328,1124.00000000,1
1531212516411,1531212516406,5005504,0.00000328,3080.00000000,1
1531212517197,1531212517192,5005505,0.00000328,308.00000000,1
1531212517272,1531212517267,5005506,0.00000328,938905.00000000,1
1531212518423,1531212518418,5005507,0.00000328,3836.00000000,1
1531212518459,1531212518453,5005508,0.00000328,7142.00000000,0
1531212518475,1531212518472,5005509,0.00000328,11.00000000,0
1531212519472,1531212519468,5005510,0.00000329,3693.00000000,1
1531212519472,1531212519468,5005511,0.00000328,9896.00000000,1
1531212519483,1531212519478,5005512,0.00000328,3676.00000000,0
1531212519505,1531212519499,5005513,0.00000328,1773.00000000,0
1531212519600,1531212519597,5005514,0.00000327,3676.00000000,1
1531212519601,1531212519597,5005515,0.00000327,13618.00000000,1
1531212519818,1531212519814,5005516,0.00000328,5000.00000000,0
1531212519875,1531212519870,5005517,0.00000328,1087.00000000,0
1531212519875,1531212519870,5005518,0.00000329,977.00000000,0
1531212519875,1531212519870,5005519,0.00000330,915.00000000,0
1531212520738,1531212520731,5005520,0.00000328,52.00000000,1
1531212545151,1531212545147,5005521,0.00000328,4434.00000000,1
1531212545151,1531212545147,5005522,0.00000327,6216.00000000,1
1531212550374,1531212550367,5005523,0.00000327,52.00000000,1
1531212557569,1531212557566,5005524,0.00000327,927.00000000,1
1531212558045,1531212558039,5005525,0.00000327,309.00000000,1
1531212578346,1531212578342,5005526,0.00000327,927.00000000,1
1531212591168,1531212591162,5005527,0.00000329,9119.00000000,0
1531212591181,1531212591178,5005528,0.00000329,3685.00000000,0
1531212591192,1531212591187,5005529,0.00000329,9119.00000000,0
1531212592978,1531212592972,5005530,0.00000328,75427.00000000,1
1531212592978,1531212592972,5005531,0.00000327,60848.00000000,1
1531212593256,1531212593252,5005532,0.00000329,3040.00000000,0
1531212594145,1531212594139,5005533,0.00000329,3685.00000000,0
1531212597474,1531212597471,5005534,0.00000327,433.00000000,1
1531212597685,1531212597681,5005535,0.00000327,309.00000000,1
1531212598129,1531212598124,5005536,0.00000329,4395.00000000,0
1531212598220,1531212598215,5005537,0.00000329,2952.00000000,0
1531212598220,1531212598215,5005538,0.00000330,88.00000000,0
1531212598293,1531212598288,5005539,0.00000329,309.00000000,1
1531212598736,1531212598732,5005540,0.00000329,3377.00000000,1
1531212599138,1531212599134,5005541,0.00000329,3040.00000000,0
1531212602092,1531212602087,5005542,0.00000329,3040.00000000,0
1531212602113,1531212602109,5005543,0.00000329,3040.00000000,0
1531212622070,1531212622067,5005544,0.00000329,3040.00000000,0
1531212622104,1531212622102,5005545,0.00000329,3040.00000000,0
1531212622173,1531212622168,5005546,0.00000329,3040.00000000,0
1531212627761,1531212627758,5005547,0.00000329,3692.00000000,0
1531212630980,1531212630975,5005548,0.00000329,3222.00000000,0
1531212632432,1531212632428,5005549,0.00000329,3692.00000000,0
1531212636131,1531212636128,5005550,0.00000329,3691.00000000,0
1531212637234,1531212637229,5005551,0.00000329,3039.00000000,0
1531212638422,1531212638418,5005552,0.00000328,308.00000000,1
1531212640069,1531212640066,5005553,0.00000329,3689.00000000,0
1531212642555,1531212642550,5005554,0.00000329,3689.00000000,0
1531212646339,1531212646334,5005555,0.00000329,9119.00000000,0
1531212650362,1531212650358,5005556,0.00000329,9119.00000000,0
1531212662925,1531212662921,5005557,0.00000328,4.00000000,1
1531212665766,1531212665762,5005558,0.00000328,336.00000000,1
1531212693744,1531212693740,5005559,0.00000328,163033.00000000,1
1531212693776,1531212693771,5005560,0.00000328,4264.00000000,0
1531212693794,1531212693790,5005561,0.00000328,33236.00000000,0
1531212693815,1531212693811,5005562,0.00000328,23098.00000000,0
1531212693824,1531212693817,5005563,0.00000328,2013.00000000,0
1531212693831,1531212693827,5005564,0.00000328,5000.00000000,0
1531212693838,1531212693832,5005565,0.00000328,30581.00000000,0
1531212693910,1531212693905,5005566,0.00000328,17302.00000000,0
1531212693947,1531212693944,5005567,0.00000329,30487.00000000,0
1531212695623,1531212695617,5005568,0.00000329,24943.00000000,0
1531212698723,1531212698719,5005569,0.00000328,6159.00000000,1
1531212704605,1531212704602,5005570,0.00000328,2699.00000000,1
1531212770537,1531212770533,5005571,0.00000329,1749.00000000,0
1531212803155,1531212803150,5005572,0.00000329,3687.00000000,0
1531212803288,1531212803283,5005573,0.00000329,75773.00000000,0
1531212810974,1531212810970,5005574,0.00000329,3040.00000000,0
1531212812878,1531212812874,5005575,0.00000329,39460.00000000,0
1531212813820,1531212813816,5005576,0.00000329,2425.00000000,0
1531212838829,1531212838823,5005577,0.00000330,12299.00000000,0
1531212840636,1531212840630,5005578,0.00000330,3673.00000000,1
1531212840636,1531212840630,5005579,0.00000329,5327.00000000,1
1531212843072,1531212843068,5005580,0.00000330,3673.00000000,0
1531212899173,1531212899168,5005581,0.00000330,91.00000000,0
1531212919265,1531212919260,5005582,0.00000330,3980.00000000,0
1531212979625,1531212979621,5005583,0.00000331,3666.00000000,0
1531212984897,1531212984891,5005584,0.00000331,3666.00000000,0
1531213017603,1531213017600,5005585,0.00000331,305.00000000,0
1531213073944,1531213073940,5005586,0.00000330,39.00000000,1
1531213177969,1531213177965,5005587,0.00000331,25.00000000,0
1531213181373,1531213181368,5005588,0.00000330,5000.00000000,1
1531213182812,1531213182806,5005589,0.00000330,82378.00000000,1
1531213185811,1531213185808,5005590,0.00000330,69456.00000000,1
1531213194033,1531213194029,5005591,0.00000330,129957.00000000,1
1531213194064,1531213194060,5005592,0.00000330,61090.00000000,1
1531213206148,1531213206142,5005593,0.00000329,199526.00000000,1
1531213206166,1531213206161,5005594,0.00000329,64125.00000000,0
1531213206178,1531213206173,5005595,0.00000331,31359.00000000,0
1531213214177,1531213214173,5005596,0.00000331,3021.00000000,0
1531213214189,1531213214183,5005597,0.00000331,3021.00000000,0
1531213214192,1531213214190,5005598,0.00000331,3021.00000000,0
1531213240072,1531213240065,5005599,0.00000330,2395.00000000,1
1531213245831,1531213245826,5005600,0.00000330,8492.00000000,1
1531213314410,1531213314405,5005601,0.00000331,33018.00000000,0
1531213321696,1531213321691,5005602,0.00000331,3021.00000000,0
1531213356178,1531213356174,5005603,0.00000331,31.00000000,0
1531213359189,1531213359185,5005604,0.00000331,1.00000000,0
1531213392812,1531213392808,5005605,0.00000330,6278.00000000,1
1531213393235,1531213393230,5005606,0.00000331,33020.00000000,0
1531213397142,1531213397139,5005607,0.00000331,33015.00000000,0
1531213401052,1531213401048,5005608,0.00000331,3668.00000000,0
1531213404967,1531213404963,5005609,0.00000331,3668.00000000,0
1531213409610,1531213409606,5005610,0.00000330,34979.00000000,1
1531213409640,1531213409636,5005611,0.00000330,21652.00000000,0
1531213409682,1531213409677,5005612,0.00000330,3975.00000000,0
1531213423507,1531213423504,5005613,0.00000330,90909.00000000,1
1531213431569,1531213431566,5005614,0.00000331,303.00000000,0
1531213478618,1531213478614,5005615,0.00000331,8.00000000,0
1531213481632,1531213481626,5005616,0.00000331,1.00000000,0
1531213625707,1531213625703,5005617,0.00000331,173532.00000000,0
1531213677206,1531213677202,5005618,0.00000331,5000.00000000,0
1531213677925,1531213677920,5005619,0.00000331,5000.00000000,0
1531213678186,1531213678182,5005620,0.00000331,5000.00000000,0
1531213678264,1531213678259,5005621,0.00000331,27190.00000000,0
1531213679184,1531213679180,5005622,0.00000331,5000.00000000,0
1531213680043,1531213680040,5005623,0.00000331,9063.00000000,0
1531213682301,1531213682295,5005624,0.00000331,3021.00000000,0
1531213682399,1531213682394,5005625,0.00000331,3021.00000000,0
1531213712534,1531213712529,5005626,0.00000331,17.00000000,0
1531213719317,1531213719312,5005627,0.00000331,9063.00000000,0
1531213723939,1531213723935,5005628,0.00000331,9386.00000000,0
1531213724759,1531213724754,5005629,0.00000331,33024.00000000,0
1531213732201,1531213732196,5005630,0.00000331,32997.00000000,0
1531213732206,1531213732202,5005631,0.00000331,32997.00000000,0
1531213735213,1531213735207,5005632,0.00000331,32997.00000000,0
1531213740090,1531213740085,5005633,0.00000331,3021.00000000,0
1531213741084,1531213741078,5005634,0.00000331,3021.00000000,0
1531213749118,1531213749113,5005635,0.00000331,9063.00000000,0
1531213750305,1531213750300,5005636,0.00000331,10013.00000000,0
1531213753104,1531213753100,5005637,0.00000331,5019.00000000,0
1531213766308,1531213766304,5005638,0.00000331,174086.00000000,0
1531213778196,1531213778192,5005639,0.00000331,5000.00000000,0
1531213786283,1531213786280,5005640,0.00000331,12.00000000,0
1531213788992,1531213788987,5005641,0.00000331,1510.00000000,0
1531213813529,1531213813526,5005642,0.00000331,1262.00000000,0
1531213818031,1531213818027,5005643,0.00000331,15.00000000,0
1531213904164,1531213904160,5005644,0.00000331,285.00000000,0
1531213905972,1531213905968,5005645,0.00000330,21173.00000000,1
1531213906052,1531213906048,5005646,0.00000330,9091.00000000,0
1531213906108,1531213906103,5005647,0.00000330,9091.00000000,0
1531213907190,1531213907185,5005648,0.00000330,3030.00000000,0
1531213907330,1531213907327,5005649,0.00000330,1073.00000000,0
1531213908224,1531213908222,5005650,0.00000330,3030.00000000,0
1531213908227,1531213908224,5005651,0.00000330,3681.00000000,0
1531213910158,1531213910154,5005652,0.00000330,3030.00000000,0
1531213910397,1531213910392,5005653,0.00000330,3030.00000000,0
1531213910439,1531213910435,5005654,0.00000330,1074.00000000,0
1531213917329,1531213917325,5005655,0.00000330,1517.00000000,0
1531213918324,1531213918318,5005656,0.00000330,3417.00000000,0
1531213933577,1531213933573,5005657,0.00000329,410.00000000,1
1531213953140,1531213953137,5005658,0.00000331,3670.00000000,0
1531213953145,1531213953141,5005659,0.00000331,3670.00000000,0
1531213960089,1531213960085,5005660,0.00000331,3674.00000000,0
1531213962829,1531213962825,5005661,0.00000331,11020.00000000,0
1531213973663,1531213973658,5005662,0.00000331,33085.00000000,0
1531213978224,1531213978218,5005663,0.00000331,3676.00000000,0
1531213984784,1531213984780,5005664,0.00000331,24868.00000000,0
1531213989411,1531213989406,5005665,0.00000331,3677.00000000,0
1531214018078,1531214018073,5005666,0.00000330,5071.00000000,1
1531214018273,1531214018269,5005667,0.00000330,11048.00000000,0
1531214018288,1531214018284,5005668,0.00000330,11048.00000000,0
1531214018304,1531214018302,5005669,0.00000330,9091.00000000,0
1531214018941,1531214018935,5005670,0.00000330,5000.00000000,0
1531214019144,1531214019140,5005671,0.00000330,5000.00000000,0
1531214023197,1531214023192,5005672,0.00000330,2673.00000000,0
1531214073030,1531214073027,5005673,0.00000330,5037.00000000,1
1531214073141,1531214073137,5005674,0.00000330,33149.00000000,0
1531214073148,1531214073145,5005675,0.00000330,33149.00000000,0
1531214073213,1531214073208,5005676,0.00000330,3030.00000000,0
1531214075175,1531214075170,5005677,0.00000330,3030.00000000,0
1531214075309,1531214075306,5005678,0.00000330,3030.00000000,0
1531214078888,1531214078885,5005679,0.00000330,33180.00000000,0
1531214082480,1531214082477,5005680,0.00000330,11060.00000000,0
1531214086313,1531214086309,5005681,0.00000330,11060.00000000,0
1531214088184,1531214088181,5005682,0.00000330,11060.00000000,0
1531214091771,1531214091766,5005683,0.00000330,3687.00000000,0
1531214095116,1531214095092,5005684,0.00000330,3687.00000000,0
1531214098306,1531214098300,5005685,0.00000330,11060.00000000,0
1531214155873,1531214155869,5005686,0.00000330,57.00000000,0
1531214176855,1531214176852,5005687,0.00000330,4000.00000000,0
1531214184911,1531214184905,5005688,0.00000330,19.00000000,0
1531214184928,1531214184924,5005689,0.00000329,3399.00000000,1
1531214203016,1531214203012,5005690,0.00000329,27705.00000000,1
1531214204114,1531214204110,5005691,0.00000329,3044.00000000,1
1531214205841,1531214205837,5005692,0.00000329,3445.00000000,1
1531214207175,1531214207155,5005693,0.00000329,3044.00000000,1
1531214209168,1531214209163,5005694,0.00000329,27356.00000000,1
1531214209196,1531214209191,5005695,0.00000329,119611.00000000,1
1531214210209,1531214210206,5005696,0.00000328,9119.00000000,1
1531214211287,1531214211282,5005697,0.00000329,5000.00000000,0
1531214215260,1531214215256,5005698,0.00000328,3052.00000000,1
1531214216544,1531214216539,5005699,0.00000328,40281.00000000,1
1531214218239,1531214218234,5005700,0.00000328,27515.00000000,1
1531214218261,1531214218256,5005701,0.00000328,137037.00000000,1
1531214223009,1531214223005,5005702,0.00000328,4077.00000000,0
1531214229159,1531214229154,5005703,0.00000327,3058.00000000,1
1531214229169,1531214229165,5005704,0.00000327,3058.00000000,1
1531214229191,1531214229186,5005705,0.00000327,1592.00000000,1
1531214254639,1531214254633,5005706,0.00000327,309.00000000,1
1531214259836,1531214259832,5005707,0.00000328,19.00000000,0
1531214275519,1531214275515,5005708,0.00000327,927.00000000,1
1531214276897,1531214276871,5005709,0.00000327,3461.00000000,1
1531214276897,1531214276871,5005710,0.00000326,205471.00000000,1
1531214276897,1531214276871,5005711,0.00000325,538231.00000000,1
1531214276897,1531214276871,5005712,0.00000324,670436.00000000,1
1531214277190,1531214277186,5005713,0.00000326,5872.00000000,1
1531214277216,1531214277212,5005714,0.00000326,4128.00000000,0
1531214277349,1531214277346,5005715,0.00000326,656.00000000,0
1531214277594,1531214277590,5005716,0.00000326,325.00000000,0
1531214277737,1531214277734,5005717,0.00000326,3724.00000000,0
1531214277751,1531214277747,5005718,0.00000326,3724.00000000,0
1531214277771,1531214277766,5005719,0.00000326,3724.00000000,0
1531214277823,1531214277819,5005720,0.00000325,520.00000000,0
1531214277823,1531214277819,5005721,0.00000326,590.00000000,0
1531214277881,1531214277875,5005722,0.00000325,618.00000000,0
1531214277886,1531214277882,5005723,0.00000325,59.00000000,0
1531214277987,1531214277982,5005724,0.00000326,5808.00000000,0
1531214278003,1531214277998,5005725,0.00000325,618.00000000,1
1531214278019,1531214278015,5005726,0.00000325,819.00000000,0
1531214278041,1531214278035,5005727,0.00000325,1356.00000000,0
1531214278051,1531214278048,5005728,0.00000326,541.00000000,0
1531214278092,1531214278087,5005729,0.00000325,371.00000000,1
1531214278116,1531214278112,5005730,0.00000325,4215.00000000,0
1531214278914,1531214278909,5005731,0.00000326,2941.00000000,0
1531214278966,1531214278961,5005732,0.00000326,2946.00000000,0
1531214278979,1531214278974,5005733,0.00000326,40281.00000000,0
1531214279354,1531214279349,5005734,0.00000325,592.00000000,1
1531214279930,1531214279925,5005735,0.00000325,368.00000000,1
1531214279944,1531214279938,5005736,0.00000325,47939.00000000,0
1531214280068,1531214280063,5005737,0.00000326,33566.00000000,0
1531214282036,1531214282030,5005738,0.00000326,44512.00000000,0
1531214282762,1531214282758,5005739,0.00000325,52.00000000,1
1531214284030,1531214284026,5005740,0.00000326,1772.00000000,0
1531214284105,1531214284101,5005741,0.00000325,1079.00000000,1
1531214285739,1531214285734,5005742,0.00000325,1877.00000000,1
1531214286568,1531214286564,5005743,0.00000326,1131.00000000,0
1531214287583,1531214287580,5005744,0.00000326,3125.00000000,1
1531214287821,1531214287817,5005745,0.00000326,744.00000000,1
1531214288118,1531214288112,5005746,0.00000326,3125.00000000,0
1531214288118,1531214288112,5005747,0.00000327,1875.00000000,0
1531214289030,1531214289026,5005748,0.00000326,1537.00000000,0
1531214296089,1531214296084,5005749,0.00000325,933.00000000,1
1531214299905,1531214299900,5005750,0.00000326,3730.00000000,0
1531214300055,1531214300052,5005751,0.00000326,6213.00000000,0
1531214300416,1531214300410,5005752,0.00000326,825.00000000,1
1531214304241,1531214304236,5005753,0.00000326,1758.00000000,1
1531214316504,1531214316499,5005754,0.00000326,310.00000000,1
1531214316972,1531214316967,5005755,0.00000326,641.00000000,1
1531214317244,1531214317239,5005756,0.00000326,50000.00000000,1
1531214321136,1531214321133,5005757,0.00000327,6850.00000000,0
1531214323813,1531214323810,5005758,0.00000327,5.00000000,0
1531214326214,1531214326210,5005759,0.00000327,5.00000000,0
1531214328519,1531214328515,5005760,0.00000327,2.00000000,0
1531214328698,1531214328694,5005761,0.00000326,364.00000000,1
1531214329374,1531214329370,5005762,0.00000326,3049.00000000,1
1531214333532,1531214333529,5005763,0.00000327,3.00000000,0
1531214335304,1531214335300,5005764,0.00000326,620.00000000,1
1531214335646,1531214335642,5005765,0.00000326,930.00000000,1
1531214335778,1531214335774,5005766,0.00000326,310.00000000,1
1531214335874,1531214335869,5005767,0.00000326,6197.00000000,1
1531214335992,1531214335988,5005768,0.00000326,310.00000000,1
1531214336072,1531214336069,5005769,0.00000326,434.00000000,1
1531214342421,1531214342418,5005770,0.00000327,70318.00000000,0
1531214343776,1531214343771,5005771,0.00000326,399.00000000,1
1531214344561,1531214344558,5005772,0.00000326,338.00000000,1
1531214344576,1531214344570,5005773,0.00000326,1166.00000000,1
1531214345253,1531214345248,5005774,0.00000326,338.00000000,1
1531214346161,1531214346156,5005775,0.00000327,3058.00000000,0
1531214347931,1531214347926,5005776,0.00000327,9174.00000000,0
1531214348168,1531214348164,5005777,0.00000327,27523.00000000,0
1531214349172,1531214349163,5005778,0.00000327,100367.00000000,0
1531214349286,1531214349279,5005779,0.00000327,151293.00000000,0
1531214354303,1531214354298,5005780,0.00000328,67.00000000,0
1531214354366,1531214354362,5005781,0.00000328,68.00000000,0
1531214354552,1531214354549,5005782,0.00000328,180.00000000,0
1531214354699,1531214354696,5005783,0.00000328,92.00000000,0
1531214354754,1531214354750,5005784,0.00000328,64.00000000,0
1531214354818,1531214354814,5005785,0.00000328,95.00000000,0
1531214354866,1531214354863,5005786,0.00000328,197.00000000,0
1531214354978,1531214354973,5005787,0.00000328,98.00000000,0
1531214355087,1531214355082,5005788,0.00000328,165.00000000,0
1531214355163,1531214355159,5005789,0.00000328,73.00000000,0
1531214355237,1531214355233,5005790,0.00000328,97.00000000,0
1531214355289,1531214355286,5005791,0.00000328,67.00000000,0
1531214355332,1531214355328,5005792,0.00000328,98.00000000,0
1531214355405,1531214355401,5005793,0.00000328,80.00000000,0
1531214355498,1531214355494,5005794,0.00000328,86.00000000,0
1531214355622,1531214355619,5005795,0.00000328,110.00000000,0
1531214355678,1531214355675,5005796,0.00000328,96.00000000,0
1531214355735,1531214355730,5005797,0.00000328,76.00000000,0
1531214355809,1531214355804,5005798,0.00000328,81.00000000,0
1531214355861,1531214355855,5005799,0.00000328,116.00000000,0
1531214355918,1531214355914,5005800,0.00000328,62.00000000,0
1531214356116,1531214356114,5005801,0.00000328,88.00000000,0
1531214356146,1531214356141,5005802,0.00000328,70.00000000,0
1531214372416,1531214372411,5005803,0.00000327,368.00000000,1
1531214399357,1531214399353,5005804,0.00000328,3049.00000000,0
1531214400148,1531214400144,5005805,0.00000328,3703.00000000,0
1531214400998,1531214400991,5005806,0.00000328,8743.00000000,0
1531214400998,1531214400991,5005807,0.00000329,3703.00000000,0
1531214400998,1531214400992,5005808,0.00000329,3049.00000000,0
1531214402258,1531214402254,5005809,0.00000328,1875.00000000,1
1531214420689,1531214420684,5005810,0.00000329,33306.00000000,0
1531214423934,1531214423931,5005811,0.00000329,33333.00000000,0
1531214424518,1531214424514,5005812,0.00000329,2420.00000000,0
1531214424530,1531214424526,5005813,0.00000328,469.00000000,1
1531214438138,1531214438133,5005814,0.00000329,733.00000000,0
1531214445871,1531214445867,5005815,0.00000329,34.00000000,0
1531214448939,1531214448933,5005816,0.00000329,11142.00000000,0
1531214449127,1531214449123,5005817,0.00000329,9119.00000000,0
1531214450084,1531214450080,5005818,0.00000329,9119.00000000,0
1531214452898,1531214452895,5005819,0.00000329,3714.00000000,0
1531214456862,1531214456857,5005820,0.00000329,4372.00000000,0
1531214456878,1531214456874,5005821,0.00000329,1098.00000000,0
1531214457756,1531214457752,5005822,0.00000329,1875.00000000,0
1531214463300,1531214463296,5005823,0.00000329,33488.00000000,0
1531214465273,1531214465269,5005824,0.00000329,323.00000000,0
1531214467973,1531214467967,5005825,0.00000329,3721.00000000,0
1531214473969,1531214473965,5005826,0.00000328,479.00000000,1
1531214478104,1531214478097,5005827,0.00000328,5880.00000000,1
1531214484652,1531214484649,5005828,0.00000327,830.00000000,1
1531214485702,1531214485697,5005829,0.00000327,89903.00000000,1
1531214488499,1531214488495,5005830,0.00000327,24868.00000000,1
1531214517159,1531214517154,5005831,0.00000327,11215.00000000,0
1531214542705,1531214542670,5005832,0.00000326,28609.00000000,1
1531214542705,1531214542670,5005833,0.00000325,326141.00000000,1
1531214542705,1531214542670,5005834,0.00000324,276924.00000000,1
1531214542705,1531214542670,5005835,0.00000323,415758.00000000,1
1531214543334,1531214543330,5005836,0.00000325,13194.00000000,1
1531214543371,1531214543367,5005837,0.00000325,604.00000000,0
1531214543417,1531214543413,5005838,0.00000324,1196.00000000,1
1531214543528,1531214543523,5005839,0.00000325,1379.00000000,1
1531214543543,1531214543540,5005840,0.00000325,1401.00000000,0
1531214543579,1531214543575,5005841,0.00000325,308.00000000,0
1531214543579,1531214543575,5005842,0.00000326,3439.00000000,0
1531214543580,1531214543575,5005843,0.00000326,3067.00000000,0
1531214543625,1531214543623,5005844,0.00000325,371.00000000,0
1531214543691,1531214543686,5005845,0.00000325,1810.00000000,1
1531214543732,1531214543728,5005846,0.00000325,143.00000000,1
1531214543810,1531214543804,5005847,0.00000325,1624.00000000,0
1531214543827,1531214543824,5005848,0.00000324,592.00000000,1
1531214543839,1531214543835,5005849,0.00000325,1379.00000000,0
1531214543858,1531214543854,5005850,0.00000325,3698.00000000,0
1531214543858,1531214543854,5005851,0.00000325,583.00000000,1
1531214543905,1531214543900,5005852,0.00000325,1880.00000000,1
1531214543987,1531214543983,5005853,0.00000325,429.00000000,1
1531214544102,1531214544099,5005854,0.00000325,1534.00000000,1
1531214544229,1531214544224,5005855,0.00000326,605.00000000,0
1531214544237,1531214544233,5005856,0.00000325,370.00000000,1
1531214544237,1531214544234,5005857,0.00000325,398.00000000,1
1531214544268,1531214544263,5005858,0.00000325,16857.00000000,1
1531214544333,1531214544311,5005859,0.00000325,5258.00000000,1
1531214544333,1531214544327,5005860,0.00000325,803.00000000,1
1531214544358,1531214544354,5005861,0.00000325,1391.00000000,1
1531214544408,1531214544403,5005862,0.00000325,1454.00000000,1
1531214544507,1531214544503,5005863,0.00000325,2782.00000000,1
1531214544515,1531214544511,5005864,0.00000325,7731.00000000,1
1531214544529,1531214544524,5005865,0.00000325,1888.00000000,1
1531214545198,1531214545195,5005866,0.00000325,137816.00000000,1
1531214547199,1531214547193,5005867,0.00000324,48086.00000000,1
1531214547785,1531214547781,5005868,0.00000325,369.00000000,0
1531214549619,1531214549614,5005869,0.00000325,3213.00000000,0
1531214549621,1531214549617,5005870,0.00000325,5.00000000,0
1531214549621,1531214549617,5005871,0.00000326,2569.00000000,0
1531214549631,1531214549626,5005872,0.00000326,643.00000000,0
1531214549760,1531214549755,5005873,0.00000324,767.00000000,1
1531214549766,1531214549760,5005874,0.00000324,4602.00000000,1
1531214549833,1531214549830,5005875,0.00000324,1390.00000000,1
1531214549921,1531214549915,5005876,0.00000324,987.00000000,1
1531214549991,1531214549987,5005877,0.00000324,10827.00000000,1
1531214550094,1531214550091,5005878,0.00000324,618.00000000,1
1531214550144,1531214550139,5005879,0.00000324,889.00000000,1
1531214550163,1531214550160,5005880,0.00000324,904.00000000,0
1531214550232,1531214550228,5005881,0.00000323,52.00000000,1
1531214550384,1531214550379,5005882,0.00000324,1050.00000000,0
1531214550409,1531214550407,5005883,0.00000324,787.00000000,0
1531214550604,1531214550599,5005884,0.00000324,1542.00000000,0
1531214550992,1531214550988,5005885,0.00000324,920.00000000,1
1531214551320,1531214551316,5005886,0.00000324,7332.00000000,1
1531214551408,1531214551405,5005887,0.00000325,1540.00000000,0
1531214551780,1531214551777,5005888,0.00000324,1196.00000000,1
1531214553302,1531214553298,5005889,0.00000325,1540.00000000,0
1531214554257,1531214554253,5005890,0.00000324,1882.00000000,1
1531214557682,1531214557674,5005891,0.00000326,17728.00000000,0
1531214564309,1531214564305,5005892,0.00000324,1748.00000000,0
1531214564861,1531214564858,5005893,0.00000324,10000.00000000,1
1531214570392,1531214570388,5005894,0.00000324,2710.00000000,1
1531214571495,1531214571491,5005895,0.00000324,773.00000000,1
1531214571794,1531214571789,5005896,0.00000326,2000.00000000,0
1531214574758,1531214574752,5005897,0.00000326,2199.00000000,0
1531214579513,1531214579508,5005898,0.00000323,313.00000000,1
1531214579517,1531214579511,5005899,0.00000323,965413.00000000,1
1531214579532,1531214579528,5005900,0.00000323,16780.00000000,0
1531214580133,1531214580129,5005901,0.00000324,2097.00000000,0
1531214580153,1531214580147,5005902,0.00000324,2692.00000000,0
1531214580153,1531214580147,5005903,0.00000325,385.00000000,0
1531214580172,1531214580168,5005904,0.00000325,3077.00000000,0
1531214580182,1531214580179,5005905,0.00000325,424.00000000,0
1531214580322,1531214580319,5005906,0.00000325,1267.00000000,1
1531214580639,1531214580635,5005907,0.00000325,1386.00000000,1
1531214580892,1531214580886,5005908,0.00000325,803.00000000,0
1531214581016,1531214581012,5005909,0.00000324,1000.00000000,0
1531214581639,1531214581635,5005910,0.00000324,479.00000000,0
1531214582212,1531214582206,5005911,0.00000324,1917.00000000,0
1531214583002,1531214582999,5005912,0.00000323,50000.00000000,1
1531214583109,1531214583105,5005913,0.00000325,404.00000000,0
1531214584037,1531214584034,5005914,0.00000324,402.00000000,1
1531214584423,1531214584417,5005915,0.00000324,398.00000000,1
1531214587208,1531214587203,5005916,0.00000324,1455.00000000,0
1531214590065,1531214590060,5005917,0.00000325,9231.00000000,0
1531214590854,1531214590849,5005918,0.00000324,83333.00000000,0
1531214590873,1531214590869,5005919,0.00000324,83333.00000000,0
1531214591108,1531214591105,5005920,0.00000324,3198.00000000,0
1531214591139,1531214591136,5005921,0.00000324,5000.00000000,0
1531214591193,1531214591189,5005922,0.00000324,5849.00000000,0
1531214591341,1531214591337,5005923,0.00000325,21169.00000000,0
1531214593049,1531214593045,5005924,0.00000325,8648.00000000,0
1531214598673,1531214598669,5005925,0.00000324,3118.00000000,1
1531214598999,1531214598995,5005926,0.00000324,936.00000000,1
1531214599155,1531214599151,5005927,0.00000324,437.00000000,1
1531214599353,1531214599349,5005928,0.00000324,312.00000000,1
1531214599456,1531214599451,5005929,0.00000324,312.00000000,1
1531214599785,1531214599781,5005930,0.00000324,936.00000000,1
1531214599989,1531214599984,5005931,0.00000324,649.00000000,1
1531214606388,1531214606384,5005932,0.00000326,3751.00000000,0
1531214609121,1531214609112,5005933,0.00000326,33751.00000000,0
1531214612140,1531214612133,5005934,0.00000326,33746.00000000,0
1531214613012,1531214613007,5005935,0.00000325,1539.00000000,1
1531214614149,1531214614144,5005936,0.00000325,179623.00000000,1
1531214614149,1531214614144,5005937,0.00000324,288762.00000000,1
1531214614231,1531214614225,5005938,0.00000326,27607.00000000,0
1531214615117,1531214615114,5005939,0.00000326,33717.00000000,0
1531214617708,1531214617705,5005940,0.00000325,616.00000000,0
1531214617744,1531214617739,5005941,0.00000325,155.00000000,0
1531214618176,1531214618173,5005942,0.00000326,33747.00000000,0
1531214618885,1531214618882,5005943,0.00000325,312.00000000,1
1531214628098,1531214628094,5005944,0.00000325,29032.00000000,1
1531214628220,1531214628215,5005945,0.00000325,500.00000000,1
1531214631309,1531214631306,5005946,0.00000326,3750.00000000,0
1531214633154,1531214633151,5005947,0.00000326,3746.00000000,0
1531214633369,1531214633364,5005948,0.00000326,3746.00000000,0
1531214640949,1531214640946,5005949,0.00000325,1164.00000000,1
1531214648844,1531214648841,5005950,0.00000325,100.00000000,1
1531214649524,1531214649521,5005951,0.00000325,200.00000000,1
1531214650224,1531214650220,5005952,0.00000326,3067.00000000,0
1531214650247,1531214650243,5005953,0.00000326,3067.00000000,0
1531214650649,1531214650645,5005954,0.00000325,100.00000000,1
1531214651420,1531214651414,5005955,0.00000325,400.00000000,1
1531214653254,1531214653250,5005956,0.00000326,11236.00000000,0
1531214656290,1531214656285,5005957,0.00000326,11236.00000000,0
1531214657178,1531214657173,5005958,0.00000326,3770.00000000,0
1531214659064,1531214659059,5005959,0.00000326,14187.00000000,0
1531214659253,1531214659249,5005960,0.00000326,11235.00000000,0
1531214661189,1531214661185,5005961,0.00000326,3067.00000000,0
1531214661997,1531214661994,5005962,0.00000325,6902.00000000,1
1531214663204,1531214663200,5005963,0.00000326,1414.00000000,1
1531214664536,1531214664533,5005964,0.00000326,100.00000000,1
1531214665502,1531214665499,5005965,0.00000326,100.00000000,1
1531214666955,1531214666950,5005966,0.00000326,2000.00000000,1
1531214667462,1531214667457,5005967,0.00000326,7449.00000000,1
1531214669762,1531214669757,5005968,0.00000326,3067.00000000,0
1531214670181,1531214670176,5005969,0.00000326,3747.00000000,0
1531214671092,1531214671088,5005970,0.00000326,3067.00000000,0
1531214673178,1531214673174,5005971,0.00000326,3751.00000000,0
1531214689019,1531214689015,5005972,0.00000324,77118.00000000,1
1531214689019,1531214689015,5005973,0.00000323,20163.00000000,1
1531214689052,1531214689047,5005974,0.00000323,307747.00000000,1
1531214689056,1531214689053,5005975,0.00000323,1981.00000000,1
1531214689077,1531214689073,5005976,0.00000323,865.00000000,1
1531214689106,1531214689101,5005977,0.00000323,5363.00000000,1
1531214689113,1531214689108,5005978,0.00000324,9267.00000000,0
1531214689124,1531214689120,5005979,0.00000324,27778.00000000,0
1531214689131,1531214689127,5005980,0.00000324,27778.00000000,0
1531214689457,1531214689452,5005981,0.00000324,23817.00000000,0
1531214689469,1531214689466,5005982,0.00000324,30864.00000000,0
1531214689600,1531214689596,5005983,0.00000324,15343.00000000,0
1531214689823,1531214689819,5005984,0.00000325,563.00000000,0
1531214689846,1531214689842,5005985,0.00000325,2252.00000000,0
1531214690842,1531214690838,5005986,0.00000325,890.00000000,0
1531214694696,1531214694690,5005987,0.00000325,3.00000000,0
1531214695608,1531214695604,5005988,0.00000325,212.00000000,0
1531214696535,1531214696530,5005989,0.00000325,212.00000000,0
1531214699787,1531214699781,5005990,0.00000325,13224.00000000,0
1531214706321,1531214706319,5005991,0.00000325,2000.00000000,0
1531214708303,1531214708299,5005992,0.00000324,4755.00000000,1
1531214708386,1531214708381,5005993,0.00000325,11739.00000000,0
1531214711213,1531214711209,5005994,0.00000325,1981.00000000,0
1531214732639,1531214732636,5005995,0.00000325,3077.00000000,0
1531214733091,1531214733088,5005996,0.00000325,3754.00000000,0
1531214733107,1531214733105,5005997,0.00000325,3077.00000000,0
1531214735143,1531214735140,5005998,0.00000325,403.00000000,0
1531214735178,1531214735174,5005999,0.00000325,27692.00000000,0
1531214735178,1531214735174,5006000,0.00000325,3077.00000000,0
1531214735372,1531214735369,5006001,0.00000325,10546.00000000,0
1531214736447,1531214736443,5006002,0.00000325,12000.00000000,0
1531214737137,1531214737132,5006003,0.00000325,11260.00000000,0
1531214737148,1531214737144,5006004,0.00000325,27692.00000000,0
1531214737372,1531214737368,5006005,0.00000325,78755.00000000,0
1531214737380,1531214737375,5006006,0.00000325,17994.00000000,0
1531214737636,1531214737629,5006007,0.00000324,1631.00000000,1
1531214737636,1531214737629,5006008,0.00000323,89214.00000000,1
1531214737678,1531214737673,5006009,0.00000322,1631.00000000,1
1531214737795,1531214737791,5006010,0.00000323,1631.00000000,0
1531214737927,1531214737924,5006011,0.00000323,1631.00000000,1
1531214737945,1531214737941,5006012,0.00000322,1631.00000000,1
1531214737988,1531214737984,5006013,0.00000323,26233.00000000,0
1531214738012,1531214738006,5006014,0.00000323,1631.00000000,0
1531214738039,1531214738035,5006015,0.00000323,7858.00000000,1
1531214738044,1531214738040,5006016,0.00000322,3369.00000000,1
1531214738053,1531214738049,5006017,0.00000324,6000.00000000,0
1531214738155,1531214738151,5006018,0.00000323,3369.00000000,0
1531214738191,1531214738187,5006019,0.00000323,6631.00000000,1
1531214738206,1531214738199,5006020,0.00000322,6631.00000000,1
1531214738350,1531214738347,5006021,0.00000323,12.00000000,0
1531214738464,1531214738459,5006022,0.00000323,3971.00000000,0
1531214738631,1531214738624,5006023,0.00000323,2648.00000000,0
1531214738631,1531214738624,5006024,0.00000324,39357.00000000,0
1531214738631,1531214738624,5006025,0.00000325,30929.00000000,0
1531214738631,1531214738624,5006026,0.00000326,52810.00000000,0
1531214738708,1531214738704,5006027,0.00000323,663.00000000,1
1531214738744,1531214738739,5006028,0.00000324,4000.00000000,0
1531214738768,1531214738763,5006029,0.00000324,21000.00000000,1
1531214738956,1531214738950,5006030,0.00000323,38212.00000000,1
1531214739005,1531214738999,5006031,0.00000324,666.00000000,1
1531214739005,1531214738999,5006032,0.00000323,15000.00000000,1
1531214739005,1531214738999,5006033,0.00000322,22546.00000000,1
1531214739057,1531214739052,5006034,0.00000324,653.00000000,0
1531214739057,1531214739052,5006035,0.00000325,1241.00000000,0
1531214739233,1531214739229,5006036,0.00000323,326.00000000,1
1531214739284,1531214739279,5006037,0.00000322,326.00000000,1
1531214739430,1531214739426,5006038,0.00000323,1000.00000000,1
1531214739687,1531214739682,5006039,0.00000324,325.00000000,0
1531214739914,1531214739908,5006040,0.00000323,2639.00000000,0
1531214739969,1531214739966,5006041,0.00000323,6599.00000000,0
1531214739977,1531214739970,5006042,0.00000322,10808.00000000,1
1531214739984,1531214739979,5006043,0.00000323,3961.00000000,0
1531214740014,1531214740010,5006044,0.00000324,3264.00000000,0
1531214740016,1531214740011,5006045,0.00000324,1736.00000000,1
1531214740016,1531214740011,5006046,0.00000323,1360.00000000,1
1531214740030,1531214740026,5006047,0.00000323,1736.00000000,1
1531214740051,1531214740047,5006048,0.00000322,3096.00000000,1
1531214740057,1531214740052,5006049,0.00000325,1385.00000000,0
1531214740177,1531214740174,5006050,0.00000323,1736.00000000,0
1531214740193,1531214740189,5006051,0.00000324,3264.00000000,1
1531214740340,1531214740336,5006052,0.00000322,3264.00000000,1
1531214740377,1531214740373,5006053,0.00000323,666.00000000,1
1531214740415,1531214740409,5006054,0.00000322,666.00000000,1
1531214740419,1531214740415,5006055,0.00000322,666.00000000,1
1531214740539,1531214740535,5006056,0.00000323,666.00000000,0
1531214740569,1531214740565,5006057,0.00000323,3048.00000000,1
1531214740915,1531214740912,5006058,0.00000324,1080.00000000,0
1531214741079,1531214741075,5006059,0.00000324,2171.00000000,0
1531214741529,1531214741523,5006060,0.00000324,3086.00000000,0
1531214741715,1531214741710,5006061,0.00000324,373.00000000,0
1531214741917,1531214741913,5006062,0.00000324,1574.00000000,0
1531214742003,1531214741999,5006063,0.00000324,2171.00000000,0
1531214742033,1531214742029,5006064,0.00000324,4128.00000000,0
1531214742226,1531214742223,5006065,0.00000324,1856.00000000,1
1531214742566,1531214742562,5006066,0.00000324,1396.00000000,1
1531214742599,1531214742594,5006067,0.00000325,2171.00000000,0
1531214742647,1531214742643,5006068,0.00000324,1383.00000000,1
1531214743464,1531214743461,5006069,0.00000324,541.00000000,1
1531214743777,1531214743773,5006070,0.00000324,2781.00000000,1
1531214743928,1531214743924,5006071,0.00000324,2876.00000000,0
1531214745223,1531214745219,5006072,0.00000324,5701.00000000,0
1531214745311,1531214745308,5006073,0.00000324,3086.00000000,0
1531214745367,1531214745363,5006074,0.00000324,27778.00000000,0
1531214746209,1531214746205,5006075,0.00000323,775.00000000,1
1531214746216,1531214746211,5006076,0.00000324,9541.00000000,0
1531214746516,1531214746512,5006077,0.00000324,32581.00000000,0
1531214747008,1531214747003,5006078,0.00000323,775.00000000,1
1531214747176,1531214747173,5006079,0.00000324,11278.00000000,0
1531214747214,1531214747209,5006080,0.00000324,3692.00000000,0
1531214747232,1531214747227,5006081,0.00000324,1117.00000000,0
1531214748186,1531214748182,5006082,0.00000324,22185.00000000,0
1531214748237,1531214748232,5006083,0.00000325,3555.00000000,0
1531214748878,1531214748872,5006084,0.00000325,86894.00000000,0
1531214749482,1531214749478,5006085,0.00000325,3759.00000000,0
1531214750414,1531214750411,5006086,0.00000325,944.00000000,0
1531214751354,1531214751350,5006087,0.00000325,3077.00000000,0
1531214751674,1531214751671,5006088,0.00000323,1.00000000,1
1531214752061,1531214752036,5006089,0.00000325,433.00000000,0
1531214753503,1531214753498,5006090,0.00000325,3077.00000000,0
1531214754340,1531214754336,5006091,0.00000325,3759.00000000,0
1531214755893,1531214755888,5006092,0.00000324,1899.00000000,0
1531214757188,1531214757184,5006093,0.00000325,3077.00000000,0
1531214757285,1531214757281,5006094,0.00000325,13110.00000000,0
1531214760047,1531214760042,5006095,0.00000325,2470.00000000,0
1531214768144,1531214768140,5006096,0.00000325,27692.00000000,0
1531214770272,1531214770268,5006097,0.00000325,27692.00000000,0
1531214771352,1531214771347,5006098,0.00000324,2624.00000000,1
1531214772249,1531214772245,5006099,0.00000325,27692.00000000,0
1531214774180,1531214774174,5006100,0.00000325,27692.00000000,0
1531214776171,1531214776167,5006101,0.00000325,9231.00000000,0
1531214777804,1531214777801,5006102,0.00000325,9231.00000000,0
1531214780581,1531214780577,5006103,0.00000324,905.00000000,1
1531214781067,1531214781063,5006104,0.00000324,312.00000000,1
1531214782037,1531214782033,5006105,0.00000325,3077.00000000,0
1531214783680,1531214783677,5006106,0.00000325,11260.00000000,0
1531214784040,1531214784036,5006107,0.00000325,10279.00000000,0
1531214788378,1531214788374,5006108,0.00000325,9231.00000000,0
1531214789063,1531214789059,5006109,0.00000325,21633.00000000,0
1531214799193,1531214799189,5006110,0.00000325,11255.00000000,0
1531214799835,1531214799830,5006111,0.00000324,6235.00000000,1
1531214800014,1531214800011,5006112,0.00000324,624.00000000,1
1531214800139,1531214800133,5006113,0.00000324,312.00000000,1
1531214800208,1531214800202,5006114,0.00000325,5000.00000000,0
1531214800212,1531214800207,5006115,0.00000325,5000.00000000,0
1531214800756,1531214800751,5006116,0.00000325,9231.00000000,0
1531214800851,1531214800847,5006117,0.00000324,936.00000000,1
1531214801007,1531214801004,5006118,0.00000324,437.00000000,1
1531214801072,1531214801069,5006119,0.00000325,5000.00000000,0
1531214801140,1531214801135,5006120,0.00000325,5000.00000000,0
1531214801403,1531214801399,5006121,0.00000324,312.00000000,1
1531214801516,1531214801513,5006122,0.00000324,936.00000000,1
1531214801522,1531214801517,5006123,0.00000324,312.00000000,1
1531214817464,1531214817459,5006124,0.00000325,672.00000000,0
1531214817554,1531214817549,5006125,0.00000325,4421.00000000,0
1531214819666,1531214819663,5006126,0.00000325,2000.00000000,1
1531214823659,1531214823655,5006127,0.00000324,175.00000000,1
1531214824543,1531214824538,5006128,0.00000324,144.00000000,1
1531214824714,1531214824710,5006129,0.00000324,340.00000000,1
1531214839640,1531214839635,5006130,0.00000325,410.00000000,0
1531214855751,1531214855748,5006131,0.00000324,731.00000000,1
1531214856442,1531214856439,5006132,0.00000325,1161.00000000,0
1531214865071,1531214865067,5006133,0.00000326,3067.00000000,0
1531214875197,1531214875190,5006134,0.00000326,27607.00000000,0
1531214876959,1531214876954,5006135,0.00000326,44332.00000000,0
1531214877258,1531214877254,5006136,0.00000326,3067.00000000,0
1531214879458,1531214879454,5006137,0.00000326,3736.00000000,0
1531214880191,1531214880185,5006138,0.00000326,2062.00000000,0
1531214881860,1531214881855,5006139,0.00000326,104.00000000,0
1531214884141,1531214884137,5006140,0.00000326,1002.00000000,0
1531214888015,1531214888010,5006141,0.00000326,3733.00000000,0
1531214888186,1531214888181,5006142,0.00000326,9211.00000000,0
1531214890178,1531214890174,5006143,0.00000326,3731.00000000,0
1531214891164,1531214891161,5006144,0.00000326,13269.00000000,0
1531214893202,1531214893198,5006145,0.00000327,3058.00000000,0
1531214894009,1531214894006,5006146,0.00000326,200.00000000,1
1531214894216,1531214894211,5006147,0.00000327,3221.00000000,0
1531214897080,1531214897074,5006148,0.00000327,11189.00000000,0
1531214897509,1531214897501,5006149,0.00000326,4800.00000000,1
1531214897509,1531214897501,5006150,0.00000325,68879.00000000,1
1531214897509,1531214897501,5006151,0.00000324,67994.00000000,1
1531214897536,1531214897530,5006152,0.00000324,22386.00000000,0
1531214897538,1531214897535,5006153,0.00000324,22391.00000000,0
1531214897560,1531214897556,5006154,0.00000324,1706.00000000,0
1531214897620,1531214897615,5006155,0.00000326,341.00000000,0
1531214897644,1531214897640,5006156,0.00000326,4458.00000000,0
1531214897644,1531214897640,5006157,0.00000327,44709.00000000,0
1531214897706,1531214897702,5006158,0.00000327,1697.00000000,1
1531214897899,1531214897895,5006159,0.00000327,669.00000000,1
1531214897904,1531214897899,5006160,0.00000327,9637.00000000,1
1531214898012,1531214898007,5006161,0.00000327,457.00000000,1
1531214898024,1531214898018,5006162,0.00000327,30194.00000000,1
1531214898058,1531214898055,5006163,0.00000327,325.00000000,1
1531214898127,1531214898123,5006164,0.00000327,3189.00000000,1
1531214898286,1531214898282,5006165,0.00000327,1252.00000000,1
1531214898550,1531214898547,5006166,0.00000327,4486.00000000,1
1531214898638,1531214898632,5006167,0.00000327,6907.00000000,1
1531214899587,1531214899584,5006168,0.00000326,1376.00000000,0
1531214900579,1531214900574,5006169,0.00000326,336.00000000,0
1531214901932,1531214901929,5006170,0.00000326,1211.00000000,0
1531214902613,1531214902608,5006171,0.00000326,2000.00000000,0
1531214903173,1531214903169,5006172,0.00000326,5000.00000000,0
1531214903184,1531214903181,5006173,0.00000326,3733.00000000,0
1531214903582,1531214903576,5006174,0.00000326,1398.00000000,0
1531214903998,1531214903994,5006175,0.00000326,2000.00000000,0
1531214904587,1531214904583,5006176,0.00000326,719.00000000,0
1531214904627,1531214904622,5006177,0.00000326,1528.00000000,0
1531214904809,1531214904806,5006178,0.00000326,1214.00000000,0
1531214908335,1531214908332,5006179,0.00000325,2984.00000000,1
1531214909847,1531214909843,5006180,0.00000326,3067.00000000,0
1531214910061,1531214910057,5006181,0.00000326,5000.00000000,0
1531214910229,1531214910225,5006182,0.00000326,5000.00000000,0
1531214910238,1531214910234,5006183,0.00000326,2068.00000000,0
1531214915682,1531214915679,5006184,0.00000326,2932.00000000,1
1531214915752,1531214915747,5006185,0.00000326,3067.00000000,0
1531214916595,1531214916591,5006186,0.00000326,1836.00000000,0
1531214917598,1531214917594,5006187,0.00000326,1469.00000000,0
1531214918592,1531214918587,5006188,0.00000326,1175.00000000,0
1531214919101,1531214919098,5006189,0.00000326,4703.00000000,0
1531214923478,1531214923472,5006190,0.00000326,350.00000000,0
1531214923596,1531214923590,5006191,0.00000326,900.00000000,0
1531214924097,1531214924092,5006192,0.00000326,3604.00000000,0
1531214928470,1531214928466,5006193,0.00000325,931.00000000,1
1531214938629,1531214938624,5006194,0.00000326,3340.00000000,0
1531214939084,1531214939080,5006195,0.00000326,5000.00000000,0
1531214939135,1531214939131,5006196,0.00000326,5000.00000000,0
1531214939185,1531214939179,5006197,0.00000326,5000.00000000,0
1531214939204,1531214939200,5006198,0.00000326,5000.00000000,0
1531214939226,1531214939221,5006199,0.00000326,7687.00000000,0
1531214980129,1531214980124,5006200,0.00000326,200.00000000,1
1531214988466,1531214988461,5006201,0.00000327,334.00000000,0
1531214991046,1531214991043,5006202,0.00000326,19800.00000000,1
1531214991239,1531214991233,5006203,0.00000326,3067.00000000,0
1531214991842,1531214991836,5006204,0.00000326,6006.00000000,0
1531214992097,1531214992093,5006205,0.00000326,24024.00000000,0
1531214999667,1531214999663,5006206,0.00000326,20079.00000000,1
1531215001317,1531215001313,5006207,0.00000326,4783.00000000,1
1531215006017,1531215006012,5006208,0.00000327,300.00000000,0
1531215013501,1531215013497,5006209,0.00000327,701.00000000,0
1531215031130,1531215031126,5006210,0.00000327,9174.00000000,0
1531215033111,1531215033107,5006211,0.00000327,9174.00000000,0
1531215039586,1531215039580,5006212,0.00000327,492.00000000,0
1531215052518,1531215052514,5006213,0.00000327,10000.00000000,0
1531215083650,1531215083646,5006214,0.00000326,481.00000000,1
1531215092081,1531215092077,5006215,0.00000327,3058.00000000,0
1531215093141,1531215093137,5006216,0.00000327,1287.00000000,0
1531215093822,1531215093817,5006217,0.00000327,5493.00000000,0
1531215094081,1531215094076,5006218,0.00000327,5000.00000000,0
1531215118121,1531215118117,5006219,0.00000328,3048.00000000,0
1531215157195,1531215157191,5006220,0.00000327,2250.00000000,0
1531215157522,1531215157518,5006221,0.00000327,38132.00000000,0
1531215218557,1531215218554,5006222,0.00000327,28649.00000000,0
1531215230206,1531215230201,5006223,0.00000326,3560.00000000,1
1531215230206,1531215230201,5006224,0.00000325,6068.00000000,1
1531215230209,1531215230205,5006225,0.00000325,9628.00000000,1
1531215231407,1531215231402,5006226,0.00000325,273403.00000000,1
1531215243488,1531215243484,5006227,0.00000326,495.00000000,0
1531215252730,1531215252726,5006228,0.00000325,52742.00000000,1
1531215252828,1531215252823,5006229,0.00000325,51026.00000000,1
1531215262143,1531215262139,5006230,0.00000326,1577.00000000,0
1531215272319,1531215272315,5006231,0.00000325,6287.00000000,0
1531215283185,1531215283181,5006232,0.00000324,2072.00000000,1
1531215309788,1531215309783,5006233,0.00000324,25175.00000000,1
1531215326312,1531215326307,5006234,0.00000325,154470.00000000,0
1531215331609,1531215331604,5006235,0.00000325,25.00000000,0
1531215345237,1531215345234,5006236,0.00000324,312.00000000,1
1531215345295,1531215345290,5006237,0.00000324,1734.00000000,1
1531215345315,1531215345311,5006238,0.00000324,1981.00000000,1
1531215346159,1531215346155,5006239,0.00000324,936.00000000,1
1531215390505,1531215390501,5006240,0.00000325,1539.00000000,0
1531215391843,1531215391838,5006241,0.00000325,15000.00000000,1
1531215393293,1531215393289,5006242,0.00000325,15000.00000000,1
1531215395210,1531215395206,5006243,0.00000325,15000.00000000,1
1531215406303,1531215406299,5006244,0.00000325,216.00000000,1
1531215434521,1531215434517,5006245,0.00000326,103.00000000,0
1531215438108,1531215438103,5006246,0.00000325,28877.00000000,1
1531215438149,1531215438145,5006247,0.00000325,28877.00000000,1
1531215438183,1531215438180,5006248,0.00000325,3209.00000000,1
1531215444401,1531215444397,5006249,0.00000325,30840.00000000,1
1531215445179,1531215445176,5006250,0.00000325,83226.00000000,1
1531215446179,1531215446176,5006251,0.00000325,30840.00000000,1
1531215447939,1531215447934,5006252,0.00000325,337.00000000,1
1531215448120,1531215448116,5006253,0.00000325,11320.00000000,1
1531215449966,1531215449961,5006254,0.00000325,9231.00000000,1
1531215485903,1531215485899,5006255,0.00000326,555093.00000000,0
1531215499917,1531215499912,5006256,0.00000325,39798.00000000,1
1531215500269,1531215500265,5006257,0.00000325,3415.00000000,0
1531215500300,1531215500297,5006258,0.00000325,1981.00000000,0
1531215527201,1531215527197,5006259,0.00000325,6598.00000000,0
1531215535204,1531215535201,5006260,0.00000325,30837.00000000,1
1531215537149,1531215537145,5006261,0.00000325,27733.00000000,1
1531215540281,1531215540277,5006262,0.00000325,3077.00000000,1
1531215540298,1531215540293,5006263,0.00000325,11320.00000000,1
1531215543206,1531215543201,5006264,0.00000325,3082.00000000,1
1531215555269,1531215555266,5006265,0.00000326,11357.00000000,0
1531215558075,1531215558070,5006266,0.00000325,151763.00000000,1
1531215590171,1531215590166,5006267,0.00000325,11332.00000000,0
1531215590172,1531215590169,5006268,0.00000325,9231.00000000,0
1531215602811,1531215602808,5006269,0.00000325,6923.00000000,0
1531215603927,1531215603924,5006270,0.00000324,133141.00000000,1
1531215617135,1531215617131,5006271,0.00000324,27833.00000000,1
1531215617166,1531215617162,5006272,0.00000324,21160.00000000,1
1531215617312,1531215617308,5006273,0.00000324,161170.00000000,1
1531215617405,1531215617402,5006274,0.00000324,40281.00000000,1
1531215618129,1531215618125,5006275,0.00000324,79511.00000000,1
1531215618243,1531215618239,5006276,0.00000324,103444.00000000,1
1531215623639,1531215623632,5006277,0.00000323,32725.00000000,1
1531215630038,1531215630034,5006278,0.00000322,1884.00000000,1
1531215631192,1531215631188,5006279,0.00000323,16871.00000000,0
1531215631210,1531215631207,5006280,0.00000323,9288.00000000,0
1531215631216,1531215631212,5006281,0.00000323,1154.00000000,0
1531215631353,1531215631349,5006282,0.00000323,24733.00000000,0
1531215631360,1531215631355,5006283,0.00000323,10145.00000000,0
1531215634065,1531215634062,5006284,0.00000322,47569.00000000,1
1531215635165,1531215635160,5006285,0.00000322,50239.00000000,1
1531215636197,1531215636193,5006286,0.00000322,98629.00000000,1
1531215641775,1531215641770,5006287,0.00000321,86291.00000000,1
1531215641775,1531215641770,5006288,0.00000321,999.00000000,1
1531215642401,1531215642398,5006289,0.00000323,553.00000000,0
1531215643021,1531215643016,5006290,0.00000321,3.00000000,1
1531215643601,1531215643596,5006291,0.00000323,3.00000000,0
1531215643628,1531215643625,5006292,0.00000323,1385.00000000,0
1531215644641,1531215644638,5006293,0.00000323,3000.00000000,0
1531215645014,1531215645008,5006294,0.00000321,10589.00000000,1
1531215647027,1531215647021,5006295,0.00000321,14856.00000000,1
1531215647587,1531215647585,5006296,0.00000321,41568.00000000,1
1531215648570,1531215648567,5006297,0.00000321,48422.00000000,1
1531215648993,1531215648984,5006298,0.00000321,122514.00000000,1
1531215649584,1531215649580,5006299,0.00000321,60760.00000000,1
1531215650453,1531215650449,5006300,0.00000322,83798.00000000,0
1531215650453,1531215650449,5006301,0.00000323,128891.00000000,0
1531215651612,1531215651608,5006302,0.00000323,803.00000000,0
1531215653715,1531215653711,5006303,0.00000323,554.00000000,0
1531215654020,1531215654015,5006304,0.00000323,3060.00000000,0
1531215655416,1531215655413,5006305,0.00000322,3200.00000000,1
1531215655492,1531215655488,5006306,0.00000322,12800.00000000,1
1531215655673,1531215655670,5006307,0.00000322,3113.00000000,1
1531215655796,1531215655794,5006308,0.00000322,10000.00000000,1
1531215656140,1531215656136,5006309,0.00000322,5000.00000000,1
1531215656218,1531215656213,5006310,0.00000322,5000.00000000,1
1531215656246,1531215656242,5006311,0.00000322,5000.00000000,1
1531215657121,1531215657118,5006312,0.00000322,5000.00000000,1
1531215657387,1531215657382,5006313,0.00000322,2974.00000000,1
1531215657769,1531215657765,5006314,0.00000323,100.00000000,0
1531215661024,1531215661021,5006315,0.00000322,106108.00000000,1
1531215664819,1531215664814,5006316,0.00000321,405.00000000,1
1531215664901,1531215664898,5006317,0.00000321,44.00000000,1
1531215665370,1531215665365,5006318,0.00000321,53.00000000,1
1531215666415,1531215666410,5006319,0.00000322,499.00000000,0
1531215666722,1531215666718,5006320,0.00000322,500.00000000,0
1531215666903,1531215666898,5006321,0.00000322,373.00000000,0
1531215669948,1531215669944,5006322,0.00000321,35000.00000000,1
1531215670318,1531215670315,5006323,0.00000321,315.00000000,1
1531215672808,1531215672804,5006324,0.00000321,2739.00000000,1
1531215673194,1531215673190,5006325,0.00000321,2801.00000000,1
1531215673580,1531215673575,5006326,0.00000321,2857.00000000,1
1531215689197,1531215689194,5006327,0.00000321,315.00000000,1
1531215689324,1531215689320,5006328,0.00000321,315.00000000,1
1531215690527,1531215690524,5006329,0.00000321,441.00000000,1
1531215690671,1531215690667,5006330,0.00000321,315.00000000,1
1531215691319,1531215691314,5006331,0.00000321,5000.00000000,1
1531215691335,1531215691332,5006332,0.00000321,5000.00000000,1
1531215699248,1531215699245,5006333,0.00000321,2060.00000000,1
1531215709298,1531215709294,5006334,0.00000321,944.00000000,1
1531215717640,1531215717636,5006335,0.00000321,292612.00000000,1
1531215718100,1531215718096,5006336,0.00000322,83851.00000000,0
1531215718117,1531215718112,5006337,0.00000322,83851.00000000,0
1531215718154,1531215718150,5006338,0.00000322,35572.00000000,0
1531215720983,1531215720979,5006339,0.00000323,1968.00000000,0
1531215722122,1531215722118,5006340,0.00000323,114140.00000000,0
1531215725132,1531215725128,5006341,0.00000323,2912.00000000,0
1531215731302,1531215731298,5006342,0.00000324,4812.00000000,0
1531215734114,1531215734108,5006343,0.00000325,1682.00000000,0
1531215740191,1531215740186,5006344,0.00000325,464.00000000,0
1531215740477,1531215740473,5006345,0.00000325,461.00000000,0
1531215741756,1531215741753,5006346,0.00000324,1157.00000000,1
1531215741756,1531215741753,5006347,0.00000323,1994.00000000,1
1531215741955,1531215741950,5006348,0.00000323,1994.00000000,0
1531215742074,1531215742071,5006349,0.00000323,3008.00000000,0
1531215743217,1531215743211,5006350,0.00000323,2272.00000000,1
1531215748115,1531215748112,5006351,0.00000324,1544.00000000,0
1531215749039,1531215749034,5006352,0.00000323,7200.00000000,1
1531215753864,1531215753861,5006353,0.00000323,8000.00000000,1
1531215758004,1531215758001,5006354,0.00000323,582.00000000,1
1531215760544,1531215760541,5006355,0.00000324,3086.00000000,0
1531215767129,1531215767125,5006356,0.00000324,1917.00000000,0
1531215769207,1531215769204,5006357,0.00000323,5321.00000000,1
1531215780125,1531215780121,5006358,0.00000323,53908.00000000,1
1531215804952,1531215804948,5006359,0.00000324,2000.00000000,0
1531215804957,1531215804954,5006360,0.00000324,50045.00000000,0
1531215805450,1531215805445,5006361,0.00000323,41530.00000000,1
1531215805450,1531215805445,5006362,0.00000322,28757.00000000,1
1531215805958,1531215805952,5006363,0.00000324,986.00000000,0
1531215812519,1531215812516,5006364,0.00000323,3776.00000000,1
1531215813073,1531215813069,5006365,0.00000324,2205.00000000,0
1531215816924,1531215816920,5006366,0.00000323,13433.00000000,1
1531215820113,1531215820110,5006367,0.00000324,3804.00000000,0
1531215820124,1531215820121,5006368,0.00000324,3804.00000000,0
1531215820133,1531215820129,5006369,0.00000324,3804.00000000,0
1531215854698,1531215854694,5006370,0.00000324,3814.00000000,0
1531215855327,1531215855322,5006371,0.00000324,3285.00000000,0
1531215855384,1531215855380,5006372,0.00000324,14784.00000000,0
1531215855427,1531215855420,5006373,0.00000324,172.00000000,0
1531215855427,1531215855420,5006374,0.00000325,12969.00000000,0
1531215866092,1531215866070,5006375,0.00000324,3008.00000000,1
1531215866156,1531215866153,5006376,0.00000324,87728.00000000,1
1531215867135,1531215867131,5006377,0.00000324,3573.00000000,0
1531215867303,1531215867298,5006378,0.00000324,1736.00000000,0
1531215867367,1531215867362,5006379,0.00000324,5000.00000000,0
1531215867384,1531215867380,5006380,0.00000324,4944.00000000,0
1531215867389,1531215867385,5006381,0.00000324,2616.00000000,0
1531215868146,1531215868142,5006382,0.00000324,12250.00000000,1
1531215873212,1531215873207,5006383,0.00000324,9259.00000000,0
1531215873214,1531215873208,5006384,0.00000324,9259.00000000,0
1531215873225,1531215873221,5006385,0.00000324,9259.00000000,0
1531215916122,1531215916118,5006386,0.00000325,3077.00000000,0
1531215916126,1531215916122,5006387,0.00000325,3077.00000000,0
1531215916142,1531215916139,5006388,0.00000325,3077.00000000,0
1531215964369,1531215964364,5006389,0.00000324,5254.00000000,0
1531215967487,1531215967483,5006390,0.00000323,1383.00000000,1
1531215972081,1531215972076,5006391,0.00000323,3096.00000000,0
1531215972185,1531215972181,5006392,0.00000323,9470.00000000,0
1531215982133,1531215982129,5006393,0.00000324,83333.00000000,0
1531215982545,1531215982542,5006394,0.00000324,27778.00000000,0
1531215984200,1531215984197,5006395,0.00000324,27778.00000000,0
1531215984677,1531215984671,5006396,0.00000324,27778.00000000,0
1531215985287,1531215985284,5006397,0.00000324,9259.00000000,0
1531215986116,1531215986112,5006398,0.00000324,26148.00000000,0
1531216011581,1531216011574,5006399,0.00000322,18378.00000000,1
1531216022034,1531216022030,5006400,0.00000322,25133.00000000,1
1531216034140,1531216034136,5006401,0.00000323,311.00000000,0
1531216052430,1531216052426,5006402,0.00000322,3111.00000000,1
1531216055486,1531216055481,5006403,0.00000322,9331.00000000,1
1531216058204,1531216058199,5006404,0.00000322,3111.00000000,1
1531216061164,1531216061161,5006405,0.00000322,3111.00000000,1
1531216062442,1531216062437,5006406,0.00000322,181574.00000000,1
1531216062460,1531216062457,5006407,0.00000322,5547.00000000,1
1531216063132,1531216063129,5006408,0.00000322,3864.00000000,1
1531216063140,1531216063136,5006409,0.00000322,2653.00000000,1
1531216067155,1531216067150,5006410,0.00000321,3115.00000000,1
1531216067155,1531216067150,5006411,0.00000321,464.00000000,1
1531216067161,1531216067158,5006412,0.00000321,3115.00000000,1
1531216067184,1531216067180,5006413,0.00000321,3115.00000000,1
1531216069201,1531216069196,5006414,0.00000321,17790.00000000,1
1531216069277,1531216069273,5006415,0.00000321,84112.00000000,1
1531216070172,1531216070167,5006416,0.00000321,28037.00000000,1
1531216070262,1531216070259,5006417,0.00000321,70778.00000000,1
1531216070401,1531216070396,5006418,0.00000321,5000.00000000,1
1531216070405,1531216070400,5006419,0.00000321,5000.00000000,1
1531216071191,1531216071187,5006420,0.00000321,84112.00000000,1
1531216071678,1531216071672,5006421,0.00000321,84112.00000000,1
1531216072466,1531216072463,5006422,0.00000321,31250.00000000,1
1531216073277,1531216073274,5006423,0.00000321,11595.00000000,1
1531216073642,1531216073637,5006424,0.00000321,10000.00000000,1
1531216075163,1531216075158,5006425,0.00000321,9346.00000000,1
1531216076180,1531216076176,5006426,0.00000321,3865.00000000,1
1531216079156,1531216079152,5006427,0.00000321,3865.00000000,1
1531216079461,1531216079456,5006428,0.00000321,5000.00000000,1
1531216079671,1531216079667,5006429,0.00000321,3115.00000000,1
1531216082838,1531216082833,5006430,0.00000321,2000.00000000,1
1531216082849,1531216082845,5006431,0.00000321,3904.00000000,1
1531216085053,1531216085049,5006432,0.00000321,11581.00000000,1
1531216086558,1531216086554,5006433,0.00000321,10.00000000,1
1531216090125,1531216090120,5006434,0.00000321,28105.00000000,1
1531216090137,1531216090133,5006435,0.00000321,28099.00000000,1
1531216098737,1531216098733,5006436,0.00000322,165687.00000000,0
1531216102181,1531216102178,5006437,0.00000322,4259.00000000,0
1531216103382,1531216103371,5006438,0.00000321,23972.00000000,1
1531216103382,1531216103371,5006439,0.00000320,266975.00000000,1
1531216103382,1531216103371,5006440,0.00000319,30535.00000000,1
1531216103382,1531216103371,5006441,0.00000319,4000.00000000,1
1531216103382,1531216103371,5006442,0.00000319,3911.00000000,1
1531216103398,1531216103394,5006443,0.00000320,4591.00000000,0
1531216104683,1531216104679,5006444,0.00000320,770.00000000,1
1531216106525,1531216106520,5006445,0.00000321,3115.00000000,0
1531216108406,1531216108401,5006446,0.00000320,1.00000000,1
1531216109280,1531216109277,5006447,0.00000320,53.00000000,1
1531216109313,1531216109309,5006448,0.00000320,44.00000000,1
1531216111407,1531216111402,5006449,0.00000321,378.00000000,0
1531216112483,1531216112479,5006450,0.00000321,3848.00000000,0
1531216112580,1531216112577,5006451,0.00000321,3355.00000000,0
1531216113884,1531216113880,5006452,0.00000320,442.00000000,1
1531216114659,1531216114656,5006453,0.00000321,1041.00000000,0
1531216114662,1531216114658,5006454,0.00000321,316.00000000,1
1531216119994,1531216119989,5006455,0.00000321,10533.00000000,1
1531216119994,1531216119989,5006456,0.00000320,42617.00000000,1
1531216123285,1531216123280,5006457,0.00000322,22944.00000000,0
1531216133190,1531216133187,5006458,0.00000320,916.00000000,1
1531216133577,1531216133573,5006459,0.00000320,331.00000000,1
1531216133980,1531216133975,5006460,0.00000321,316.00000000,1
1531216134350,1531216134346,5006461,0.00000321,947.00000000,1
1531216144223,1531216144219,5006462,0.00000321,343.00000000,1
1531216144598,1531216144593,5006463,0.00000321,1184.00000000,1
1531216145734,1531216145731,5006464,0.00000321,343.00000000,1
1531216150457,1531216150453,5006465,0.00000322,6615.00000000,0
1531216153309,1531216153305,5006466,0.00000321,630.00000000,1
1531216153590,1531216153586,5006467,0.00000321,315.00000000,1
1531216153708,1531216153704,5006468,0.00000321,315.00000000,1
1531216153996,1531216153992,5006469,0.00000321,944.00000000,1
1531216154179,1531216154175,5006470,0.00000321,315.00000000,1
1531216154493,1531216154490,5006471,0.00000321,6293.00000000,1
1531216161449,1531216161446,5006472,0.00000322,311.00000000,0
1531216165851,1531216165847,5006473,0.00000322,5371.00000000,0
1531216174416,1531216174413,5006474,0.00000320,947.00000000,1
1531216177498,1531216177494,5006475,0.00000322,18063.00000000,0
1531216177504,1531216177500,5006476,0.00000322,18134.00000000,0
1531216178254,1531216178250,5006477,0.00000322,5000.00000000,0
1531216179177,1531216179174,5006478,0.00000322,5000.00000000,0
1531216179459,1531216179455,5006479,0.00000322,25000.00000000,0
1531216180831,1531216180828,5006480,0.00000321,8180.00000000,1
1531216180900,1531216180895,5006481,0.00000320,8100.00000000,1
1531216188589,1531216188586,5006482,0.00000320,2493.00000000,1
1531216189794,1531216189789,5006483,0.00000320,2415.00000000,1
1531216200701,1531216200696,5006484,0.00000322,500.00000000,0
1531216205323,1531216205318,5006485,0.00000321,405.00000000,0
1531216205363,1531216205359,5006486,0.00000322,405.00000000,0
1531216208709,1531216208704,5006487,0.00000320,2215.00000000,1
1531216210017,1531216210014,5006488,0.00000322,8147.00000000,0
1531216213981,1531216213978,5006489,0.00000321,3043.00000000,1
1531216230721,1531216230718,5006490,0.00000322,1.00000000,0
1531216231058,1531216231054,5006491,0.00000322,1.00000000,0
1531216231231,1531216231228,5006492,0.00000322,1.00000000,0
1531216231830,1531216231827,5006493,0.00000322,11.00000000,0
1531216232325,1531216232322,5006494,0.00000322,1.00000000,0
1531216232371,1531216232369,5006495,0.00000322,1.00000000,0
1531216232649,1531216232646,5006496,0.00000322,1.00000000,0
1531216233172,1531216233168,5006497,0.00000322,1.00000000,0
1531216233191,1531216233187,5006498,0.00000322,3106.00000000,0
1531216233193,1531216233188,5006499,0.00000322,1.00000000,0
1531216233357,1531216233354,5006500,0.00000322,1.00000000,0
1531216234107,1531216234104,5006501,0.00000322,1.00000000,0
1531216234172,1531216234168,5006502,0.00000322,1.00000000,0
1531216234813,1531216234810,5006503,0.00000322,1.00000000,0
1531216234945,1531216234942,5006504,0.00000322,11.00000000,0
1531216235240,1531216235236,5006505,0.00000322,27950.00000000,0
1531216235460,1531216235455,5006506,0.00000322,1.00000000,0
1531216235494,1531216235491,5006507,0.00000322,1.00000000,0
1531216235780,1531216235775,5006508,0.00000322,1.00000000,0
1531216236079,1531216236074,5006509,0.00000322,3106.00000000,0
1531216236456,1531216236453,5006510,0.00000322,11.00000000,0
1531216236465,1531216236462,5006511,0.00000322,1.00000000,0
1531216236799,1531216236795,5006512,0.00000322,3106.00000000,0
1531216236982,1531216236977,5006513,0.00000322,1.00000000,0
1531216237249,1531216237246,5006514,0.00000322,1.00000000,0
1531216237699,1531216237694,5006515,0.00000322,1.00000000,0
1531216237765,1531216237762,5006516,0.00000322,1.00000000,0
1531216238380,1531216238376,5006517,0.00000322,1.00000000,0
1531216238426,1531216238423,5006518,0.00000322,1.00000000,0
1531216239041,1531216239038,5006519,0.00000322,1.00000000,0
1531216239077,1531216239074,5006520,0.00000322,1.00000000,0
1531216239366,1531216239363,5006521,0.00000322,1.00000000,0
1531216239980,1531216239977,5006522,0.00000322,1.00000000,0
1531216240016,1531216240011,5006523,0.00000322,1.00000000,0
1531216240639,1531216240635,5006524,0.00000322,1.00000000,0
1531216240671,1531216240667,5006525,0.00000322,11.00000000,0
1531216241418,1531216241414,5006526,0.00000322,1.00000000,0
1531216241464,1531216241461,5006527,0.00000322,1.00000000,0
1531216242056,1531216242052,5006528,0.00000322,1.00000000,0
1531216242110,1531216242106,5006529,0.00000322,1.00000000,0
1531216242734,1531216242730,5006530,0.00000322,1.00000000,0
1531216243236,1531216243231,5006531,0.00000322,111.00000000,0
1531216243280,1531216243275,5006532,0.00000322,1.00000000,0
1531216243310,1531216243307,5006533,0.00000322,92.00000000,0
1531216244020,1531216244016,5006534,0.00000322,1.00000000,0
1531216244061,1531216244058,5006535,0.00000322,1.00000000,0
1531216244190,1531216244185,5006536,0.00000322,1.00000000,0
1531216244853,1531216244848,5006537,0.00000322,1.00000000,0
1531216244891,1531216244887,5006538,0.00000322,1.00000000,0
1531216245515,1531216245510,5006539,0.00000322,1.00000000,0
1531216245557,1531216245554,5006540,0.00000322,1.00000000,0
1531216245848,1531216245843,5006541,0.00000322,1.00000000,0
1531216246451,1531216246447,5006542,0.00000321,810.00000000,1
1531216246494,1531216246490,5006543,0.00000322,11.00000000,0
1531216246529,1531216246526,5006544,0.00000322,1.00000000,0
1531216247054,1531216247049,5006545,0.00000322,1.00000000,0
1531216247312,1531216247307,5006546,0.00000322,1.00000000,0
1531216247816,1531216247811,5006547,0.00000322,11.00000000,0
1531216247826,1531216247823,5006548,0.00000322,1.00000000,0
1531216247880,1531216247877,5006549,0.00000322,20000.00000000,0
1531216248002,1531216247999,5006550,0.00000322,1.00000000,0
1531216248782,1531216248778,5006551,0.00000322,11.00000000,0
1531216248814,1531216248810,5006552,0.00000322,1.00000000,0
1531216249387,1531216249383,5006553,0.00000322,1.00000000,0
1531216249441,1531216249438,5006554,0.00000322,1.00000000,0
1531216249905,1531216249900,5006555,0.00000322,1.00000000,0
1531216250208,1531216250205,5006556,0.00000322,1.00000000,0
1531216250701,1531216250697,5006557,0.00000322,11.00000000,0
1531216250743,1531216250739,5006558,0.00000322,11.00000000,0
1531216251334,1531216251330,5006559,0.00000322,1.00000000,0
1531216251397,1531216251393,5006560,0.00000322,1.00000000,0
1531216251982,1531216251979,5006561,0.00000322,1.00000000,0
1531216252047,1531216252042,5006562,0.00000322,1.00000000,0
1531216252661,1531216252657,5006563,0.00000322,1.00000000,0
1531216252691,1531216252687,5006564,0.00000322,1.00000000,0
1531216253003,1531216253000,5006565,0.00000322,1.00000000,0
1531216253636,1531216253630,5006566,0.00000322,11.00000000,0
1531216253662,1531216253658,5006567,0.00000322,1.00000000,0
1531216253967,1531216253962,5006568,0.00000322,1.00000000,0
1531216254232,1531216254228,5006569,0.00000322,5000.00000000,0
1531216254257,1531216254253,5006570,0.00000322,5000.00000000,0
1531216254553,1531216254550,5006571,0.00000322,1.00000000,0
1531216254612,1531216254607,5006572,0.00000322,1.00000000,0
1531216255196,1531216255191,5006573,0.00000322,5000.00000000,0
1531216255323,1531216255319,5006574,0.00000322,1.00000000,0
1531216255369,1531216255364,5006575,0.00000322,1.00000000,0
1531216255406,1531216255402,5006576,0.00000322,5000.00000000,0
1531216255661,1531216255657,5006577,0.00000322,1.00000000,0
1531216256184,1531216256181,5006578,0.00000322,5000.00000000,0
1531216265247,1531216265242,5006579,0.00000322,1.00000000,0
1531216265380,1531216265377,5006580,0.00000322,1.00000000,0
1531216265446,1531216265441,5006581,0.00000322,1.00000000,0
1531216265510,1531216265507,5006582,0.00000322,1.00000000,0
1531216265675,1531216265670,5006583,0.00000322,1.00000000,0
1531216266187,1531216266182,5006584,0.00000322,1.00000000,0
1531216266435,1531216266430,5006585,0.00000322,11.00000000,0
1531216266996,1531216266992,5006586,0.00000322,1.00000000,0
1531216267155,1531216267151,5006587,0.00000322,1.00000000,0
1531216267630,1531216267627,5006588,0.00000322,11.00000000,0
1531216267805,1531216267802,5006589,0.00000322,1.00000000,0
1531216268273,1531216268269,5006590,0.00000322,1.00000000,0
1531216268443,1531216268440,5006591,0.00000322,11.00000000,0
1531216268894,1531216268888,5006592,0.00000322,1.00000000,0
1531216269119,1531216269114,5006593,0.00000322,1.00000000,0
1531216269491,1531216269486,5006594,0.00000322,11.00000000,0
1531216269798,1531216269795,5006595,0.00000322,1.00000000,0
1531216270192,1531216270187,5006596,0.00000322,1.00000000,0
1531216270358,1531216270355,5006597,0.00000322,1.00000000,0
1531216270825,1531216270821,5006598,0.00000322,1.00000000,0
1531216270990,1531216270985,5006599,0.00000322,1.00000000,0
1531216271493,1531216271489,5006600,0.00000322,11.00000000,0
1531216271658,1531216271653,5006601,0.00000322,1.00000000,0
1531216272137,1531216272132,5006602,0.00000322,1.00000000,0
1531216272285,1531216272281,5006603,0.00000322,1.00000000,0
1531216272777,1531216272773,5006604,0.00000322,1.00000000,0
1531216272940,1531216272937,5006605,0.00000322,1.00000000,0
1531216273420,1531216273415,5006606,0.00000322,1.00000000,0
1531216273602,1531216273599,5006607,0.00000322,1.00000000,0
1531216274078,1531216274075,5006608,0.00000322,1.00000000,0
1531216274420,1531216274415,5006609,0.00000322,1.00000000,0
1531216274913,1531216274910,5006610,0.00000322,1.00000000,0
1531216274986,1531216274982,5006611,0.00000322,1.00000000,0
1531216275546,1531216275542,5006612,0.00000322,1.00000000,0
1531216275762,1531216275759,5006613,0.00000322,1.00000000,0
1531216276228,1531216276225,5006614,0.00000322,1.00000000,0
1531216276403,1531216276400,5006615,0.00000322,1.00000000,0
1531216277075,1531216277072,5006616,0.00000322,1.00000000,0
1531216277244,1531216277240,5006617,0.00000322,1.00000000,0
1531216277737,1531216277734,5006618,0.00000322,1.00000000,0
1531216277899,1531216277895,5006619,0.00000322,1.00000000,0
1531216278410,1531216278407,5006620,0.00000322,1.00000000,0
1531216278923,1531216278918,5006621,0.00000322,1.00000000,0
1531216279071,1531216279068,5006622,0.00000322,1.00000000,0
1531216279575,1531216279572,5006623,0.00000322,1.00000000,0
1531216279757,1531216279753,5006624,0.00000322,1.00000000,0
1531216280267,1531216280263,5006625,0.00000322,1.00000000,0
1531216280432,1531216280429,5006626,0.00000322,1.00000000,0
1531216280913,1531216280908,5006627,0.00000322,11.00000000,0
1531216281073,1531216281069,5006628,0.00000322,1.00000000,0
1531216281755,1531216281752,5006629,0.00000322,2.00000000,0
1531216282256,1531216282253,5006630,0.00000322,22.00000000,0
1531216282673,1531216282669,5006631,0.00000322,2.00000000,0
1531216283211,1531216283208,5006632,0.00000322,3106.00000000,0
1531216283234,1531216283230,5006633,0.00000322,2.00000000,0
1531216283751,1531216283746,5006634,0.00000322,2.00000000,0
1531216283753,1531216283749,5006635,0.00000322,2.00000000,0
1531216284385,1531216284380,5006636,0.00000322,2.00000000,0
1531216284448,1531216284445,5006637,0.00000322,2.00000000,0
1531216285059,1531216285055,5006638,0.00000322,2.00000000,0
1531216285536,1531216285531,5006639,0.00000322,2.00000000,0
1531216285715,1531216285711,5006640,0.00000322,2.00000000,0
1531216288464,1531216288460,5006641,0.00000322,1.00000000,0
1531216288602,1531216288598,5006642,0.00000322,1.00000000,0
1531216288795,1531216288791,5006643,0.00000322,1.00000000,0
1531216288990,1531216288986,5006644,0.00000322,1.00000000,0
1531216289471,1531216289466,5006645,0.00000322,1.00000000,0
1531216289654,1531216289651,5006646,0.00000322,1.00000000,0
1531216290170,1531216290167,5006647,0.00000322,1.00000000,0
1531216290355,1531216290351,5006648,0.00000322,1.00000000,0
1531216290864,1531216290860,5006649,0.00000322,1.00000000,0
1531216291059,1531216291054,5006650,0.00000322,1.00000000,0
1531216291570,1531216291567,5006651,0.00000322,1.00000000,0
1531216291735,1531216291732,5006652,0.00000322,1.00000000,0
1531216292253,1531216292249,5006653,0.00000322,1.00000000,0
1531216292610,1531216292606,5006654,0.00000322,1.00000000,0
1531216292807,1531216292803,5006655,0.00000322,11.00000000,0
1531216293310,1531216293307,5006656,0.00000322,1.00000000,0
1531216293492,1531216293487,5006657,0.00000322,1.00000000,0
1531216294002,1531216293997,5006658,0.00000322,1.00000000,0
1531216294125,1531216294120,5006659,0.00000322,3106.00000000,0
1531216294181,1531216294178,5006660,0.00000322,1.00000000,0
1531216294343,1531216294339,5006661,0.00000322,3106.00000000,0
1531216294772,1531216294767,5006662,0.00000322,1.00000000,0
1531216294960,1531216294955,5006663,0.00000322,1.00000000,0
1531216295393,1531216295388,5006664,0.00000322,340.00000000,0
1531216295414,1531216295410,5006665,0.00000322,11.00000000,0
1531216295588,1531216295585,5006666,0.00000322,1.00000000,0
1531216296083,1531216296080,5006667,0.00000322,1.00000000,0
1531216296253,1531216296248,5006668,0.00000322,1.00000000,0
1531216296756,1531216296752,5006669,0.00000322,1.00000000,0
1531216296925,1531216296920,5006670,0.00000322,1.00000000,0
1531216297446,1531216297442,5006671,0.00000322,1.00000000,0
1531216297617,1531216297613,5006672,0.00000322,1.00000000,0
1531216298138,1531216298134,5006673,0.00000322,1.00000000,0
1531216298300,1531216298295,5006674,0.00000322,1.00000000,0
1531216298835,1531216298833,5006675,0.00000322,1.00000000,0
1531216299012,1531216299009,5006676,0.00000322,1.00000000,0
1531216299511,1531216299507,5006677,0.00000322,1.00000000,0
1531216299902,1531216299897,5006678,0.00000322,11.00000000,0
1531216300074,1531216300070,5006679,0.00000322,1.00000000,0
1531216300690,1531216300687,5006680,0.00000322,1.00000000,0
1531216301190,1531216301185,5006681,0.00000322,27950.00000000,0
1531216301196,1531216301192,5006682,0.00000322,27950.00000000,0
1531216301216,1531216301213,5006683,0.00000322,1.00000000,0
1531216301224,1531216301221,5006684,0.00000322,27950.00000000,0
1531216301400,1531216301396,5006685,0.00000322,1.00000000,0
1531216301669,1531216301666,5006686,0.00000322,31152.00000000,0
1531216301913,1531216301908,5006687,0.00000322,1.00000000,0
1531216302070,1531216302066,5006688,0.00000322,1.00000000,0
1531216302769,1531216302764,5006689,0.00000322,1.00000000,0
1531216303128,1531216303124,5006690,0.00000322,1.00000000,0
1531216303294,1531216303290,5006691,0.00000322,1.00000000,0
1531216303820,1531216303816,5006692,0.00000322,11.00000000,0
1531216303990,1531216303987,5006693,0.00000322,1.00000000,0
1531216304467,1531216304464,5006694,0.00000322,1.00000000,0
1531216304644,1531216304639,5006695,0.00000322,1.00000000,0
1531216304658,1531216304653,5006696,0.00000322,3106.00000000,0
1531216304927,1531216304923,5006697,0.00000322,84152.00000000,0
1531216305153,1531216305150,5006698,0.00000322,1.00000000,0
1531216305317,1531216305313,5006699,0.00000322,1.00000000,0
1531216305819,1531216305816,5006700,0.00000322,11.00000000,0
1531216306000,1531216305994,5006701,0.00000322,1.00000000,0
1531216306287,1531216306282,5006702,0.00000322,5000.00000000,0
1531216306321,1531216306317,5006703,0.00000322,5000.00000000,0
1531216306504,1531216306501,5006704,0.00000322,1.00000000,0
1531216306681,1531216306677,5006705,0.00000322,1.00000000,0
1531216307153,1531216307148,5006706,0.00000322,1.00000000,0
1531216307221,1531216307217,5006707,0.00000322,5000.00000000,0
1531216307297,1531216307293,5006708,0.00000322,1.00000000,0
1531216307790,1531216307785,5006709,0.00000322,1.00000000,0
1531216307930,1531216307927,5006710,0.00000322,1.00000000,0
1531216308381,1531216308378,5006711,0.00000322,1.00000000,0
1531216308530,1531216308526,5006712,0.00000322,1.00000000,0
1531216308934,1531216308929,5006713,0.00000322,1.00000000,0
1531216309066,1531216309063,5006714,0.00000322,1.00000000,0
1531216309106,1531216309102,5006715,0.00000321,810.00000000,1
1531216309444,1531216309440,5006716,0.00000322,1.00000000,0
1531216309579,1531216309574,5006717,0.00000322,1.00000000,0
1531216309956,1531216309951,5006718,0.00000322,1.00000000,0
1531216310087,1531216310083,5006719,0.00000322,1.00000000,0
1531216310477,1531216310472,5006720,0.00000322,1.00000000,0
1531216310618,1531216310613,5006721,0.00000322,1.00000000,0
1531216311024,1531216311019,5006722,0.00000322,1.00000000,0
1531216311175,1531216311170,5006723,0.00000322,1.00000000,0
1531216311279,1531216311275,5006724,0.00000322,687716.00000000,0
1531216311985,1531216311982,5006725,0.00000323,1.00000000,0
1531216312129,1531216312125,5006726,0.00000323,1.00000000,0
1531216312325,1531216312321,5006727,0.00000323,1.00000000,0
1531216312378,1531216312375,5006728,0.00000323,1.00000000,0
1531216312542,1531216312539,5006729,0.00000323,1.00000000,0
1531216313085,1531216313081,5006730,0.00000323,1.00000000,0
1531216313292,1531216313288,5006731,0.00000323,1.00000000,0
1531216313700,1531216313694,5006732,0.00000323,1.00000000,0
1531216313868,1531216313863,5006733,0.00000323,1.00000000,0
1531216314355,1531216314350,5006734,0.00000323,11.00000000,0
1531216314500,1531216314496,5006735,0.00000323,1.00000000,0
1531216314988,1531216314984,5006736,0.00000323,11.00000000,0
1531216315134,1531216315130,5006737,0.00000323,1.00000000,0
1531216315616,1531216315613,5006738,0.00000323,11.00000000,0
1531216315771,1531216315766,5006739,0.00000323,1.00000000,0
1531216316262,1531216316257,5006740,0.00000323,1.00000000,0
1531216316448,1531216316443,5006741,0.00000323,1.00000000,0
1531216316952,1531216316949,5006742,0.00000323,1.00000000,0
1531216317114,1531216317110,5006743,0.00000323,11.00000000,0
1531216317609,1531216317604,5006744,0.00000323,1.00000000,0
1531216317768,1531216317765,5006745,0.00000323,11.00000000,0
1531216319335,1531216319329,5006746,0.00000323,8577.00000000,0
1531216319335,1531216319329,5006747,0.00000324,1423.00000000,0
1531216319814,1531216319811,5006748,0.00000324,1.00000000,0
1531216319882,1531216319877,5006749,0.00000324,1.00000000,0
1531216319970,1531216319967,5006750,0.00000324,1.00000000,0
1531216320620,1531216320615,5006751,0.00000324,11.00000000,0
1531216320756,1531216320751,5006752,0.00000324,1.00000000,0
1531216321220,1531216321216,5006753,0.00000324,1.00000000,0
1531216321375,1531216321371,5006754,0.00000324,1.00000000,0
1531216321774,1531216321769,5006755,0.00000324,1.00000000,0
1531216321920,1531216321915,5006756,0.00000324,1.00000000,0
1531216322363,1531216322360,5006757,0.00000324,1.00000000,0
1531216322520,1531216322517,5006758,0.00000324,1.00000000,0
1531216322988,1531216322984,5006759,0.00000324,11.00000000,0
1531216323121,1531216323116,5006760,0.00000324,1.00000000,0
1531216323553,1531216323549,5006761,0.00000324,1.00000000,0
1531216323709,1531216323706,5006762,0.00000324,1.00000000,0
1531216324175,1531216324172,5006763,0.00000324,1.00000000,0
1531216324317,1531216324313,5006764,0.00000324,1.00000000,0
1531216324784,1531216324780,5006765,0.00000324,1.00000000,0
1531216324939,1531216324935,5006766,0.00000324,1.00000000,0
1531216334426,1531216334423,5006767,0.00000324,801.00000000,0
1531216336159,1531216336155,5006768,0.00000323,3096.00000000,0
1531216336160,1531216336155,5006769,0.00000323,3096.00000000,0
1531216336178,1531216336175,5006770,0.00000323,3818.00000000,0
1531216336270,1531216336264,5006771,0.00000323,659.00000000,0
1531216336270,1531216336264,5006772,0.00000324,3818.00000000,0
1531216345094,1531216345089,5006773,0.00000324,3086.00000000,0
1531216345102,1531216345099,5006774,0.00000324,3086.00000000,0
1531216345107,1531216345103,5006775,0.00000324,3086.00000000,0
1531216345423,1531216345420,5006776,0.00000324,3903.00000000,0
1531216350812,1531216350808,5006777,0.00000324,24144.00000000,0
1531216357559,1531216357555,5006778,0.00000324,1543.00000000,0
1531216357851,1531216357848,5006779,0.00000324,3813.00000000,0
1531216360668,1531216360663,5006780,0.00000324,9259.00000000,0
1531216362508,1531216362505,5006781,0.00000324,27778.00000000,0
1531216363950,1531216363945,5006782,0.00000324,9259.00000000,0
1531216365233,1531216365229,5006783,0.00000324,27778.00000000,0
1531216366390,1531216366385,5006784,0.00000324,9259.00000000,0
1531216367127,1531216367122,5006785,0.00000324,3086.00000000,0
1531216367292,1531216367289,5006786,0.00000324,3086.00000000,0
1531216367939,1531216367934,5006787,0.00000324,23775.00000000,0
1531216367953,1531216367948,5006788,0.00000324,3086.00000000,0
1531216367959,1531216367954,5006789,0.00000324,19843.00000000,0
1531216371313,1531216371308,5006790,0.00000325,5000.00000000,0
1531216371599,1531216371592,5006791,0.00000325,11826.00000000,0
1531216371599,1531216371592,5006792,0.00000326,593.00000000,0
1531216388459,1531216388453,5006793,0.00000326,85150.00000000,0
1531216396400,1531216396396,5006794,0.00000326,8.00000000,0
1531216397544,1531216397540,5006795,0.00000326,4288.00000000,0
1531216403575,1531216403572,5006796,0.00000326,3067.00000000,0
1531216513136,1531216513131,5006797,0.00000326,13774.00000000,0
1531216539140,1531216539135,5006798,0.00000326,3067.00000000,0
1531216555151,1531216555147,5006799,0.00000326,3058.00000000,0
1531216558226,1531216558222,5006800,0.00000326,9202.00000000,0
1531216560507,1531216560503,5006801,0.00000326,3067.00000000,0
1531216563437,1531216563433,5006802,0.00000326,3067.00000000,0
1531216565148,1531216565145,5006803,0.00000326,3067.00000000,0
1531216565174,1531216565170,5006804,0.00000326,3067.00000000,0
1531216568752,1531216568745,5006805,0.00000326,247.00000000,0
1531216568752,1531216568745,5006806,0.00000327,2811.00000000,0
1531216590148,1531216590144,5006807,0.00000325,450.00000000,1
1531216595826,1531216595821,5006808,0.00000325,1353.00000000,1
1531216598001,1531216597996,5006809,0.00000325,27494.00000000,1
1531216599377,1531216599373,5006810,0.00000325,134054.00000000,1
1531216599396,1531216599392,5006811,0.00000325,26812.00000000,0
1531216599402,1531216599397,5006812,0.00000325,26085.00000000,0
1531216599402,1531216599397,5006813,0.00000327,727.00000000,0
1531216637515,1531216637511,5006814,0.00000324,87219.00000000,1
1531216637533,1531216637527,5006815,0.00000323,87219.00000000,1
1531216637552,1531216637547,5006816,0.00000323,88915.00000000,1
1531216637630,1531216637624,5006817,0.00000324,27778.00000000,0
1531216637650,1531216637646,5006818,0.00000324,3086.00000000,0
1531216637787,1531216637783,5006819,0.00000324,3399.00000000,0
1531216638224,1531216638220,5006820,0.00000324,5000.00000000,0
1531216638234,1531216638230,5006821,0.00000324,5000.00000000,0
1531216639020,1531216639016,5006822,0.00000324,1458.00000000,0
1531216639050,1531216639045,5006823,0.00000324,41428.00000000,0
1531216639875,1531216639870,5006824,0.00000325,1001.00000000,0
1531216639875,1531216639870,5006825,0.00000326,13401.00000000,0
1531216641118,1531216641115,5006826,0.00000325,8910.00000000,0
1531216642968,1531216642964,5006827,0.00000325,3077.00000000,0
1531216644776,1531216644772,5006828,0.00000324,130.00000000,1
1531216644894,1531216644890,5006829,0.00000325,758.00000000,0
1531216647664,1531216647659,5006830,0.00000325,59228.00000000,0
1531216648617,1531216648614,5006831,0.00000325,667.00000000,0
1531216651299,1531216651295,5006832,0.00000325,611.00000000,0
1531216652633,1531216652615,5006833,0.00000325,60097.00000000,0
1531216655271,1531216655268,5006834,0.00000324,286.00000000,1
1531216659338,1531216659333,5006835,0.00000324,484.00000000,1
1531216705010,1531216705005,5006836,0.00000325,3077.00000000,0
1531216712883,1531216712879,5006837,0.00000324,5635.00000000,1
1531216719258,1531216719253,5006838,0.00000325,1703.00000000,0
1531216737243,1531216737238,5006839,0.00000324,1100.00000000,1
1531216769499,1531216769495,5006840,0.00000324,5635.00000000,1
1531216784472,1531216784466,5006841,0.00000324,238479.00000000,1
1531216784490,1531216784485,5006842,0.00000324,97281.00000000,0
1531216784490,1531216784487,5006843,0.00000324,177864.00000000,0
1531216784506,1531216784501,5006844,0.00000324,123456.00000000,0
1531216784555,1531216784550,5006845,0.00000324,10200.00000000,0
1531216784568,1531216784563,5006846,0.00000324,11428.00000000,0
1531216784568,1531216784564,5006847,0.00000324,9259.00000000,0
1531216784576,1531216784573,5006848,0.00000324,9259.00000000,0
1531216784669,1531216784664,5006849,0.00000324,10490.00000000,0
1531216784723,1531216784719,5006850,0.00000325,21245.00000000,1
1531216785240,1531216785237,5006851,0.00000326,45.00000000,0
1531216820184,1531216820180,5006852,0.00000326,3067.00000000,0
1531216828119,1531216828113,5006853,0.00000326,3067.00000000,0
1531216828126,1531216828123,5006854,0.00000326,3067.00000000,0
1531216828358,1531216828354,5006855,0.00000326,9202.00000000,0
1531216833792,1531216833788,5006856,0.00000326,9202.00000000,0
1531216833980,1531216833977,5006857,0.00000326,3067.00000000,0
1531216837117,1531216837112,5006858,0.00000326,3067.00000000,0
1531216837126,1531216837122,5006859,0.00000326,3067.00000000,0
1531216840672,1531216840668,5006860,0.00000326,9202.00000000,0
1531216842537,1531216842532,5006861,0.00000326,3788.00000000,0
1531216843124,1531216843120,5006862,0.00000326,3067.00000000,0
1531216843328,1531216843324,5006863,0.00000326,3787.00000000,0
1531216843703,1531216843700,5006864,0.00000326,6308.00000000,0
1531216845077,1531216845073,5006865,0.00000326,11362.00000000,0
1531216845130,1531216845127,5006866,0.00000326,11362.00000000,0
1531216845984,1531216845980,5006867,0.00000326,76048.00000000,0
1531216857258,1531216857252,5006868,0.00000327,9174.00000000,0
1531216857260,1531216857256,5006869,0.00000327,5188.00000000,0
1531216857535,1531216857531,5006870,0.00000327,9174.00000000,0
1531216858218,1531216858214,5006871,0.00000327,5000.00000000,0
1531216860957,1531216860954,5006872,0.00000326,33984.00000000,1
1531216867606,1531216867602,5006873,0.00000327,28388.00000000,0
1531216870885,1531216870879,5006874,0.00000327,82974.00000000,0
1531216876844,1531216876838,5006875,0.00000327,78998.00000000,0
1531216887117,1531216887112,5006876,0.00000327,3058.00000000,0
1531216887130,1531216887126,5006877,0.00000327,3058.00000000,0
1531216887139,1531216887133,5006878,0.00000327,3058.00000000,0
1531216892267,1531216892263,5006879,0.00000326,93487.00000000,1
1531216892440,1531216892437,5006880,0.00000326,245.00000000,0
1531216899282,1531216899277,5006881,0.00000327,2737.00000000,0
1531216958621,1531216958617,5006882,0.00000326,9202.00000000,0
1531216958633,1531216958629,5006883,0.00000326,9202.00000000,0
1531216958657,1531216958653,5006884,0.00000326,9202.00000000,0
1531216959362,1531216959358,5006885,0.00000326,3638.00000000,0
1531216978160,1531216978157,5006886,0.00000327,27523.00000000,0
1531216981095,1531216981091,5006887,0.00000325,1.00000000,1
1531216988168,1531216988163,5006888,0.00000327,1529.00000000,0
1531217001269,1531217001264,5006889,0.00000327,3215.00000000,0
1531217013644,1531217013639,5006890,0.00000326,9538.00000000,0
1531217016762,1531217016759,5006891,0.00000326,4204.00000000,0
1531217017291,1531217017287,5006892,0.00000326,9538.00000000,0
1531217020797,1531217020793,5006893,0.00000326,3067.00000000,0
1531217025261,1531217025258,5006894,0.00000326,3179.00000000,0
1531217029576,1531217029573,5006895,0.00000326,3179.00000000,0
1531217041584,1531217041580,5006896,0.00000325,40809.00000000,1
1531217041695,1531217041691,5006897,0.00000325,34563.00000000,1
1531217066135,1531217066131,5006898,0.00000326,11374.00000000,0
1531217067799,1531217067794,5006899,0.00000326,3791.00000000,0
1531217070450,1531217070445,5006900,0.00000325,5635.00000000,1
1531217070604,1531217070600,5006901,0.00000326,3791.00000000,0
1531217071159,1531217071156,5006902,0.00000326,9202.00000000,0
1531217071212,1531217071209,5006903,0.00000326,27607.00000000,0
1531217072270,1531217072266,5006904,0.00000326,9202.00000000,0
1531217074149,1531217074145,5006905,0.00000326,11383.00000000,0
1531217074222,1531217074217,5006906,0.00000326,9202.00000000,0
1531217075191,1531217075187,5006907,0.00000326,9202.00000000,0
1531217076184,1531217076179,5006908,0.00000326,3067.00000000,0
1531217076290,1531217076287,5006909,0.00000326,5930.00000000,0
1531217129101,1531217129097,5006910,0.00000326,3067.00000000,0
1531217130263,1531217130259,5006911,0.00000326,27607.00000000,0
1531217133967,1531217133962,5006912,0.00000326,3798.00000000,0
1531217139920,1531217139914,5006913,0.00000326,9202.00000000,0
1531217140959,1531217140955,5006914,0.00000326,3067.00000000,0
1531217145012,1531217145009,5006915,0.00000326,9202.00000000,0
1531217147131,1531217147128,5006916,0.00000326,3067.00000000,0
1531217148180,1531217148175,5006917,0.00000326,3067.00000000,0
1531217151217,1531217151214,5006918,0.00000326,3791.00000000,0
1531217151237,1531217151233,5006919,0.00000326,3067.00000000,0
1531217155632,1531217155628,5006920,0.00000326,3067.00000000,0
1531217156395,1531217156390,5006921,0.00000326,3067.00000000,0
1531217173509,1531217173505,5006922,0.00000326,76.00000000,0
1531217174645,1531217174641,5006923,0.00000326,2142.00000000,0
1531217179215,1531217179211,5006924,0.00000326,9062.00000000,0
1531217194027,1531217194022,5006925,0.00000326,17556.00000000,1
1531217208414,1531217208409,5006926,0.00000327,2.00000000,0
1531217236817,1531217236813,5006927,0.00000326,48972.00000000,1
1531217237027,1531217237022,5006928,0.00000326,3067.00000000,0
1531217237033,1531217237029,5006929,0.00000326,34147.00000000,0
1531217237038,1531217237034,5006930,0.00000326,11382.00000000,0
1531217237459,1531217237455,5006931,0.00000326,6737.00000000,0
1531217241498,1531217241493,5006932,0.00000326,3791.00000000,0
1531217241578,1531217241575,5006933,0.00000326,3791.00000000,0
1531217242540,1531217242536,5006934,0.00000326,24001.00000000,0
1531217244244,1531217244239,5006935,0.00000326,3797.00000000,0
1531217245581,1531217245578,5006936,0.00000326,3067.00000000,0
1531217246159,1531217246155,5006937,0.00000326,5000.00000000,0
1531217246166,1531217246162,5006938,0.00000326,5000.00000000,0
1531217246239,1531217246236,5006939,0.00000326,5000.00000000,0
1531217269322,1531217269316,5006940,0.00000326,1981.00000000,0
1531217288775,1531217288771,5006941,0.00000326,784.00000000,0
1531217302081,1531217302076,5006942,0.00000326,2853.00000000,1
1531217315434,1531217315429,5006943,0.00000326,19969.00000000,0
1531217325716,1531217325711,5006944,0.00000326,11412.00000000,0
1531217373363,1531217373359,5006945,0.00000326,996.00000000,0
1531217399078,1531217399072,5006946,0.00000326,7086.00000000,0
1531217402258,1531217402252,5006947,0.00000326,914.00000000,1
1531217413229,1531217413224,5006948,0.00000325,73538.00000000,1
1531217413229,1531217413224,5006949,0.00000324,60667.00000000,1
1531217437383,1531217437379,5006950,0.00000324,5995.00000000,1
1531217439904,1531217439900,5006951,0.00000325,9231.00000000,0
1531217439905,1531217439901,5006952,0.00000325,27692.00000000,0
1531217439911,1531217439907,5006953,0.00000325,11096.00000000,0
1531217439917,1531217439913,5006954,0.00000325,7462.00000000,0
1531217460094,1531217460090,5006955,0.00000325,8260.00000000,1
1531217476954,1531217476948,5006956,0.00000325,14425.00000000,1
1531217554390,1531217554387,5006957,0.00000326,25.00000000,0
1531217555630,1531217555624,5006958,0.00000324,394378.00000000,1
1531217556084,1531217556079,5006959,0.00000324,3086.00000000,0
1531217556933,1531217556929,5006960,0.00000324,3086.00000000,0
1531217557114,1531217557110,5006961,0.00000324,9259.00000000,0
1531217558004,1531217558000,5006962,0.00000324,279.00000000,0
1531217558572,1531217558568,5006963,0.00000324,2587.00000000,0
1531217560692,1531217560685,5006964,0.00000324,1.00000000,0
1531217609753,1531217609748,5006965,0.00000324,37571.00000000,0
1531217624115,1531217624111,5006966,0.00000324,7462.00000000,0
1531217624180,1531217624176,5006967,0.00000324,3086.00000000,0
1531217624285,1531217624280,5006968,0.00000324,13768.00000000,0
1531217625672,1531217625667,5006969,0.00000324,10576.00000000,0
1531217627188,1531217627183,5006970,0.00000324,337.00000000,0
1531217628231,1531217628227,5006971,0.00000324,1300.00000000,0
1531217629938,1531217629933,5006972,0.00000324,3086.00000000,0
1531217635885,1531217635881,5006973,0.00000324,10.00000000,0
1531217637201,1531217637196,5006974,0.00000324,151340.00000000,0
1531217670651,1531217670646,5006975,0.00000326,21.00000000,0
1531217671269,1531217671264,5006976,0.00000326,2356.00000000,0
1531217752251,1531217752246,5006977,0.00000326,2.00000000,0
1531217786287,1531217786282,5006978,0.00000326,10.00000000,0
1531217794641,1531217794637,5006979,0.00000326,52.00000000,0
1531217796486,1531217796482,5006980,0.00000324,6.00000000,1
1531217797660,1531217797657,5006981,0.00000326,1.00000000,0
1531217833719,1531217833714,5006982,0.00000326,54.00000000,0
1531217836293,1531217836287,5006983,0.00000324,536.00000000,1
1531217866527,1531217866523,5006984,0.00000324,16540.00000000,1
1531217966221,1531217966217,5006985,0.00000325,3077.00000000,0
1531217966731,1531217966727,5006986,0.00000325,4997.00000000,0
1531217966731,1531217966727,5006987,0.00000326,24212.00000000,0
1531217990087,1531217990082,5006988,0.00000326,27607.00000000,0
1531217991745,1531217991740,5006989,0.00000325,8048.00000000,1
