event_time,trade_time,trade_id,price,quantity,maker
1531210388114,1531210388108,269321,0.00000077,706018.00000000,1
1531210390477,1531210390472,269322,0.00000078,1444.00000000,0
1531210437701,1531210437698,269323,0.00000078,20196.00000000,0
1531210454732,1531210454729,269324,0.00000078,52753.00000000,0
1531210459915,1531210459910,269325,0.00000078,23981.00000000,0
1531210502513,1531210502508,269326,0.00000077,978061.00000000,1
1531210541887,1531210541883,269327,0.00000078,1444.00000000,0
1531210552337,1531210552320,269328,0.00000077,3250.00000000,1
1531210570158,1531210570153,269329,0.00000078,1355.00000000,0
1531210577495,1531210577490,269330,0.00000078,23981.00000000,0
1531210595651,1531210595646,269331,0.00000078,1.00000000,0
1531210620221,1531210620215,269332,0.00000078,43956.00000000,0
1531210620240,1531210620236,269333,0.00000078,8260.00000000,0
1531210620246,1531210620242,269334,0.00000078,12820.00000000,0
1531210620248,1531210620245,269335,0.00000078,43956.00000000,0
1531210629413,1531210629410,269336,0.00000078,5005.00000000,0
1531210637513,1531210637507,269337,0.00000078,23981.00000000,0
1531210637838,1531210637811,269338,0.00000078,10300739.00000000,0
1531210638529,1531210638526,269339,0.00000078,36648.00000000,1
1531210638821,1531210638815,269340,0.00000078,69889.00000000,1
1531210639484,1531210639480,269341,0.00000078,27569.00000000,1
1531210639600,1531210639597,269342,0.00000078,41354.00000000,1
1531210640134,1531210640130,269343,0.00000078,1400.00000000,1
1531210640464,1531210640460,269344,0.00000078,17544.00000000,1
1531210642077,1531210642072,269345,0.00000078,25031.00000000,1
1531210642398,1531210642394,269346,0.00000078,2520.00000000,1
1531210642463,1531210642457,269347,0.00000078,35368.00000000,1
1531210643253,1531210643248,269348,0.00000078,6402.00000000,0
1531210644205,1531210644201,269349,0.00000078,7418.00000000,0
1531210644979,1531210644976,269350,0.00000078,6166.00000000,0
1531210673619,1531210673615,269351,0.00000078,3206.00000000,0
1531210679002,1531210678997,269352,0.00000078,1279.00000000,0
1531210679575,1531210679572,269353,0.00000078,4.00000000,0
1531210680804,1531210680799,269354,0.00000078,8334.00000000,0
1531210682274,1531210682270,269355,0.00000078,10834.00000000,0
1531210688483,1531210688479,269356,0.00000078,2840.00000000,0
1531210691326,1531210691320,269357,0.00000078,2003.00000000,0
1531210693160,1531210693155,269358,0.00000078,12156.00000000,0
1531210697534,1531210697534,269359,0.00000078,23981.00000000,0
1531210707097,1531210707092,269360,0.00000078,369568.00000000,0
1531210717650,1531210717646,269361,0.00000078,122725.00000000,0
1531210756003,1531210755999,269362,0.00000077,22334.00000000,1
1531210757752,1531210757748,269363,0.00000078,23981.00000000,0
1531210770970,1531210770966,269364,0.00000078,1037635.00000000,0
1531210771115,1531210771112,269365,0.00000078,307910.00000000,0
1531210771139,1531210771135,269366,0.00000078,28147.00000000,1
1531210771163,1531210771159,269367,0.00000078,8260.00000000,1
1531210771529,1531210771525,269368,0.00000078,463.00000000,1
1531210772001,1531210771997,269369,0.00000078,18052.00000000,1
1531210773846,1531210773841,269370,0.00000078,1556.00000000,1
1531210777385,1531210777380,269371,0.00000078,3.00000000,1
1531210778734,1531210778730,269372,0.00000078,1784.00000000,1
1531210782402,1531210782398,269373,0.00000079,11.00000000,0
1531210785188,1531210785183,269374,0.00000078,70000.00000000,1
1531210786614,1531210786609,269375,0.00000079,1444.00000000,0
1531210796187,1531210796184,269376,0.00000078,1815.00000000,1
1531210796212,1531210796208,269377,0.00000079,6048.00000000,0
1531210798644,1531210798640,269378,0.00000079,59.00000000,0
1531210800398,1531210800393,269379,0.00000079,1263.00000000,0
1531210800533,1531210800529,269380,0.00000079,1.00000000,0
1531210802125,1531210802121,269381,0.00000079,3.00000000,0
1531210805130,1531210805127,269382,0.00000079,3292.00000000,0
1531210806820,1531210806814,269383,0.00000079,4279.00000000,0
1531210815853,1531210815849,269384,0.00000079,23677.00000000,0
1531210820951,1531210820948,269385,0.00000079,7795.00000000,0
1531210826576,1531210826573,269386,0.00000078,9351.00000000,1
1531210830295,1531210830290,269387,0.00000079,1444.00000000,0
1531210834969,1531210834965,269388,0.00000079,16026.00000000,0
1531210835872,1531210835869,269389,0.00000078,86448.00000000,1
1531210850891,1531210850888,269390,0.00000079,1444.00000000,0
1531210863302,1531210863298,269391,0.00000079,2320.00000000,0
1531210880404,1531210880399,269392,0.00000079,1421.00000000,0
1531210902378,1531210902374,269393,0.00000078,172460.00000000,1
1531210913147,1531210913143,269394,0.00000078,512.00000000,1
1531210928394,1531210928391,269395,0.00000078,49971.00000000,1
1531210947628,1531210947623,269396,0.00000079,1500.00000000,0
1531210962018,1531210962014,269397,0.00000078,1750.00000000,1
1531210971755,1531210971750,269398,0.00000078,2445.00000000,1
1531210974463,1531210974459,269399,0.00000078,960097.00000000,1
1531210988607,1531210988603,269400,0.00000078,211740.00000000,1
1531210989507,1531210989502,269401,0.00000078,9278.00000000,1
1531210990212,1531210990208,269402,0.00000078,175861.00000000,1
1531210990902,1531210990898,269403,0.00000078,63688.00000000,1
1531211006742,1531211006738,269404,0.00000078,512887.00000000,1
1531211006894,1531211006891,269405,0.00000078,512887.00000000,1
1531211007040,1531211007034,269406,0.00000078,512887.00000000,1
1531211008732,1531211008714,269407,0.00000078,1658164.00000000,1
1531211010128,1531211010124,269408,0.00000078,91384.00000000,1
1531211011589,1531211011584,269409,0.00000078,6028.00000000,0
1531211014699,1531211014694,269410,0.00000077,3576.00000000,1
1531211019461,1531211019457,269411,0.00000077,5787.00000000,1
1531211020128,1531211020122,269412,0.00000078,24.00000000,0
1531211021567,1531211021561,269413,0.00000077,1312.00000000,1
1531211022587,1531211022587,269414,0.00000078,82854.00000000,0
1531211022700,1531211022696,269415,0.00000077,5787.00000000,1
1531211029393,1531211029389,269416,0.00000077,207640.00000000,1
1531211032188,1531211032185,269417,0.00000077,4600.00000000,1
1531211041144,1531211041140,269418,0.00000078,1444.00000000,0
1531211048843,1531211048839,269419,0.00000078,64102.00000000,0
1531211048847,1531211048842,269420,0.00000078,9895.00000000,0
1531211048855,1531211048851,269421,0.00000078,3478.00000000,0
1531211059650,1531211059646,269422,0.00000078,23981.00000000,0
1531211061113,1531211061108,269423,0.00000078,12224.00000000,0
1531211085835,1531211085832,269424,0.00000077,49950.00000000,1
1531211087740,1531211087736,269425,0.00000078,1444.00000000,0
1531211094377,1531211094373,269426,0.00000078,3678.00000000,0
1531211108436,1531211108433,269427,0.00000078,35334.00000000,0
1531211132648,1531211132646,269428,0.00000077,7696.00000000,1
1531211134520,1531211134517,269429,0.00000078,1365.00000000,0
1531211138130,1531211138126,269430,0.00000078,46615.00000000,0
1531211153677,1531211153669,269431,0.00000077,3880179.00000000,1
1531211156475,1531211156471,269432,0.00000078,1288.00000000,0
1531211157870,1531211157865,269433,0.00000078,983.00000000,0
1531211177846,1531211177844,269434,0.00000078,23981.00000000,0
1531211185456,1531211185451,269435,0.00000078,192116.00000000,0
1531211202559,1531211202556,269436,0.00000078,7636.00000000,0
1531211204133,1531211204127,269437,0.00000077,1312.00000000,1
1531211204493,1531211204488,269438,0.00000077,963.00000000,1
1531211210874,1531211210870,269439,0.00000077,3201.00000000,1
1531211219260,1531211219256,269440,0.00000078,9771.00000000,0
1531211219388,1531211219384,269441,0.00000078,1444.00000000,0
1531211226011,1531211226009,269442,0.00000077,984.00000000,1
1531211233539,1531211233534,269443,0.00000078,48342.00000000,0
1531211233652,1531211233648,269444,0.00000078,1288.00000000,0
1531211235050,1531211235048,269445,0.00000078,15287.00000000,0
1531211275762,1531211275758,269446,0.00000078,11354.00000000,0
1531211279272,1531211279267,269447,0.00000077,6440.00000000,1
1531211280835,1531211280831,269448,0.00000078,1333.00000000,0
1531211296185,1531211296181,269449,0.00000078,23981.00000000,0
1531211338878,1531211338873,269450,0.00000077,21043.00000000,1
1531211341869,1531211341866,269451,0.00000078,1286.00000000,0
1531211351676,1531211351673,269452,0.00000078,1793.00000000,0
1531211369691,1531211369686,269453,0.00000078,512820.00000000,0
1531211376150,1531211376146,269454,0.00000078,263602.00000000,0
1531211376162,1531211376157,269455,0.00000078,8258.00000000,0
1531211377702,1531211377697,269456,0.00000078,1363.00000000,0
1531211398757,1531211398751,269457,0.00000078,1315476.00000000,0
1531211425499,1531211425495,269458,0.00000078,17050.00000000,0
1531211428991,1531211428987,269459,0.00000077,198840.00000000,1
1531211449411,1531211449407,269460,0.00000078,11983.00000000,0
1531211464690,1531211464686,269461,0.00000077,1320.00000000,1
1531211471668,1531211471665,269462,0.00000078,5463.00000000,0
1531211476928,1531211476923,269463,0.00000077,1423.00000000,1
1531211545403,1531211545399,269464,0.00000077,23868.00000000,1
1531211546567,1531211546564,269465,0.00000077,20021.00000000,1
1531211607444,1531211607441,269466,0.00000077,51954.00000000,1
1531211624818,1531211624814,269467,0.00000077,210912.00000000,1
1531211676005,1531211675999,269468,0.00000078,960.00000000,0
1531211676832,1531211676829,269469,0.00000077,6808.00000000,1
1531211746265,1531211746260,269470,0.00000077,835031.00000000,1
1531211770913,1531211770909,269471,0.00000077,65980.00000000,1
1531211777545,1531211777543,269472,0.00000078,146884.00000000,0
1531211777702,1531211777697,269473,0.00000078,36112.00000000,0
1531211784021,1531211784015,269474,0.00000078,7508.00000000,0
1531211787795,1531211787791,269475,0.00000077,73796.00000000,1
1531211788402,1531211788398,269476,0.00000077,240330.00000000,1
1531211807305,1531211807301,269477,0.00000077,3.00000000,1
1531211807720,1531211807716,269478,0.00000078,112146.00000000,0
1531211817711,1531211817707,269479,0.00000077,45109.00000000,1
1531211829192,1531211829189,269480,0.00000078,2.00000000,0
1531211836436,1531211836431,269481,0.00000077,50000.00000000,1
1531211901450,1531211901442,269482,0.00000077,2165710.00000000,1
1531211920136,1531211920133,269483,0.00000077,8200.00000000,1
1531211921689,1531211921686,269484,0.00000077,18081.00000000,1
1531211930506,1531211930501,269485,0.00000077,1732.00000000,1
1531211950949,1531211950945,269486,0.00000077,1312.00000000,1
1531211951275,1531211951269,269487,0.00000077,1439.00000000,1
1531211975687,1531211975684,269488,0.00000077,18474.00000000,1
1531211976389,1531211976384,269489,0.00000077,8149.00000000,1
1531211977015,1531211977012,269490,0.00000078,153842.00000000,0
1531212032077,1531212032046,269491,0.00000077,26072.00000000,1
1531212047107,1531212047102,269492,0.00000077,121817.00000000,1
1531212050942,1531212050938,269493,0.00000077,2404.00000000,1
1531212062512,1531212062508,269494,0.00000077,26218.00000000,1
1531212093249,1531212093244,269495,0.00000077,3280.00000000,1
1531212100601,1531212100595,269496,0.00000077,47284.00000000,1
1531212116281,1531212116274,269497,0.00000077,748473.00000000,1
1531212144686,1531212144680,269498,0.00000077,25000.00000000,1
1531212155040,1531212155035,269499,0.00000077,21849.00000000,1
1531212157784,1531212157780,269500,0.00000077,6839.00000000,1
1531212157894,1531212157889,269501,0.00000077,71060.00000000,1
1531212168597,1531212168593,269502,0.00000077,300000.00000000,1
1531212175827,1531212175821,269503,0.00000077,320407.00000000,1
1531212175830,1531212175826,269504,0.00000076,320407.00000000,1
1531212175831,1531212175826,269505,0.00000076,174069.00000000,1
1531212175852,1531212175849,269506,0.00000076,858158.00000000,1
1531212176079,1531212176074,269507,0.00000076,8259.00000000,1
1531212176233,1531212176229,269508,0.00000077,20046.00000000,0
1531212176418,1531212176413,269509,0.00000076,42390.00000000,1
1531212177326,1531212177321,269510,0.00000076,25941.00000000,1
1531212177466,1531212177461,269511,0.00000076,7851.00000000,1
1531212177528,1531212177524,269512,0.00000076,7418.00000000,1
1531212177840,1531212177836,269513,0.00000076,1924.00000000,1
1531212177854,1531212177850,269514,0.00000076,7420.00000000,1
1531212178261,1531212178257,269515,0.00000076,1802.00000000,1
1531212178573,1531212178567,269516,0.00000076,5853.00000000,1
1531212178631,1531212178627,269517,0.00000076,28260.00000000,1
1531212178758,1531212178753,269518,0.00000076,7798.00000000,1
1531212179204,1531212179200,269519,0.00000076,17983.00000000,1
1531212179467,1531212179462,269520,0.00000076,5853.00000000,1
1531212180777,1531212180772,269521,0.00000077,1496.00000000,0
1531212181174,1531212181169,269522,0.00000077,203793.00000000,0
1531212183531,1531212183525,269523,0.00000077,53.00000000,0
1531212239269,1531212239264,269524,0.00000076,2605.00000000,1
1531212239459,1531212239454,269525,0.00000076,4161.00000000,1
1531212295781,1531212295776,269526,0.00000077,2000.00000000,0
1531212297681,1531212297677,269527,0.00000076,3247.00000000,1
1531212298130,1531212298127,269528,0.00000076,3253.00000000,1
1531212299828,1531212299823,269529,0.00000076,7785.00000000,1
1531212323364,1531212323358,269530,0.00000076,618670.00000000,1
1531212338424,1531212338421,269531,0.00000076,2317.00000000,1
1531212378716,1531212378711,269532,0.00000076,3242.00000000,1
1531212491637,1531212491634,269533,0.00000076,110694.00000000,1
1531212503603,1531212503599,269534,0.00000076,54945.00000000,1
1531212573590,1531212573587,269535,0.00000076,2363.00000000,1
1531212583635,1531212583630,269536,0.00000076,165399.00000000,1
1531212609844,1531212609839,269537,0.00000076,419411.00000000,1
1531212636477,1531212636472,269538,0.00000076,59138.00000000,1
1531212665336,1531212665331,269539,0.00000076,149748.00000000,1
1531212667916,1531212667913,269540,0.00000076,7493.00000000,1
1531212685595,1531212685589,269541,0.00000076,1200.00000000,1
1531212693989,1531212693986,269542,0.00000076,180751.00000000,1
1531212704668,1531212704664,269543,0.00000076,16884.00000000,1
1531212736877,1531212736873,269544,0.00000076,6621.00000000,1
1531212742887,1531212742884,269545,0.00000076,155602.00000000,1
1531212748079,1531212748074,269546,0.00000077,784.00000000,0
1531212750279,1531212750274,269547,0.00000076,183213.00000000,1
1531212751105,1531212751102,269548,0.00000077,2.00000000,0
1531212759447,1531212759442,269549,0.00000076,1654.00000000,1
1531212796630,1531212796625,269550,0.00000076,3279.00000000,1
1531212826137,1531212826133,269551,0.00000076,22730.00000000,1
1531212847710,1531212847706,269552,0.00000076,35569.00000000,1
1531212852849,1531212852844,269553,0.00000076,1583.00000000,1
1531212857985,1531212857980,269554,0.00000076,6396.00000000,1
1531212898202,1531212898197,269555,0.00000076,32632.00000000,1
1531212946210,1531212946207,269556,0.00000076,267538.00000000,1
1531212963775,1531212963772,269557,0.00000076,56818.00000000,1
1531213014822,1531213014818,269558,0.00000077,90000.00000000,0
1531213095222,1531213095218,269559,0.00000077,8545.00000000,0
1531213153135,1531213153130,269560,0.00000076,1800.00000000,1
1531213186182,1531213186178,269561,0.00000077,25000.00000000,0
1531213191366,1531213191363,269562,0.00000077,34846.00000000,0
1531213200377,1531213200372,269563,0.00000077,28070.00000000,0
1531213266196,1531213266192,269564,0.00000076,89589.00000000,1
1531213331387,1531213331384,269565,0.00000076,4852.00000000,1
1531213400345,1531213400340,269566,0.00000076,252298.00000000,1
1531213446628,1531213446625,269567,0.00000076,146194.00000000,1
1531213458829,1531213458824,269568,0.00000076,12564.00000000,1
1531213462953,1531213462948,269569,0.00000076,127545.00000000,1
1531213531131,1531213531126,269570,0.00000076,17698.00000000,1
1531213533475,1531213533471,269571,0.00000076,2001.00000000,1
1531213593223,1531213593217,269572,0.00000076,2153377.00000000,1
1531213597940,1531213597937,269573,0.00000076,21.00000000,1
1531213613536,1531213613530,269574,0.00000077,58014.00000000,0
1531213621951,1531213621948,269575,0.00000076,73076.00000000,1
1531213627733,1531213627729,269576,0.00000076,1329.00000000,1
1531213648097,1531213648092,269577,0.00000076,53158.00000000,1
1531213648170,1531213648166,269578,0.00000076,1329.00000000,1
1531213648359,1531213648356,269579,0.00000076,1329.00000000,1
1531213663360,1531213663356,269580,0.00000076,619115.00000000,1
1531213684122,1531213684119,269581,0.00000076,1422.00000000,1
1531213732018,1531213732015,269582,0.00000076,82876.00000000,1
1531213757985,1531213757980,269583,0.00000076,99899.00000000,1
1531213758709,1531213758704,269584,0.00000076,64902.00000000,1
1531213762839,1531213762836,269585,0.00000076,19556.00000000,1
1531213779677,1531213779675,269586,0.00000076,32345.00000000,1
1531213782333,1531213782329,269587,0.00000077,19481.00000000,0
1531213795346,1531213795342,269588,0.00000076,60881.00000000,1
1531213807909,1531213807906,269589,0.00000077,1299.00000000,0
1531213821608,1531213821603,269590,0.00000076,305029.00000000,1
1531213906656,1531213906653,269591,0.00000076,39248.00000000,1
1531213920964,1531213920961,269592,0.00000076,141812.00000000,1
1531213928566,1531213928563,269593,0.00000076,450048.00000000,1
1531213933264,1531213933259,269594,0.00000077,133720.00000000,0
1531213935952,1531213935948,269595,0.00000076,62526.00000000,1
1531213951172,1531213951168,269596,0.00000077,22263.00000000,0
1531213960042,1531213960038,269597,0.00000076,4000.00000000,1
1531213983999,1531213983996,269598,0.00000077,10000.00000000,0
1531213986282,1531213986277,269599,0.00000076,320438.00000000,1
1531213987162,1531213987158,269600,0.00000076,46610.00000000,1
1531213999684,1531213999679,269601,0.00000076,3237.00000000,1
1531214083216,1531214083212,269602,0.00000076,27000.00000000,1
1531214100611,1531214100608,269603,0.00000077,4400.00000000,0
1531214106967,1531214106962,269604,0.00000076,10404.00000000,1
1531214111224,1531214111220,269605,0.00000077,65668.00000000,0
1531214130730,1531214130725,269606,0.00000077,3385.00000000,0
1531214236724,1531214236721,269607,0.00000076,52744.00000000,1
1531214256828,1531214256824,269608,0.00000076,4866.00000000,1
1531214295038,1531214295035,269609,0.00000077,19402.00000000,0
1531214318808,1531214318805,269610,0.00000077,2845.00000000,0
1531214321632,1531214321628,269611,0.00000077,70531.00000000,0
1531214338592,1531214338589,269612,0.00000076,2960.00000000,1
1531214349572,1531214349567,269613,0.00000076,15225.00000000,1
1531214349705,1531214349702,269614,0.00000076,15150.00000000,1
1531214356262,1531214356257,269615,0.00000076,46140.00000000,1
1531214372604,1531214372601,269616,0.00000077,15416.00000000,0
1531214396255,1531214396250,269617,0.00000077,13076.00000000,0
1531214416366,1531214416361,269618,0.00000076,25672.00000000,1
1531214428300,1531214428297,269619,0.00000076,7000.00000000,1
1531214443201,1531214443195,269620,0.00000076,462439.00000000,1
1531214451464,1531214451457,269621,0.00000076,438106.00000000,1
1531214457615,1531214457603,269622,0.00000076,2783425.00000000,1
1531214458452,1531214458449,269623,0.00000076,7683.00000000,1
1531214458817,1531214458812,269624,0.00000076,8091.00000000,1
1531214458854,1531214458851,269625,0.00000076,8260.00000000,0
1531214458885,1531214458882,269626,0.00000076,11171.00000000,0
1531214458900,1531214458895,269627,0.00000076,11171.00000000,0
1531214458945,1531214458942,269628,0.00000076,4640.00000000,0
1531214459827,1531214459822,269629,0.00000076,6428.00000000,1
1531214459916,1531214459911,269630,0.00000076,7277.00000000,1
1531214460039,1531214460025,269631,0.00000076,2494.00000000,1
1531214460069,1531214460064,269632,0.00000076,4203.00000000,0
1531214460713,1531214460709,269633,0.00000076,986.00000000,0
1531214460871,1531214460867,269634,0.00000076,996.00000000,1
1531214460871,1531214460867,269635,0.00000075,6764.00000000,1
1531214460871,1531214460867,269636,0.00000075,11983.00000000,1
1531214460875,1531214460867,269637,0.00000075,1315476.00000000,1
1531214460875,1531214460867,269638,0.00000075,153842.00000000,1
1531214460876,1531214460867,269639,0.00000075,191923.00000000,1
1531214461192,1531214461187,269640,0.00000075,1956.00000000,1
1531214461222,1531214461219,269641,0.00000075,7758.00000000,1
1531214461935,1531214461931,269642,0.00000076,1579.00000000,1
1531214461949,1531214461945,269643,0.00000075,5100.00000000,1
1531214462023,1531214462019,269644,0.00000076,4849.00000000,0
1531214462599,1531214462594,269645,0.00000075,7684.00000000,1
1531214463016,1531214463013,269646,0.00000076,4385.00000000,0
1531214463257,1531214463254,269647,0.00000075,5203.00000000,1
1531214463639,1531214463635,269648,0.00000075,6425.00000000,1
1531214463778,1531214463775,269649,0.00000075,7758.00000000,1
1531214463855,1531214463850,269650,0.00000075,2291.00000000,1
1531214463947,1531214463942,269651,0.00000075,7683.00000000,1
1531214464075,1531214464071,269652,0.00000076,6588.00000000,0
1531214464215,1531214464210,269653,0.00000076,4391.00000000,0
1531214464319,1531214464317,269654,0.00000075,2560.00000000,1
1531214464543,1531214464538,269655,0.00000075,26271.00000000,1
1531214464663,1531214464658,269656,0.00000075,7760.00000000,1
1531214465012,1531214465007,269657,0.00000076,70309.00000000,0
1531214465114,1531214465110,269658,0.00000075,6402.00000000,1
1531214466057,1531214466054,269659,0.00000075,3259.00000000,1
1531214467916,1531214467913,269660,0.00000076,117.00000000,0
1531214469705,1531214469700,269661,0.00000075,7683.00000000,1
1531214470511,1531214470508,269662,0.00000075,3304.00000000,1
1531214477978,1531214477973,269663,0.00000075,512307.00000000,1
1531214486257,1531214486252,269664,0.00000075,6028.00000000,1
1531214489290,1531214489286,269665,0.00000075,3474.00000000,1
1531214489494,1531214489488,269666,0.00000075,1579.00000000,1
1531214493309,1531214493306,269667,0.00000075,8631.00000000,1
1531214519558,1531214519555,269668,0.00000075,28499.00000000,1
1531214534664,1531214534659,269669,0.00000075,35334.00000000,1
1531214559132,1531214559129,269670,0.00000076,383.00000000,0
1531214562481,1531214562477,269671,0.00000076,1.00000000,0
1531214564209,1531214564204,269672,0.00000076,6691.00000000,0
1531214579482,1531214579477,269673,0.00000075,2371.00000000,1
1531214579517,1531214579512,269674,0.00000075,3289.00000000,1
1531214579920,1531214579917,269675,0.00000075,4605.00000000,1
1531214583192,1531214583188,269676,0.00000075,7889.00000000,1
1531214604387,1531214604383,269677,0.00000075,8091.00000000,1
1531214604495,1531214604492,269678,0.00000075,7683.00000000,1
1531214605716,1531214605713,269679,0.00000075,8099.00000000,1
1531214605782,1531214605778,269680,0.00000075,8100.00000000,1
1531214621110,1531214621107,269681,0.00000075,1421.00000000,1
1531214637786,1531214637783,269682,0.00000075,1388.00000000,1
1531214640667,1531214640664,269683,0.00000075,10760.00000000,1
1531214659617,1531214659613,269684,0.00000075,3284.00000000,1
1531214659713,1531214659709,269685,0.00000075,3302.00000000,1
1531214660433,1531214660429,269686,0.00000075,3284.00000000,1
1531214661071,1531214661067,269687,0.00000076,13157.00000000,0
1531214662112,1531214662108,269688,0.00000075,3304.00000000,1
1531214698278,1531214698274,269689,0.00000075,46123.00000000,1
1531214703205,1531214703200,269690,0.00000075,1910.00000000,1
1531214756853,1531214756849,269691,0.00000075,3504.00000000,1
1531214784020,1531214784017,269692,0.00000075,5450.00000000,1
1531214816051,1531214816047,269693,0.00000075,3849.00000000,1
1531214843278,1531214843275,269694,0.00000075,5050.00000000,1
1531214862524,1531214862519,269695,0.00000076,572040.00000000,0
1531214875739,1531214875736,269696,0.00000075,15874.00000000,1
1531214889488,1531214889484,269697,0.00000076,681.00000000,0
1531214892494,1531214892491,269698,0.00000076,2.00000000,0
1531214902891,1531214902887,269699,0.00000076,1207.00000000,0
1531214915050,1531214915043,269700,0.00000076,1809721.00000000,0
1531214915289,1531214915283,269701,0.00000076,10605.00000000,0
1531214920289,1531214920284,269702,0.00000076,10605.00000000,0
1531214922228,1531214922223,269703,0.00000076,58790.00000000,0
1531214922326,1531214922322,269704,0.00000076,14596.00000000,1
1531214922595,1531214922590,269705,0.00000076,106923.00000000,1
1531214922890,1531214922886,269706,0.00000076,7965.00000000,0
1531214922894,1531214922889,269707,0.00000076,32861.00000000,0
1531214937997,1531214937992,269708,0.00000076,2000.00000000,1
1531214944061,1531214944058,269709,0.00000076,9493.00000000,1
1531214972188,1531214972183,269710,0.00000076,383931.00000000,1
1531214976059,1531214976056,269711,0.00000076,5840.00000000,1
1531214979207,1531214979203,269712,0.00000075,3669.00000000,1
1531215015340,1531215015336,269713,0.00000075,3646.00000000,1
1531215019733,1531215019728,269714,0.00000075,70839.00000000,1
1531215022722,1531215022719,269715,0.00000075,77650.00000000,1
1531215029323,1531215029320,269716,0.00000075,163274.00000000,1
1531215033859,1531215033854,269717,0.00000075,20132.00000000,1
1531215043188,1531215043184,269718,0.00000075,100000.00000000,1
1531215046847,1531215046843,269719,0.00000076,172646.00000000,0
1531215080020,1531215080017,269720,0.00000076,7405.00000000,0
1531215161345,1531215161340,269721,0.00000075,4000.00000000,1
1531215174163,1531215174158,269722,0.00000076,360.00000000,0
1531215175831,1531215175828,269723,0.00000076,3425.00000000,0
1531215189003,1531215188999,269724,0.00000076,3425.00000000,0
1531215195442,1531215195437,269725,0.00000075,51.00000000,1
1531215202316,1531215202311,269726,0.00000076,1659.00000000,0
1531215208267,1531215208263,269727,0.00000076,9349.00000000,0
1531215245108,1531215245105,269728,0.00000076,266312.00000000,0
1531215321135,1531215321132,269729,0.00000075,959.00000000,1
1531215373070,1531215373067,269730,0.00000075,80308.00000000,1
1531215427004,1531215427001,269731,0.00000075,1347.00000000,1
1531215430561,1531215430558,269732,0.00000076,10000.00000000,0
1531215431787,1531215431782,269733,0.00000076,3255.00000000,0
1531215484213,1531215484209,269734,0.00000076,18851.00000000,0
1531215493065,1531215493060,269735,0.00000076,8697.00000000,0
1531215524063,1531215524060,269736,0.00000076,11842.00000000,0
1531215535160,1531215535157,269737,0.00000075,98775.00000000,1
1531215565528,1531215565524,269738,0.00000075,165781.00000000,1
1531215584586,1531215584583,269739,0.00000076,20340.00000000,0
1531215591972,1531215591969,269740,0.00000076,19339.00000000,0
1531215596273,1531215596269,269741,0.00000076,7307.00000000,0
1531215601732,1531215601729,269742,0.00000076,232033.00000000,0
1531215601768,1531215601763,269743,0.00000076,232033.00000000,0
1531215619516,1531215619506,269744,0.00000075,8009882.00000000,1
1531215620570,1531215620564,269745,0.00000075,581837.00000000,1
1531215627148,1531215627144,269746,0.00000075,289536.00000000,1
1531215638001,1531215637997,269747,0.00000075,1631070.00000000,1
1531215638478,1531215638470,269748,0.00000075,2136689.00000000,1
1531215640118,1531215640115,269749,0.00000075,278178.00000000,1
1531215640757,1531215640747,269750,0.00000075,778698.00000000,1
1531215640772,1531215640768,269751,0.00000075,358122.00000000,0
1531215641846,1531215641841,269752,0.00000075,22.00000000,1
1531215642625,1531215642621,269753,0.00000075,22.00000000,1
1531215644987,1531215644983,269754,0.00000075,118901.00000000,1
1531215647042,1531215647038,269755,0.00000075,44737.00000000,1
1531215647067,1531215647063,269756,0.00000075,45247.00000000,0
1531215647154,1531215647149,269757,0.00000075,4151.00000000,0
1531215648342,1531215648338,269758,0.00000075,257.00000000,0
1531215648983,1531215648978,269759,0.00000074,6438.00000000,1
1531215648984,1531215648978,269760,0.00000074,457276.00000000,1
1531215648984,1531215648978,269761,0.00000074,13573.00000000,1
1531215648985,1531215648978,269762,0.00000074,65322.00000000,1
1531215648985,1531215648978,269763,0.00000074,19043.00000000,1
1531215648986,1531215648978,269764,0.00000074,220228.00000000,1
1531215648987,1531215648978,269765,0.00000074,166788.00000000,1
1531215648987,1531215648978,269766,0.00000074,320512.00000000,1
1531215648988,1531215648978,269767,0.00000074,13649.00000000,1
1531215648988,1531215648978,269768,0.00000074,25819.00000000,1
1531215648989,1531215648978,269769,0.00000074,70061.00000000,1
1531215648989,1531215648978,269770,0.00000074,14458.00000000,1
1531215648989,1531215648978,269771,0.00000074,65845.00000000,1
1531215648990,1531215648978,269772,0.00000074,155160.00000000,1
1531215648991,1531215648978,269773,0.00000074,203589.00000000,1
1531215648991,1531215648978,269774,0.00000074,299466.00000000,1
1531215648992,1531215648978,269775,0.00000074,118830.00000000,1
1531215649376,1531215649373,269776,0.00000074,1575.00000000,1
1531215649528,1531215649524,269777,0.00000074,26617.00000000,1
1531215650517,1531215650512,269778,0.00000074,7611.00000000,1
1531215651521,1531215651518,269779,0.00000074,6166.00000000,1
1531215663695,1531215663690,269780,0.00000074,5.00000000,1
1531215665377,1531215665374,269781,0.00000074,5.00000000,1
1531215667739,1531215667734,269782,0.00000074,2336330.00000000,1
1531215668279,1531215668275,269783,0.00000074,27798.00000000,1
1531215669078,1531215669074,269784,0.00000074,3413.00000000,1
1531215669700,1531215669695,269785,0.00000074,20746.00000000,1
1531215674812,1531215674809,269786,0.00000074,209572.00000000,1
1531215675407,1531215675404,269787,0.00000074,12820.00000000,1
1531215675582,1531215675576,269788,0.00000074,353188.00000000,1
1531215676410,1531215676406,269789,0.00000074,12820.00000000,1
1531215677623,1531215677618,269790,0.00000074,329867.00000000,1
1531215683111,1531215683106,269791,0.00000074,100000.00000000,1
1531215685258,1531215685255,269792,0.00000075,6650.00000000,0
1531215685313,1531215685309,269793,0.00000075,6651.00000000,0
1531215685894,1531215685891,269794,0.00000074,17717.00000000,1
1531215688806,1531215688802,269795,0.00000074,54595.00000000,1
1531215689472,1531215689469,269796,0.00000074,1365.00000000,1
1531215690632,1531215690628,269797,0.00000074,1365.00000000,1
1531215690723,1531215690717,269798,0.00000074,1365.00000000,1
1531215691600,1531215691595,269799,0.00000074,30659.00000000,1
1531215691651,1531215691647,269800,0.00000074,110676.00000000,1
1531215693465,1531215693462,269801,0.00000075,3336.00000000,0
1531215701490,1531215701486,269802,0.00000074,23.00000000,1
1531215703544,1531215703541,269803,0.00000074,109928.00000000,1
1531215704000,1531215703996,269804,0.00000075,2667.00000000,0
1531215705679,1531215705675,269805,0.00000075,67524.00000000,0
1531215707999,1531215707996,269806,0.00000075,9134.00000000,0
1531215708934,1531215708931,269807,0.00000074,1365.00000000,1
1531215709292,1531215709288,269808,0.00000074,1365.00000000,1
1531215709988,1531215709983,269809,0.00000075,2890.00000000,0
1531215721229,1531215721225,269810,0.00000075,10347.00000000,0
1531215724065,1531215724060,269811,0.00000074,1487.00000000,1
1531215724318,1531215724315,269812,0.00000074,341458.00000000,1
1531215727471,1531215727466,269813,0.00000075,10347.00000000,0
1531215729539,1531215729534,269814,0.00000074,1365.00000000,1
1531215732455,1531215732452,269815,0.00000075,9276.00000000,0
1531215733810,1531215733805,269816,0.00000074,2.00000000,1
1531215734153,1531215734149,269817,0.00000074,2.00000000,1
1531215734389,1531215734385,269818,0.00000074,2.00000000,1
1531215735170,1531215735166,269819,0.00000074,2.00000000,1
1531215735328,1531215735324,269820,0.00000074,2.00000000,1
1531215736088,1531215736086,269821,0.00000074,2.00000000,1
1531215736720,1531215736718,269822,0.00000074,2.00000000,1
1531215737278,1531215737275,269823,0.00000074,2.00000000,1
1531215737742,1531215737739,269824,0.00000074,2.00000000,1
1531215738239,1531215738237,269825,0.00000074,2.00000000,1
1531215738721,1531215738716,269826,0.00000074,2.00000000,1
1531215739200,1531215739197,269827,0.00000074,2.00000000,1
1531215739664,1531215739661,269828,0.00000074,2.00000000,1
1531215739901,1531215739896,269829,0.00000074,2.00000000,1
1531215740599,1531215740594,269830,0.00000074,2.00000000,1
1531215742240,1531215742236,269831,0.00000074,3.00000000,1
1531215742817,1531215742812,269832,0.00000074,3.00000000,1
1531215743316,1531215743313,269833,0.00000074,3.00000000,1
1531215743904,1531215743901,269834,0.00000074,3.00000000,1
1531215744418,1531215744415,269835,0.00000074,3.00000000,1
1531215744500,1531215744498,269836,0.00000074,3.00000000,1
1531215745204,1531215745202,269837,0.00000074,3.00000000,1
1531215745678,1531215745675,269838,0.00000074,3.00000000,1
1531215746187,1531215746183,269839,0.00000074,3.00000000,1
1531215746663,1531215746660,269840,0.00000074,3.00000000,1
1531215747148,1531215747145,269841,0.00000074,3.00000000,1
1531215747629,1531215747624,269842,0.00000074,3.00000000,1
1531215748126,1531215748121,269843,0.00000074,3.00000000,1
1531215750591,1531215750584,269844,0.00000075,8260.00000000,0
1531215750628,1531215750623,269845,0.00000075,5149.00000000,0
1531215750764,1531215750761,269846,0.00000074,1365.00000000,1
1531215753559,1531215753552,269847,0.00000075,3402766.00000000,0
1531215754230,1531215754225,269848,0.00000075,2186.00000000,1
1531215765520,1531215765514,269849,0.00000075,22575.00000000,1
1531215775828,1531215775823,269850,0.00000075,8275.00000000,1
1531215783795,1531215783792,269851,0.00000075,1334.00000000,1
1531215789091,1531215789086,269852,0.00000075,1472.00000000,1
1531215791692,1531215791687,269853,0.00000075,180391.00000000,1
1531215811258,1531215811253,269854,0.00000076,531177.00000000,0
1531215837920,1531215837915,269855,0.00000076,2725.00000000,0
1531215890977,1531215890974,269856,0.00000075,42698.00000000,1
1531215891837,1531215891833,269857,0.00000075,16010.00000000,1
1531215939890,1531215939887,269858,0.00000075,227908.00000000,1
1531215968534,1531215968531,269859,0.00000075,53978.00000000,1
1531215972603,1531215972600,269860,0.00000075,141169.00000000,1
1531215973560,1531215973556,269861,0.00000075,66667.00000000,1
1531215989138,1531215989135,269862,0.00000076,1.00000000,0
1531216004167,1531216004162,269863,0.00000075,1.00000000,1
1531216032376,1531216032373,269864,0.00000076,10000.00000000,0
1531216033680,1531216033675,269865,0.00000076,13157.00000000,0
1531216037184,1531216037180,269866,0.00000075,18099.00000000,1
1531216061005,1531216061000,269867,0.00000075,133333.00000000,1
1531216082072,1531216082068,269868,0.00000075,1399.00000000,1
1531216108234,1531216108228,269869,0.00000075,325995.00000000,1
1531216151400,1531216151395,269870,0.00000075,571468.00000000,1
1531216154870,1531216154866,269871,0.00000075,50.00000000,1
1531216208145,1531216208141,269872,0.00000075,20771.00000000,1
1531216228613,1531216228608,269873,0.00000075,5000.00000000,1
1531216237179,1531216237174,269874,0.00000076,2631578.00000000,0
1531216274602,1531216274597,269875,0.00000076,40422.00000000,0
1531216275929,1531216275924,269876,0.00000076,12.00000000,0
1531216279533,1531216279529,269877,0.00000076,3617.00000000,0
1531216283721,1531216283715,269878,0.00000076,1940.00000000,0
1531216289508,1531216289504,269879,0.00000076,169096.00000000,0
1531216340923,1531216340918,269880,0.00000076,18078.00000000,0
1531216342076,1531216342071,269881,0.00000076,9616.00000000,0
1531216345248,1531216345244,269882,0.00000076,4130.00000000,0
1531216345303,1531216345299,269883,0.00000076,1638.00000000,0
1531216361682,1531216361677,269884,0.00000076,1637.00000000,0
1531216361705,1531216361701,269885,0.00000076,16628.00000000,0
1531216361708,1531216361705,269886,0.00000076,30384.00000000,0
1531216362107,1531216362102,269887,0.00000076,1363.00000000,0
1531216377191,1531216377186,269888,0.00000076,215.00000000,0
1531216383929,1531216383924,269889,0.00000075,16628.00000000,1
1531216390106,1531216390103,269890,0.00000075,1334.00000000,1
1531216421827,1531216421823,269891,0.00000075,3134.00000000,1
1531216427191,1531216427188,269892,0.00000075,7902.00000000,1
1531216433133,1531216433128,269893,0.00000076,10000.00000000,0
1531216438041,1531216438036,269894,0.00000075,4467.00000000,1
1531216469264,1531216469261,269895,0.00000076,1500.00000000,0
1531216539576,1531216539570,269896,0.00000076,14703.00000000,0
1531216569653,1531216569650,269897,0.00000075,12219.00000000,1
1531216572499,1531216572496,269898,0.00000076,2377.00000000,0
1531216591635,1531216591629,269899,0.00000075,4268103.00000000,1
1531216603044,1531216603039,269900,0.00000076,2000.00000000,0
1531216604622,1531216604618,269901,0.00000076,37936.00000000,0
1531216610016,1531216610011,269902,0.00000075,499262.00000000,1
1531216615289,1531216615286,269903,0.00000075,8841.00000000,1
1531216616704,1531216616699,269904,0.00000075,631877.00000000,1
1531216622024,1531216622020,269905,0.00000076,19563.00000000,0
1531216629359,1531216629356,269906,0.00000075,519660.00000000,1
1531216630626,1531216630622,269907,0.00000076,48302.00000000,0
1531216633654,1531216633650,269908,0.00000076,120.00000000,0
1531216634723,1531216634719,269909,0.00000076,6052.00000000,0
1531216636675,1531216636671,269910,0.00000076,1.00000000,0
1531216642201,1531216642194,269911,0.00000075,2351090.00000000,1
1531216643174,1531216643171,269912,0.00000075,49477.00000000,1
1531216644977,1531216644973,269913,0.00000075,43910.00000000,1
1531216645329,1531216645322,269914,0.00000075,457007.00000000,1
1531216645345,1531216645341,269915,0.00000075,2000.00000000,0
1531216645351,1531216645347,269916,0.00000075,434685.00000000,0
1531216645360,1531216645355,269917,0.00000075,143898.00000000,0
1531216650329,1531216650324,269918,0.00000075,8303.00000000,1
1531216651830,1531216651826,269919,0.00000074,3204.00000000,1
1531216653747,1531216653743,269920,0.00000074,6008.00000000,1
1531216654426,1531216654422,269921,0.00000075,1597.00000000,0
1531216667359,1531216667355,269922,0.00000074,1597.00000000,1
1531216669097,1531216669093,269923,0.00000075,3468.00000000,0
1531216674662,1531216674658,269924,0.00000074,37044.00000000,1
1531216676087,1531216676084,269925,0.00000074,2725.00000000,1
1531216676124,1531216676120,269926,0.00000075,175048.00000000,0
1531216700555,1531216700552,269927,0.00000074,1365.00000000,1
1531216736850,1531216736847,269928,0.00000074,66039.00000000,1
1531216741129,1531216741125,269929,0.00000075,833.00000000,0
1531216744147,1531216744142,269930,0.00000075,2.00000000,0
1531216754584,1531216754580,269931,0.00000075,61488.00000000,0
1531216761228,1531216761225,269932,0.00000074,371061.00000000,1
1531216764431,1531216764427,269933,0.00000074,4666.00000000,1
1531216767316,1531216767311,269934,0.00000074,3333.00000000,1
1531216767542,1531216767537,269935,0.00000074,2402.00000000,1
1531216768939,1531216768934,269936,0.00000074,7991.00000000,1
1531216775604,1531216775600,269937,0.00000074,1851.00000000,1
1531216800550,1531216800546,269938,0.00000074,310161.00000000,1
1531216804320,1531216804316,269939,0.00000074,1940.00000000,1
1531216834739,1531216834736,269940,0.00000074,3029.00000000,1
1531216845833,1531216845830,269941,0.00000074,23926.00000000,1
1531216850112,1531216850109,269942,0.00000075,912.00000000,0
1531216851934,1531216851930,269943,0.00000074,204697.00000000,1
1531216852146,1531216852142,269944,0.00000075,288.00000000,0
1531216866687,1531216866681,269945,0.00000075,246569.00000000,0
1531216871304,1531216871300,269946,0.00000075,44206.00000000,0
1531216875466,1531216875463,269947,0.00000075,37148.00000000,0
1531216877973,1531216877968,269948,0.00000075,4473.00000000,0
1531216891100,1531216891094,269949,0.00000074,14688.00000000,1
1531216904897,1531216904892,269950,0.00000074,58014.00000000,1
1531216914337,1531216914333,269951,0.00000074,7793.00000000,1
1531216941729,1531216941725,269952,0.00000074,214856.00000000,1
1531216946747,1531216946743,269953,0.00000075,138000.00000000,0
1531216955484,1531216955480,269954,0.00000074,23926.00000000,1
1531216969905,1531216969901,269955,0.00000074,41128.00000000,1
1531216985836,1531216985832,269956,0.00000075,2230337.00000000,0
1531216990710,1531216990704,269957,0.00000075,293333.00000000,0
1531217011911,1531217011906,269958,0.00000075,10000.00000000,0
1531217019597,1531217019592,269959,0.00000075,3751.00000000,0
1531217043049,1531217043044,269960,0.00000075,799.00000000,0
1531217054929,1531217054924,269961,0.00000075,788325.00000000,0
1531217057519,1531217057515,269962,0.00000075,1733.00000000,0
1531217066983,1531217066979,269963,0.00000075,9340.00000000,0
1531217078945,1531217078939,269964,0.00000075,18628.00000000,0
1531217083349,1531217083345,269965,0.00000074,191869.00000000,1
1531217095897,1531217095893,269966,0.00000074,12321.00000000,1
1531217096492,1531217096487,269967,0.00000074,2451.00000000,1
1531217099796,1531217099791,269968,0.00000074,44435.00000000,1
1531217103607,1531217103603,269969,0.00000074,6636.00000000,1
1531217112646,1531217112642,269970,0.00000075,187362.00000000,0
1531217146272,1531217146268,269971,0.00000074,84920.00000000,1
1531217150257,1531217150252,269972,0.00000075,2133.00000000,0
1531217167342,1531217167337,269973,0.00000075,15000.00000000,0
1531217192391,1531217192387,269974,0.00000075,88422.00000000,0
1531217201045,1531217201041,269975,0.00000075,77729.00000000,0
1531217222107,1531217222102,269976,0.00000075,20076.00000000,0
1531217243308,1531217243303,269977,0.00000075,6666.00000000,0
1531217248599,1531217248595,269978,0.00000075,68814.00000000,0
1531217272818,1531217272812,269979,0.00000074,59550.00000000,1
1531217280980,1531217280977,269980,0.00000075,179.00000000,0
1531217283978,1531217283974,269981,0.00000075,1.00000000,0
1531217290554,1531217290550,269982,0.00000075,6027.00000000,0
1531217297658,1531217297654,269983,0.00000074,8675.00000000,1
1531217310613,1531217310608,269984,0.00000074,23926.00000000,1
1531217313495,1531217313490,269985,0.00000075,10746.00000000,0
1531217317428,1531217317425,269986,0.00000074,3425.00000000,1
1531217324786,1531217324782,269987,0.00000074,19000.00000000,1
1531217335500,1531217335495,269988,0.00000075,2663.00000000,0
1531217349873,1531217349869,269989,0.00000075,5300.00000000,0
1531217354621,1531217354617,269990,0.00000075,5000.00000000,0
1531217363788,1531217363782,269991,0.00000074,47041.00000000,1
1531217370100,1531217370097,269992,0.00000074,6413.00000000,1
1531217393359,1531217393344,269993,0.00000074,11260640.00000000,1
1531217393373,1531217393370,269994,0.00000074,188019.00000000,0
1531217393375,1531217393371,269995,0.00000074,53829.00000000,0
1531217393384,1531217393379,269996,0.00000074,188135.00000000,0
1531217393384,1531217393379,269997,0.00000074,31727.00000000,0
1531217393394,1531217393389,269998,0.00000074,188019.00000000,0
1531217393401,1531217393396,269999,0.00000074,53817.00000000,0
1531217393416,1531217393411,270000,0.00000074,53829.00000000,0
1531217393427,1531217393420,270001,0.00000074,53829.00000000,0
1531217394000,1531217393996,270002,0.00000074,35071.00000000,0
1531217394240,1531217394236,270003,0.00000074,18236.00000000,0
1531217394342,1531217394337,270004,0.00000073,7962.00000000,1
1531217394343,1531217394337,270005,0.00000073,14372.00000000,1
1531217394344,1531217394337,270006,0.00000073,10000.00000000,1
1531217394344,1531217394337,270007,0.00000073,65224.00000000,1
1531217394345,1531217394337,270008,0.00000073,19406.00000000,1
1531217394345,1531217394337,270009,0.00000073,128292.00000000,1
1531217394345,1531217394337,270010,0.00000073,39337.00000000,1
1531217394346,1531217394337,270011,0.00000073,2279.00000000,1
1531217394346,1531217394337,270012,0.00000073,199475.00000000,1
1531217394347,1531217394337,270013,0.00000073,28070.00000000,1
1531217394764,1531217394759,270014,0.00000073,5346.00000000,1
1531217395061,1531217395054,270015,0.00000073,18688.00000000,1
1531217395334,1531217395330,270016,0.00000073,7952.00000000,1
1531217395403,1531217395398,270017,0.00000073,8202.00000000,1
1531217396181,1531217396176,270018,0.00000073,7966.00000000,1
1531217396310,1531217396304,270019,0.00000073,6588.00000000,1
1531217396365,1531217396362,270020,0.00000073,7991.00000000,1
1531217396798,1531217396793,270021,0.00000073,1982.00000000,1
1531217396870,1531217396865,270022,0.00000073,7965.00000000,1
1531217396886,1531217396883,270023,0.00000073,29367.00000000,1
1531217396892,1531217396888,270024,0.00000073,7711.00000000,1
1531217396934,1531217396931,270025,0.00000073,44051.00000000,1
1531217397043,1531217397038,270026,0.00000073,1871.00000000,1
1531217397165,1531217397160,270027,0.00000073,6512.00000000,1
1531217397367,1531217397364,270028,0.00000074,5357.00000000,0
1531217397382,1531217397378,270029,0.00000073,3632.00000000,1
1531217399571,1531217399567,270030,0.00000074,3995.00000000,0
1531217405053,1531217405047,270031,0.00000074,1624005.00000000,0
1531217406345,1531217406340,270032,0.00000074,40000.00000000,1
1531217406360,1531217406355,270033,0.00000074,5000.00000000,1
1531217406656,1531217406652,270034,0.00000074,9771.00000000,1
1531217408575,1531217408572,270035,0.00000074,1496.00000000,1
1531217408725,1531217408720,270036,0.00000074,575694.00000000,1
1531217408839,1531217408834,270037,0.00000074,66354.00000000,1
1531217415682,1531217415679,270038,0.00000074,13157.00000000,1
1531217416455,1531217416450,270039,0.00000074,490468.00000000,1
1531217417993,1531217417990,270040,0.00000074,43581.00000000,1
1531217423535,1531217423532,270041,0.00000074,50309.00000000,1
1531217426187,1531217426182,270042,0.00000074,536555.00000000,1
1531217427036,1531217427031,270043,0.00000073,26972.00000000,1
1531217429849,1531217429845,270044,0.00000074,33.00000000,0
1531217431277,1531217431274,270045,0.00000074,43339.00000000,0
1531217432352,1531217432348,270046,0.00000073,1.00000000,1
1531217432730,1531217432725,270047,0.00000073,1.00000000,1
1531217433561,1531217433556,270048,0.00000073,1.00000000,1
1531217434202,1531217434198,270049,0.00000073,1.00000000,1
1531217437411,1531217437408,270050,0.00000074,234366.00000000,0
1531217441290,1531217441285,270051,0.00000073,761730.00000000,1
1531217442118,1531217442114,270052,0.00000073,57403.00000000,1
1531217444204,1531217444200,270053,0.00000074,64542.00000000,0
1531217446210,1531217446205,270054,0.00000073,1384.00000000,1
1531217446426,1531217446423,270055,0.00000073,1384.00000000,1
1531217446571,1531217446567,270056,0.00000073,4151.00000000,1
1531217446633,1531217446629,270057,0.00000073,1384.00000000,1
1531217447129,1531217447125,270058,0.00000073,1384.00000000,1
1531217447593,1531217447588,270059,0.00000073,1384.00000000,1
1531217448952,1531217448948,270060,0.00000073,12987.00000000,1
1531217449940,1531217449935,270061,0.00000073,13157.00000000,1
1531217458982,1531217458978,270062,0.00000074,1048456.00000000,0
1531217459755,1531217459751,270063,0.00000074,9319.00000000,0
1531217459794,1531217459789,270064,0.00000074,9319.00000000,0
1531217461278,1531217461274,270065,0.00000074,239252.00000000,0
1531217462550,1531217462547,270066,0.00000074,477006.00000000,0
1531217463137,1531217463132,270067,0.00000074,40.00000000,0
1531217465675,1531217465667,270068,0.00000074,668538.00000000,0
1531217465909,1531217465905,270069,0.00000075,61.00000000,0
1531217466278,1531217466274,270070,0.00000075,1597.00000000,0
1531217466608,1531217466603,270071,0.00000074,11419.00000000,1
1531217468375,1531217468372,270072,0.00000075,565365.00000000,0
1531217469704,1531217469700,270073,0.00000075,3733.00000000,0
1531217474104,1531217474100,270074,0.00000075,1.00000000,0
1531217477135,1531217477130,270075,0.00000074,4780938.00000000,1
1531217488956,1531217488951,270076,0.00000074,328386.00000000,0
1531217496186,1531217496182,270077,0.00000074,13242.00000000,0
1531217502912,1531217502907,270078,0.00000074,36225.00000000,0
1531217506502,1531217506498,270079,0.00000074,9917.00000000,0
1531217507266,1531217507262,270080,0.00000074,865.00000000,0
1531217508319,1531217508315,270081,0.00000074,2703.00000000,0
1531217508749,1531217508745,270082,0.00000074,27416.00000000,0
1531217510267,1531217510263,270083,0.00000074,2.00000000,0
1531217512968,1531217512963,270084,0.00000074,20665.00000000,0
1531217521510,1531217521505,270085,0.00000074,5351026.00000000,1
1531217522239,1531217522234,270086,0.00000073,8099.00000000,1
1531217522862,1531217522859,270087,0.00000073,3384.00000000,1
1531217527272,1531217527269,270088,0.00000074,5439.00000000,0
1531217528326,1531217528322,270089,0.00000074,839671.00000000,0
1531217534998,1531217534994,270090,0.00000074,1628.00000000,0
1531217536932,1531217536928,270091,0.00000074,735875.00000000,0
1531217539069,1531217539065,270092,0.00000074,349093.00000000,0
1531217540482,1531217540478,270093,0.00000074,75978.00000000,0
1531217547322,1531217547318,270094,0.00000073,50947.00000000,1
1531217549399,1531217549394,270095,0.00000074,9788.00000000,0
1531217551427,1531217551422,270096,0.00000074,10754.00000000,0
1531217557311,1531217557308,270097,0.00000074,34560.00000000,0
1531217576359,1531217576355,270098,0.00000074,3155.00000000,0
1531217579066,1531217579062,270099,0.00000074,2073564.00000000,0
1531217579099,1531217579094,270100,0.00000074,80000.00000000,1
1531217582727,1531217582723,270101,0.00000074,135314.00000000,1
1531217584869,1531217584865,270102,0.00000075,2660.00000000,0
1531217592857,1531217592852,270103,0.00000074,3340644.00000000,1
1531217595640,1531217595636,270104,0.00000073,12974.00000000,1
1531217602144,1531217602140,270105,0.00000074,133333.00000000,0
1531217622958,1531217622953,270106,0.00000074,500.00000000,0
1531217624042,1531217624038,270107,0.00000073,2147.00000000,1
1531217625843,1531217625838,270108,0.00000073,1.00000000,1
1531217625961,1531217625958,270109,0.00000073,1.00000000,1
1531217626220,1531217626216,270110,0.00000073,1.00000000,1
1531217626326,1531217626323,270111,0.00000073,1.00000000,1
1531217626756,1531217626751,270112,0.00000073,1.00000000,1
1531217626922,1531217626917,270113,0.00000073,1.00000000,1
1531217627431,1531217627427,270114,0.00000073,2.00000000,1
1531217627920,1531217627915,270115,0.00000073,2.00000000,1
1531217628090,1531217628085,270116,0.00000073,2.00000000,1
1531217646728,1531217646724,270117,0.00000074,10193.00000000,0
1531217647536,1531217647532,270118,0.00000074,18752.00000000,0
1531217647706,1531217647703,270119,0.00000074,15225.00000000,1
1531217659826,1531217659820,270120,0.00000074,360432.00000000,1
1531217662035,1531217662030,270121,0.00000073,2660.00000000,1
1531217665485,1531217665480,270122,0.00000074,9471.00000000,0
1531217665497,1531217665492,270123,0.00000074,9407.00000000,0
1531217668896,1531217668892,270124,0.00000074,2702702.00000000,0
1531217670748,1531217670744,270125,0.00000074,2779818.00000000,0
1531217671422,1531217671418,270126,0.00000074,7.00000000,1
1531217673632,1531217673626,270127,0.00000074,188019.00000000,1
1531217676398,1531217676393,270128,0.00000074,434428.00000000,1
1531217692798,1531217692792,270129,0.00000074,338217.00000000,0
1531217697374,1531217697369,270130,0.00000073,2.00000000,1
1531217697611,1531217697606,270131,0.00000073,2.00000000,1
1531217697620,1531217697616,270132,0.00000074,2197.00000000,0
1531217697796,1531217697791,270133,0.00000073,2.00000000,1
1531217697869,1531217697865,270134,0.00000073,2.00000000,1
1531217698404,1531217698399,270135,0.00000073,2.00000000,1
1531217698624,1531217698619,270136,0.00000073,2.00000000,1
1531217699389,1531217699385,270137,0.00000073,2.00000000,1
1531217699552,1531217699548,270138,0.00000073,2.00000000,1
1531217699575,1531217699570,270139,0.00000073,2.00000000,1
1531217700276,1531217700272,270140,0.00000073,22.00000000,1
1531217700424,1531217700419,270141,0.00000073,2.00000000,1
1531217701044,1531217701039,270142,0.00000073,2.00000000,1
1531217701551,1531217701547,270143,0.00000073,1.00000000,1
1531217701728,1531217701724,270144,0.00000073,1.00000000,1
1531217702472,1531217702468,270145,0.00000073,2.00000000,1
1531217702654,1531217702651,270146,0.00000073,2.00000000,1
1531217702762,1531217702759,270147,0.00000074,18803.00000000,0
1531217703218,1531217703213,270148,0.00000073,2.00000000,1
1531217703325,1531217703320,270149,0.00000074,2000.00000000,0
1531217703445,1531217703442,270150,0.00000073,2.00000000,1
1531217704052,1531217704047,270151,0.00000073,2.00000000,1
1531217704271,1531217704266,270152,0.00000073,2197.00000000,1
1531217704652,1531217704647,270153,0.00000073,2.00000000,1
1531217704790,1531217704786,270154,0.00000073,2.00000000,1
1531217705401,1531217705396,270155,0.00000073,2.00000000,1
1531217705973,1531217705969,270156,0.00000073,2.00000000,1
1531217706193,1531217706189,270157,0.00000073,5450.00000000,1
1531217706368,1531217706363,270158,0.00000073,2.00000000,1
1531217706775,1531217706770,270159,0.00000073,2.00000000,1
1531217706817,1531217706813,270160,0.00000073,1.00000000,1
1531217706958,1531217706954,270161,0.00000073,11.00000000,1
1531217707055,1531217707035,270162,0.00000073,1.00000000,1
1531217707440,1531217707435,270163,0.00000073,2.00000000,1
1531217707475,1531217707471,270164,0.00000073,11.00000000,1
1531217707567,1531217707562,270165,0.00000073,2.00000000,1
1531217707619,1531217707615,270166,0.00000073,1.00000000,1
1531217708103,1531217708099,270167,0.00000074,210168.00000000,0
1531217708109,1531217708104,270168,0.00000073,1.00000000,1
1531217708194,1531217708189,270169,0.00000073,2.00000000,1
1531217708271,1531217708265,270170,0.00000073,1.00000000,1
1531217708799,1531217708795,270171,0.00000073,2.00000000,1
1531217708840,1531217708834,270172,0.00000073,1.00000000,1
1531217708911,1531217708907,270173,0.00000073,1.00000000,1
1531217709103,1531217709100,270174,0.00000073,2.00000000,1
1531217709264,1531217709259,270175,0.00000074,842769.00000000,0
1531217709427,1531217709422,270176,0.00000073,1.00000000,1
1531217709604,1531217709600,270177,0.00000073,1.00000000,1
1531217709941,1531217709937,270178,0.00000073,2.00000000,1
1531217710101,1531217710098,270179,0.00000073,1.00000000,1
1531217710292,1531217710288,270180,0.00000073,1.00000000,1
1531217710548,1531217710544,270181,0.00000073,2.00000000,1
1531217710641,1531217710637,270182,0.00000073,2.00000000,1
1531217710781,1531217710777,270183,0.00000073,11.00000000,1
1531217711108,1531217711105,270184,0.00000073,1.00000000,1
1531217711211,1531217711207,270185,0.00000073,2.00000000,1
1531217711315,1531217711311,270186,0.00000073,1.00000000,1
1531217711614,1531217711609,270187,0.00000073,2.00000000,1
1531217711797,1531217711793,270188,0.00000073,2.00000000,1
1531217711805,1531217711801,270189,0.00000073,1.00000000,1
1531217712298,1531217712295,270190,0.00000073,1.00000000,1
1531217712351,1531217712347,270191,0.00000073,2.00000000,1
1531217712382,1531217712377,270192,0.00000073,1.00000000,1
1531217712500,1531217712496,270193,0.00000073,1.00000000,1
1531217712587,1531217712583,270194,0.00000073,2.00000000,1
1531217712998,1531217712992,270195,0.00000073,1.00000000,1
1531217713181,1531217713177,270196,0.00000073,1.00000000,1
1531217713329,1531217713325,270197,0.00000073,2.00000000,1
1531217713505,1531217713500,270198,0.00000073,2.00000000,1
1531217713671,1531217713667,270199,0.00000073,1.00000000,1
1531217714039,1531217714036,270200,0.00000073,11.00000000,1
1531217714126,1531217714123,270201,0.00000073,2.00000000,1
1531217714229,1531217714225,270202,0.00000073,1.00000000,1
1531217714704,1531217714701,270203,0.00000073,1.00000000,1
1531217714893,1531217714889,270204,0.00000073,1.00000000,1
1531217715264,1531217715261,270205,0.00000073,2.00000000,1
1531217715391,1531217715387,270206,0.00000073,11.00000000,1
1531217715559,1531217715553,270207,0.00000074,12713.00000000,0
1531217715579,1531217715575,270208,0.00000074,26477.00000000,1
1531217715612,1531217715608,270209,0.00000074,8260.00000000,1
1531217715732,1531217715729,270210,0.00000074,2.00000000,1
1531217715887,1531217715883,270211,0.00000074,1.00000000,1
1531217715963,1531217715959,270212,0.00000074,1.00000000,1
1531217716123,1531217716118,270213,0.00000074,2.00000000,1
1531217716145,1531217716141,270214,0.00000074,18232.00000000,1
1531217716251,1531217716246,270215,0.00000074,9517.00000000,1
1531217716376,1531217716372,270216,0.00000074,1.00000000,1
1531217716509,1531217716505,270217,0.00000074,1.00000000,1
1531217716818,1531217716813,270218,0.00000074,2.00000000,1
1531217717026,1531217717022,270219,0.00000074,1.00000000,1
1531217717231,1531217717227,270220,0.00000074,1.00000000,1
1531217717375,1531217717370,270221,0.00000074,2.00000000,1
1531217717460,1531217717457,270222,0.00000074,2.00000000,1
1531217717716,1531217717711,270223,0.00000074,1.00000000,1
1531217717986,1531217717981,270224,0.00000074,2.00000000,1
1531217718088,1531217718083,270225,0.00000074,1.00000000,1
1531217718176,1531217718158,270226,0.00000074,2.00000000,1
1531217718289,1531217718284,270227,0.00000074,1.00000000,1
1531217718781,1531217718776,270228,0.00000074,1.00000000,1
1531217718822,1531217718818,270229,0.00000074,2.00000000,1
1531217719141,1531217719137,270230,0.00000074,1.00000000,1
1531217719326,1531217719321,270231,0.00000074,2.00000000,1
1531217719329,1531217719325,270232,0.00000074,1.00000000,1
1531217719495,1531217719491,270233,0.00000074,2.00000000,1
1531217719863,1531217719859,270234,0.00000074,1.00000000,1
1531217720050,1531217720046,270235,0.00000074,11.00000000,1
1531217720194,1531217720190,270236,0.00000074,2.00000000,1
1531217720284,1531217720280,270237,0.00000074,2.00000000,1
1531217720596,1531217720592,270238,0.00000074,1.00000000,1
1531217720775,1531217720770,270239,0.00000074,1.00000000,1
1531217720874,1531217720869,270240,0.00000074,2.00000000,1
1531217721336,1531217721333,270241,0.00000074,1.00000000,1
1531217721337,1531217721333,270242,0.00000074,2.00000000,1
1531217721718,1531217721712,270243,0.00000074,11.00000000,1
1531217721911,1531217721906,270244,0.00000074,2.00000000,1
1531217722085,1531217722080,270245,0.00000074,1.00000000,1
1531217722094,1531217722089,270246,0.00000074,2.00000000,1
1531217722459,1531217722455,270247,0.00000074,1.00000000,1
1531217722601,1531217722596,270248,0.00000074,932815.00000000,1
1531217722639,1531217722635,270249,0.00000073,1.00000000,1
1531217722875,1531217722871,270250,0.00000074,627342.00000000,0
1531217723209,1531217723205,270251,0.00000073,1.00000000,1
1531217723351,1531217723347,270252,0.00000073,8107.00000000,1
1531217723396,1531217723392,270253,0.00000073,1.00000000,1
1531217723943,1531217723939,270254,0.00000073,1.00000000,1
1531217724320,1531217724317,270255,0.00000073,11.00000000,1
1531217724527,1531217724521,270256,0.00000074,223674.00000000,0
1531217724534,1531217724530,270257,0.00000073,1.00000000,1
1531217724686,1531217724681,270258,0.00000073,2.00000000,1
1531217725053,1531217725048,270259,0.00000073,1.00000000,1
1531217725082,1531217725077,270260,0.00000073,2.00000000,1
1531217725149,1531217725146,270261,0.00000073,2.00000000,1
1531217725423,1531217725420,270262,0.00000073,1.00000000,1
1531217725621,1531217725617,270263,0.00000073,1.00000000,1
1531217725865,1531217725860,270264,0.00000073,2.00000000,1
1531217726099,1531217726095,270265,0.00000073,2.00000000,1
1531217726177,1531217726173,270266,0.00000073,1.00000000,1
1531217726552,1531217726548,270267,0.00000073,11.00000000,1
1531217726717,1531217726712,270268,0.00000073,2.00000000,1
1531217726925,1531217726920,270269,0.00000073,1.00000000,1
1531217727119,1531217727115,270270,0.00000073,1.00000000,1
1531217727201,1531217727197,270271,0.00000073,2.00000000,1
1531217727629,1531217727626,270272,0.00000073,1.00000000,1
1531217727832,1531217727826,270273,0.00000073,2.00000000,1
1531217727944,1531217727938,270274,0.00000073,1.00000000,1
1531217728245,1531217728242,270275,0.00000073,2.00000000,1
1531217728432,1531217728429,270276,0.00000073,11.00000000,1
1531217728477,1531217728474,270277,0.00000073,2.00000000,1
1531217728798,1531217728794,270278,0.00000073,1.00000000,1
1531217728824,1531217728820,270279,0.00000073,1.00000000,1
1531217728968,1531217728964,270280,0.00000073,1.00000000,1
1531217729096,1531217729092,270281,0.00000073,2.00000000,1
1531217729129,1531217729126,270282,0.00000074,41149.00000000,0
1531217729520,1531217729515,270283,0.00000073,1.00000000,1
1531217729575,1531217729570,270284,0.00000073,2.00000000,1
1531217729692,1531217729688,270285,0.00000073,2.00000000,1
1531217729725,1531217729721,270286,0.00000073,1.00000000,1
1531217730212,1531217730208,270287,0.00000073,1.00000000,1
1531217730444,1531217730440,270288,0.00000073,2.00000000,1
1531217730574,1531217730570,270289,0.00000073,1.00000000,1
1531217730641,1531217730636,270290,0.00000073,2.00000000,1
1531217730865,1531217730861,270291,0.00000074,2160000.00000000,0
1531217730932,1531217730928,270292,0.00000074,11.00000000,1
1531217731201,1531217731196,270293,0.00000074,2.00000000,1
1531217731288,1531217731284,270294,0.00000074,1.00000000,1
1531217731467,1531217731463,270295,0.00000074,1.00000000,1
1531217731861,1531217731857,270296,0.00000074,2.00000000,1
1531217732006,1531217732002,270297,0.00000074,1.00000000,1
1531217732325,1531217732321,270298,0.00000074,2.00000000,1
1531217732385,1531217732381,270299,0.00000074,1.00000000,1
1531217732742,1531217732736,270300,0.00000074,11.00000000,1
1531217732855,1531217732851,270301,0.00000074,22.00000000,1
1531217733015,1531217733009,270302,0.00000074,2.00000000,1
1531217733115,1531217733111,270303,0.00000074,1.00000000,1
1531217733492,1531217733488,270304,0.00000074,1.00000000,1
1531217733577,1531217733573,270305,0.00000074,2.00000000,1
1531217733682,1531217733678,270306,0.00000074,1.00000000,1
1531217733760,1531217733755,270307,0.00000074,2.00000000,1
1531217734209,1531217734206,270308,0.00000074,1.00000000,1
1531217734479,1531217734475,270309,0.00000074,2.00000000,1
1531217734586,1531217734581,270310,0.00000074,2.00000000,1
1531217734587,1531217734582,270311,0.00000074,1.00000000,1
1531217734971,1531217734967,270312,0.00000074,1.00000000,1
1531217735111,1531217735106,270313,0.00000074,2.00000000,1
1531217735348,1531217735344,270314,0.00000074,1.00000000,1
1531217735520,1531217735517,270315,0.00000074,2.00000000,1
1531217735733,1531217735730,270316,0.00000074,1.00000000,1
1531217736038,1531217736035,270317,0.00000074,2.00000000,1
1531217736083,1531217736078,270318,0.00000074,1.00000000,1
1531217736465,1531217736461,270319,0.00000074,1.00000000,1
1531217736705,1531217736701,270320,0.00000074,2.00000000,1
1531217736842,1531217736839,270321,0.00000074,2.00000000,1
1531217736920,1531217736916,270322,0.00000074,1.00000000,1
1531217737447,1531217737443,270323,0.00000074,2.00000000,1
1531217737447,1531217737443,270324,0.00000074,11.00000000,1
1531217737484,1531217737480,270325,0.00000074,1.00000000,1
1531217737535,1531217737531,270326,0.00000074,2.00000000,1
1531217737643,1531217737639,270327,0.00000074,1.00000000,1
1531217738205,1531217738201,270328,0.00000074,1.00000000,1
1531217738262,1531217738259,270329,0.00000074,2.00000000,1
1531217738437,1531217738432,270330,0.00000074,2.00000000,1
1531217738587,1531217738583,270331,0.00000074,1.00000000,1
1531217738655,1531217738650,270332,0.00000074,3027641.00000000,1
1531217738974,1531217738969,270333,0.00000073,1.00000000,1
1531217739071,1531217739067,270334,0.00000073,2.00000000,1
1531217739387,1531217739383,270335,0.00000073,11.00000000,1
1531217739578,1531217739573,270336,0.00000073,1.00000000,1
1531217740005,1531217740002,270337,0.00000073,2.00000000,1
1531217740137,1531217740133,270338,0.00000073,1.00000000,1
1531217740394,1531217740389,270339,0.00000073,22.00000000,1
1531217740535,1531217740531,270340,0.00000073,1.00000000,1
1531217740721,1531217740716,270341,0.00000073,1.00000000,1
1531217740729,1531217740724,270342,0.00000074,109219.00000000,0
1531217740827,1531217740823,270343,0.00000073,2.00000000,1
1531217741477,1531217741472,270344,0.00000073,1.00000000,1
1531217741507,1531217741501,270345,0.00000073,11.00000000,1
1531217741562,1531217741558,270346,0.00000073,2.00000000,1
1531217742018,1531217742013,270347,0.00000073,2.00000000,1
1531217742078,1531217742073,270348,0.00000073,1.00000000,1
1531217742221,1531217742217,270349,0.00000073,2.00000000,1
1531217742461,1531217742456,270350,0.00000073,1.00000000,1
1531217742764,1531217742761,270351,0.00000074,1351351.00000000,0
1531217742847,1531217742843,270352,0.00000073,1.00000000,1
1531217743036,1531217743032,270353,0.00000073,2.00000000,1
1531217743250,1531217743246,270354,0.00000073,11.00000000,1
1531217743501,1531217743497,270355,0.00000073,22.00000000,1
1531217743635,1531217743631,270356,0.00000073,1.00000000,1
1531217743701,1531217743697,270357,0.00000073,2.00000000,1
1531217743937,1531217743933,270358,0.00000074,24157.00000000,0
1531217744036,1531217744032,270359,0.00000073,1.00000000,1
1531217744323,1531217744320,270360,0.00000073,2.00000000,1
1531217744414,1531217744410,270361,0.00000073,1.00000000,1
1531217744717,1531217744713,270362,0.00000073,2.00000000,1
1531217744812,1531217744807,270363,0.00000073,1.00000000,1
1531217745224,1531217745219,270364,0.00000073,1.00000000,1
1531217745286,1531217745282,270365,0.00000073,2.00000000,1
1531217745315,1531217745310,270366,0.00000073,2.00000000,1
1531217745469,1531217745465,270367,0.00000073,39216.00000000,1
1531217745617,1531217745612,270368,0.00000073,1.00000000,1
1531217745901,1531217745898,270369,0.00000073,2.00000000,1
1531217746014,1531217746010,270370,0.00000073,1.00000000,1
1531217746380,1531217746375,270371,0.00000073,1.00000000,1
1531217746579,1531217746575,270372,0.00000073,2.00000000,1
1531217746583,1531217746578,270373,0.00000073,2.00000000,1
1531217746780,1531217746777,270374,0.00000073,1.00000000,1
1531217747067,1531217747061,270375,0.00000073,2.00000000,1
1531217747201,1531217747195,270376,0.00000073,11.00000000,1
1531217747598,1531217747594,270377,0.00000073,1.00000000,1
1531217747605,1531217747602,270378,0.00000073,22.00000000,1
1531217747791,1531217747787,270379,0.00000073,2.00000000,1
1531217748018,1531217748012,270380,0.00000073,1.00000000,1
1531217748389,1531217748385,270381,0.00000073,2.00000000,1
1531217748405,1531217748401,270382,0.00000073,1.00000000,1
1531217748581,1531217748577,270383,0.00000073,2.00000000,1
1531217748612,1531217748608,270384,0.00000073,1.00000000,1
1531217749222,1531217749217,270385,0.00000073,11.00000000,1
1531217749389,1531217749384,270386,0.00000074,355.00000000,0
1531217749518,1531217749514,270387,0.00000073,2.00000000,1
1531217749552,1531217749546,270388,0.00000073,1.00000000,1
1531217749563,1531217749559,270389,0.00000073,2.00000000,1
1531217749987,1531217749982,270390,0.00000073,1.00000000,1
1531217750169,1531217750164,270391,0.00000073,2.00000000,1
1531217750366,1531217750362,270392,0.00000073,1.00000000,1
1531217750767,1531217750763,270393,0.00000073,1.00000000,1
1531217750962,1531217750958,270394,0.00000073,2.00000000,1
1531217751125,1531217751122,270395,0.00000073,1.00000000,1
1531217751192,1531217751187,270396,0.00000073,2.00000000,1
1531217751524,1531217751519,270397,0.00000073,11.00000000,1
1531217751774,1531217751769,270398,0.00000073,2.00000000,1
1531217751921,1531217751917,270399,0.00000073,1.00000000,1
1531217752185,1531217752181,270400,0.00000073,2.00000000,1
1531217752447,1531217752444,270401,0.00000073,2.00000000,1
1531217753601,1531217753596,270402,0.00000073,11.00000000,1
1531217753660,1531217753656,270403,0.00000073,2.00000000,1
1531217753672,1531217753667,270404,0.00000074,85.00000000,0
1531217753823,1531217753819,270405,0.00000073,1.00000000,1
1531217754084,1531217754080,270406,0.00000073,2.00000000,1
1531217754410,1531217754405,270407,0.00000073,1.00000000,1
1531217754689,1531217754685,270408,0.00000073,1.00000000,1
1531217754785,1531217754781,270409,0.00000073,1.00000000,1
1531217755177,1531217755173,270410,0.00000073,1.00000000,1
1531217755378,1531217755374,270411,0.00000073,1.00000000,1
1531217755532,1531217755529,270412,0.00000073,1.00000000,1
1531217755558,1531217755554,270413,0.00000073,1.00000000,1
1531217755932,1531217755929,270414,0.00000073,1.00000000,1
1531217756055,1531217756050,270415,0.00000073,1.00000000,1
1531217756103,1531217756098,270416,0.00000074,21.00000000,0
1531217756245,1531217756242,270417,0.00000073,1.00000000,1
1531217756319,1531217756315,270418,0.00000073,1.00000000,1
1531217756793,1531217756789,270419,0.00000073,1.00000000,1
1531217756847,1531217756843,270420,0.00000073,1.00000000,1
1531217757135,1531217757131,270421,0.00000073,1.00000000,1
1531217757289,1531217757284,270422,0.00000073,1.00000000,1
1531217757340,1531217757337,270423,0.00000073,1.00000000,1
1531217757674,1531217757671,270424,0.00000073,1.00000000,1
1531217757862,1531217757858,270425,0.00000073,1.00000000,1
1531217757911,1531217757907,270426,0.00000073,1.00000000,1
1531217758061,1531217758057,270427,0.00000073,1.00000000,1
1531217758488,1531217758484,270428,0.00000074,6.00000000,0
1531217758526,1531217758522,270429,0.00000073,1.00000000,1
1531217758623,1531217758618,270430,0.00000073,1.00000000,1
1531217758816,1531217758811,270431,0.00000073,1.00000000,1
1531217759411,1531217759406,270432,0.00000073,11.00000000,1
1531217759506,1531217759502,270433,0.00000073,1.00000000,1
1531217759800,1531217759795,270434,0.00000073,1.00000000,1
1531217760199,1531217760195,270435,0.00000073,1.00000000,1
1531217760404,1531217760400,270436,0.00000073,1.00000000,1
1531217760549,1531217760545,270437,0.00000074,775139.00000000,0
1531217760966,1531217760962,270438,0.00000073,1.00000000,1
1531217761372,1531217761368,270439,0.00000073,1.00000000,1
1531217761772,1531217761768,270440,0.00000073,11.00000000,1
1531217762142,1531217762139,270441,0.00000073,1.00000000,1
1531217762557,1531217762552,270442,0.00000073,1.00000000,1
1531217762958,1531217762955,270443,0.00000073,1.00000000,1
1531217763345,1531217763341,270444,0.00000073,1.00000000,1
1531217763761,1531217763758,270445,0.00000073,1.00000000,1
1531217764395,1531217764391,270446,0.00000073,1.00000000,1
1531217764745,1531217764741,270447,0.00000073,1.00000000,1
1531217764840,1531217764836,270448,0.00000073,1.00000000,1
1531217765434,1531217765430,270449,0.00000073,1.00000000,1
1531217765852,1531217765847,270450,0.00000073,1.00000000,1
1531217766266,1531217766262,270451,0.00000073,1.00000000,1
1531217766663,1531217766659,270452,0.00000073,1.00000000,1
1531217767768,1531217767764,270453,0.00000073,1.00000000,1
1531217768221,1531217768216,270454,0.00000073,1.00000000,1
1531217768625,1531217768622,270455,0.00000073,1.00000000,1
1531217769347,1531217769343,270456,0.00000073,1.00000000,1
1531217769722,1531217769719,270457,0.00000073,1.00000000,1
1531217770112,1531217770108,270458,0.00000073,1.00000000,1
1531217770267,1531217770262,270459,0.00000073,133333.00000000,1
1531217770322,1531217770318,270460,0.00000073,1.00000000,1
1531217770855,1531217770852,270461,0.00000073,1.00000000,1
1531217771233,1531217771228,270462,0.00000073,1.00000000,1
1531217771414,1531217771410,270463,0.00000073,1.00000000,1
1531217771972,1531217771969,270464,0.00000073,1.00000000,1
1531217772170,1531217772165,270465,0.00000073,1.00000000,1
1531217772739,1531217772735,270466,0.00000073,1.00000000,1
1531217773115,1531217773111,270467,0.00000073,1.00000000,1
1531217773512,1531217773507,270468,0.00000073,1.00000000,1
1531217773883,1531217773880,270469,0.00000073,1.00000000,1
1531217774276,1531217774272,270470,0.00000073,1.00000000,1
1531217774661,1531217774656,270471,0.00000073,111.00000000,1
1531217775052,1531217775046,270472,0.00000073,1.00000000,1
1531217775443,1531217775438,270473,0.00000073,1.00000000,1
1531217775831,1531217775827,270474,0.00000073,11.00000000,1
1531217776208,1531217776202,270475,0.00000073,11.00000000,1
1531217776610,1531217776605,270476,0.00000073,1.00000000,1
1531217777004,1531217777000,270477,0.00000073,1.00000000,1
1531217777381,1531217777378,270478,0.00000073,11.00000000,1
1531217777784,1531217777781,270479,0.00000073,1.00000000,1
1531217778185,1531217778182,270480,0.00000073,1.00000000,1
1531217778587,1531217778583,270481,0.00000073,1.00000000,1
1531217778978,1531217778973,270482,0.00000073,1.00000000,1
1531217779199,1531217779195,270483,0.00000073,1.00000000,1
1531217780111,1531217780107,270484,0.00000073,2.00000000,1
1531217780524,1531217780520,270485,0.00000073,2.00000000,1
1531217780932,1531217780928,270486,0.00000073,2.00000000,1
1531217781313,1531217781308,270487,0.00000073,2.00000000,1
1531217781620,1531217781616,270488,0.00000073,2.00000000,1
1531217781740,1531217781735,270489,0.00000073,2.00000000,1
1531217782122,1531217782119,270490,0.00000073,2.00000000,1
1531217782321,1531217782317,270491,0.00000073,23926.00000000,1
1531217782505,1531217782500,270492,0.00000073,22.00000000,1
1531217782538,1531217782534,270493,0.00000073,1.00000000,1
1531217782902,1531217782896,270494,0.00000073,2.00000000,1
1531217783011,1531217783006,270495,0.00000074,20000.00000000,0
1531217783094,1531217783088,270496,0.00000073,2.00000000,1
1531217783511,1531217783507,270497,0.00000074,1648.00000000,0
1531217783647,1531217783643,270498,0.00000073,2.00000000,1
1531217784040,1531217784036,270499,0.00000073,2.00000000,1
1531217784247,1531217784243,270500,0.00000073,2.00000000,1
1531217784396,1531217784393,270501,0.00000073,1.00000000,1
1531217784774,1531217784770,270502,0.00000073,2.00000000,1
1531217785168,1531217785164,270503,0.00000073,2.00000000,1
1531217785229,1531217785225,270504,0.00000073,1.00000000,1
1531217785357,1531217785353,270505,0.00000073,2.00000000,1
1531217785598,1531217785593,270506,0.00000074,26285.00000000,0
1531217785925,1531217785921,270507,0.00000073,2.00000000,1
1531217786119,1531217786115,270508,0.00000073,1.00000000,1
1531217786226,1531217786223,270509,0.00000074,135135.00000000,0
1531217786316,1531217786312,270510,0.00000073,22.00000000,1
1531217786702,1531217786696,270511,0.00000073,2.00000000,1
1531217787033,1531217787029,270512,0.00000073,1.00000000,1
1531217787085,1531217787081,270513,0.00000073,22.00000000,1
1531217787462,1531217787459,270514,0.00000073,2.00000000,1
1531217787848,1531217787842,270515,0.00000073,1.00000000,1
1531217787876,1531217787873,270516,0.00000073,2.00000000,1
1531217788256,1531217788251,270517,0.00000073,22.00000000,1
1531217788633,1531217788629,270518,0.00000073,2.00000000,1
1531217788833,1531217788829,270519,0.00000073,1.00000000,1
1531217789026,1531217789022,270520,0.00000073,2.00000000,1
1531217789407,1531217789402,270521,0.00000073,2.00000000,1
1531217789582,1531217789577,270522,0.00000073,2.00000000,1
1531217789715,1531217789710,270523,0.00000073,1.00000000,1
1531217790160,1531217790156,270524,0.00000073,2.00000000,1
1531217790443,1531217790439,270525,0.00000073,2.00000000,1
1531217790492,1531217790489,270526,0.00000073,1.00000000,1
1531217790913,1531217790907,270527,0.00000073,2.00000000,1
1531217791103,1531217791098,270528,0.00000073,2.00000000,1
1531217791316,1531217791311,270529,0.00000073,1.00000000,1
1531217791653,1531217791649,270530,0.00000073,2.00000000,1
1531217792019,1531217792013,270531,0.00000073,22.00000000,1
1531217792192,1531217792187,270532,0.00000073,2.00000000,1
1531217792245,1531217792241,270533,0.00000073,1.00000000,1
1531217792731,1531217792726,270534,0.00000073,2.00000000,1
1531217793087,1531217793082,270535,0.00000073,22.00000000,1
1531217793098,1531217793094,270536,0.00000073,1.00000000,1
1531217793259,1531217793256,270537,0.00000073,2.00000000,1
1531217793817,1531217793813,270538,0.00000073,2.00000000,1
1531217794139,1531217794135,270539,0.00000074,627404.00000000,0
1531217794177,1531217794174,270540,0.00000073,22.00000000,1
1531217794535,1531217794531,270541,0.00000073,22.00000000,1
1531217794737,1531217794731,270542,0.00000073,1.00000000,1
1531217794897,1531217794892,270543,0.00000073,22.00000000,1
1531217795272,1531217795267,270544,0.00000073,22.00000000,1
1531217795543,1531217795538,270545,0.00000073,1.00000000,1
1531217795641,1531217795638,270546,0.00000073,22.00000000,1
1531217796015,1531217796009,270547,0.00000073,2.00000000,1
1531217796363,1531217796359,270548,0.00000073,2.00000000,1
1531217796598,1531217796592,270549,0.00000073,1.00000000,1
1531217796743,1531217796739,270550,0.00000073,2.00000000,1
1531217798327,1531217798322,270551,0.00000073,1.00000000,1
1531217800100,1531217800094,270552,0.00000073,1.00000000,1
1531217800149,1531217800144,270553,0.00000073,1.00000000,1
1531217800233,1531217800228,270554,0.00000073,1.00000000,1
1531217800319,1531217800314,270555,0.00000073,1.00000000,1
1531217800628,1531217800623,270556,0.00000073,1.00000000,1
1531217800676,1531217800672,270557,0.00000073,1.00000000,1
1531217800789,1531217800784,270558,0.00000073,1.00000000,1
1531217801053,1531217801049,270559,0.00000074,395.00000000,0
1531217801098,1531217801093,270560,0.00000073,11.00000000,1
1531217801180,1531217801177,270561,0.00000073,1.00000000,1
1531217801800,1531217801796,270562,0.00000073,1.00000000,1
1531217801878,1531217801874,270563,0.00000073,1.00000000,1
1531217802550,1531217802546,270564,0.00000073,1.00000000,1
1531217802580,1531217802576,270565,0.00000073,1.00000000,1
1531217802722,1531217802717,270566,0.00000073,1.00000000,1
1531217803192,1531217803188,270567,0.00000073,1.00000000,1
1531217803313,1531217803308,270568,0.00000073,1.00000000,1
1531217803880,1531217803874,270569,0.00000073,1.00000000,1
1531217803959,1531217803954,270570,0.00000073,1.00000000,1
1531217804114,1531217804109,270571,0.00000073,1.00000000,1
1531217804603,1531217804598,270572,0.00000073,1.00000000,1
1531217804668,1531217804663,270573,0.00000073,1.00000000,1
1531217804992,1531217804988,270574,0.00000074,95.00000000,0
1531217805048,1531217805044,270575,0.00000073,1.00000000,1
1531217805308,1531217805302,270576,0.00000073,1.00000000,1
1531217805372,1531217805369,270577,0.00000073,1.00000000,1
1531217805469,1531217805466,270578,0.00000073,1.00000000,1
1531217806018,1531217806015,270579,0.00000073,1.00000000,1
1531217806122,1531217806118,270580,0.00000073,1.00000000,1
1531217806744,1531217806738,270581,0.00000073,1.00000000,1
1531217806768,1531217806765,270582,0.00000073,1.00000000,1
1531217806868,1531217806864,270583,0.00000073,1.00000000,1
1531217807619,1531217807615,270584,0.00000073,1.00000000,1
1531217807660,1531217807654,270585,0.00000073,1.00000000,1
1531217807706,1531217807702,270586,0.00000073,1.00000000,1
1531217808335,1531217808330,270587,0.00000073,1.00000000,1
1531217808348,1531217808342,270588,0.00000073,2.00000000,1
1531217808410,1531217808405,270589,0.00000073,1.00000000,1
1531217809234,1531217809230,270590,0.00000073,2.00000000,1
1531217809306,1531217809302,270591,0.00000073,2.00000000,1
1531217809389,1531217809385,270592,0.00000073,1.00000000,1
1531217809954,1531217809950,270593,0.00000073,2.00000000,1
1531217810056,1531217810052,270594,0.00000073,2.00000000,1
1531217810125,1531217810120,270595,0.00000073,1.00000000,1
1531217810735,1531217810730,270596,0.00000073,2.00000000,1
1531217810810,1531217810806,270597,0.00000073,2.00000000,1
1531217811521,1531217811516,270598,0.00000073,2.00000000,1
1531217811614,1531217811609,270599,0.00000073,1.00000000,1
1531217811646,1531217811641,270600,0.00000073,2.00000000,1
1531217812333,1531217812329,270601,0.00000073,2.00000000,1
1531217812453,1531217812449,270602,0.00000073,2.00000000,1
1531217812779,1531217812775,270603,0.00000073,1.00000000,1
1531217813300,1531217813296,270604,0.00000073,1.00000000,1
1531217813569,1531217813564,270605,0.00000074,22858.00000000,0
1531217813617,1531217813612,270606,0.00000073,22.00000000,1
1531217813705,1531217813702,270607,0.00000073,2.00000000,1
1531217814336,1531217814332,270608,0.00000073,2.00000000,1
1531217814402,1531217814398,270609,0.00000073,2.00000000,1
1531217814674,1531217814670,270610,0.00000073,1.00000000,1
1531217815033,1531217815028,270611,0.00000073,2.00000000,1
1531217815842,1531217815837,270612,0.00000073,22.00000000,1
1531217815923,1531217815919,270613,0.00000073,2.00000000,1
1531217816599,1531217816593,270614,0.00000073,2.00000000,1
1531217816682,1531217816677,270615,0.00000073,2.00000000,1
1531217816702,1531217816698,270616,0.00000073,1.00000000,1
1531217817363,1531217817358,270617,0.00000073,2.00000000,1
1531217817439,1531217817435,270618,0.00000073,2.00000000,1
1531217817545,1531217817541,270619,0.00000073,1.00000000,1
1531217818008,1531217818003,270620,0.00000073,1.00000000,1
1531217818095,1531217818091,270621,0.00000073,2.00000000,1
1531217818210,1531217818206,270622,0.00000073,2.00000000,1
1531217818252,1531217818248,270623,0.00000073,1.00000000,1
1531217818281,1531217818276,270624,0.00000074,333.00000000,0
1531217818823,1531217818817,270625,0.00000073,2.00000000,1
1531217818927,1531217818921,270626,0.00000073,2.00000000,1
1531217819566,1531217819562,270627,0.00000073,2.00000000,1
1531217819688,1531217819684,270628,0.00000073,2.00000000,1
1531217819689,1531217819684,270629,0.00000073,1.00000000,1
1531217819870,1531217819865,270630,0.00000073,237252.00000000,1
1531217820036,1531217820032,270631,0.00000074,333.00000000,0
1531217820341,1531217820338,270632,0.00000073,2.00000000,1
1531217821126,1531217821123,270633,0.00000073,2.00000000,1
1531217821232,1531217821227,270634,0.00000073,2.00000000,1
1531217821905,1531217821901,270635,0.00000073,2.00000000,1
1531217821931,1531217821927,270636,0.00000073,1.00000000,1
1531217821981,1531217821978,270637,0.00000073,2.00000000,1
1531217822576,1531217822572,270638,0.00000073,1.00000000,1
1531217822680,1531217822675,270639,0.00000073,2.00000000,1
1531217822773,1531217822768,270640,0.00000073,2.00000000,1
1531217823158,1531217823155,270641,0.00000073,1.00000000,1
1531217823443,1531217823439,270642,0.00000073,2.00000000,1
1531217823538,1531217823533,270643,0.00000073,2.00000000,1
1531217823714,1531217823709,270644,0.00000073,1.00000000,1
1531217824212,1531217824207,270645,0.00000073,1.00000000,1
1531217824218,1531217824213,270646,0.00000073,2.00000000,1
1531217824315,1531217824311,270647,0.00000073,2.00000000,1
1531217824910,1531217824905,270648,0.00000073,2.00000000,1
1531217824973,1531217824968,270649,0.00000073,2.00000000,1
1531217825639,1531217825635,270650,0.00000073,1.00000000,1
1531217825728,1531217825724,270651,0.00000073,2.00000000,1
1531217825810,1531217825806,270652,0.00000073,2.00000000,1
1531217825834,1531217825829,270653,0.00000073,1.00000000,1
1531217826480,1531217826477,270654,0.00000073,2.00000000,1
1531217826559,1531217826555,270655,0.00000073,2.00000000,1
1531217826642,1531217826639,270656,0.00000073,1.00000000,1
1531217827173,1531217827170,270657,0.00000073,1.00000000,1
1531217827237,1531217827233,270658,0.00000073,2.00000000,1
1531217827353,1531217827348,270659,0.00000073,2.00000000,1
1531217827680,1531217827676,270660,0.00000073,1.00000000,1
1531217828285,1531217828279,270661,0.00000073,1.00000000,1
1531217828479,1531217828475,270662,0.00000073,2.00000000,1
1531217828588,1531217828584,270663,0.00000073,2.00000000,1
1531217828970,1531217828965,270664,0.00000073,1.00000000,1
1531217829000,1531217828996,270665,0.00000073,1.00000000,1
1531217829312,1531217829306,270666,0.00000073,2.00000000,1
1531217829409,1531217829406,270667,0.00000073,2.00000000,1
1531217829794,1531217829789,270668,0.00000073,1.00000000,1
1531217830119,1531217830115,270669,0.00000073,2.00000000,1
1531217830326,1531217830322,270670,0.00000073,1.00000000,1
1531217830736,1531217830731,270671,0.00000073,2.00000000,1
1531217830839,1531217830834,270672,0.00000073,2.00000000,1
1531217830865,1531217830861,270673,0.00000073,1.00000000,1
1531217831424,1531217831420,270674,0.00000073,1.00000000,1
1531217831528,1531217831524,270675,0.00000073,2.00000000,1
1531217831617,1531217831614,270676,0.00000073,2.00000000,1
1531217831927,1531217831923,270677,0.00000073,1.00000000,1
1531217832313,1531217832310,270678,0.00000073,2.00000000,1
1531217832418,1531217832413,270679,0.00000073,2.00000000,1
1531217832436,1531217832433,270680,0.00000073,1.00000000,1
1531217832944,1531217832941,270681,0.00000073,1.00000000,1
1531217833189,1531217833183,270682,0.00000073,1.00000000,1
1531217833437,1531217833433,270683,0.00000073,2.00000000,1
1531217833559,1531217833554,270684,0.00000073,2.00000000,1
1531217833930,1531217833926,270685,0.00000073,1.00000000,1
1531217834264,1531217834259,270686,0.00000073,2.00000000,1
1531217834314,1531217834309,270687,0.00000074,302712.00000000,0
1531217834377,1531217834372,270688,0.00000073,2.00000000,1
1531217834425,1531217834420,270689,0.00000073,1.00000000,1
1531217835023,1531217835019,270690,0.00000073,1.00000000,1
1531217835044,1531217835040,270691,0.00000073,2.00000000,1
1531217835132,1531217835128,270692,0.00000073,2.00000000,1
1531217835586,1531217835581,270693,0.00000073,1.00000000,1
1531217835801,1531217835797,270694,0.00000073,2.00000000,1
1531217835875,1531217835871,270695,0.00000073,2.00000000,1
1531217836414,1531217836410,270696,0.00000073,1.00000000,1
1531217836805,1531217836801,270697,0.00000073,2.00000000,1
1531217836912,1531217836908,270698,0.00000073,2.00000000,1
1531217836952,1531217836948,270699,0.00000073,1.00000000,1
1531217837448,1531217837444,270700,0.00000073,1.00000000,1
1531217837585,1531217837581,270701,0.00000073,2.00000000,1
1531217837668,1531217837664,270702,0.00000073,2.00000000,1
1531217837934,1531217837930,270703,0.00000073,1.00000000,1
1531217838356,1531217838352,270704,0.00000073,2.00000000,1
1531217838428,1531217838425,270705,0.00000073,1.00000000,1
1531217838434,1531217838431,270706,0.00000073,2.00000000,1
1531217838904,1531217838899,270707,0.00000073,1.00000000,1
1531217839114,1531217839111,270708,0.00000073,2.00000000,1
1531217839194,1531217839190,270709,0.00000073,2.00000000,1
1531217839413,1531217839410,270710,0.00000073,1.00000000,1
1531217839898,1531217839894,270711,0.00000073,2.00000000,1
1531217839924,1531217839918,270712,0.00000073,1.00000000,1
1531217839987,1531217839983,270713,0.00000073,2.00000000,1
1531217840147,1531217840143,270714,0.00000073,23926.00000000,1
1531217840443,1531217840440,270715,0.00000073,1.00000000,1
1531217840692,1531217840687,270716,0.00000073,2.00000000,1
1531217840770,1531217840764,270717,0.00000073,2.00000000,1
1531217841029,1531217841025,270718,0.00000073,1.00000000,1
1531217841254,1531217841249,270719,0.00000073,1.00000000,1
1531217841444,1531217841440,270720,0.00000073,2.00000000,1
1531217841539,1531217841535,270721,0.00000073,2.00000000,1
1531217841966,1531217841962,270722,0.00000073,1.00000000,1
1531217842201,1531217842197,270723,0.00000073,2.00000000,1
1531217842301,1531217842297,270724,0.00000073,2.00000000,1
1531217842502,1531217842498,270725,0.00000073,1.00000000,1
1531217842995,1531217842990,270726,0.00000073,2.00000000,1
1531217843097,1531217843094,270727,0.00000073,2.00000000,1
1531217843769,1531217843764,270728,0.00000073,2.00000000,1
1531217843856,1531217843852,270729,0.00000073,2.00000000,1
1531217844558,1531217844553,270730,0.00000073,2.00000000,1
1531217845045,1531217845041,270731,0.00000073,2.00000000,1
1531217845113,1531217845109,270732,0.00000073,2.00000000,1
1531217845697,1531217845694,270733,0.00000073,2.00000000,1
1531217846482,1531217846478,270734,0.00000073,2.00000000,1
1531217846574,1531217846570,270735,0.00000073,2.00000000,1
1531217847275,1531217847272,270736,0.00000073,2.00000000,1
1531217847394,1531217847391,270737,0.00000073,2.00000000,1
1531217847996,1531217847991,270738,0.00000073,1.00000000,1
1531217848105,1531217848101,270739,0.00000073,2.00000000,1
1531217848216,1531217848210,270740,0.00000073,2.00000000,1
1531217848294,1531217848289,270741,0.00000073,1.00000000,1
1531217848300,1531217848294,270742,0.00000073,1.00000000,1
1531217848901,1531217848896,270743,0.00000073,2.00000000,1
1531217849071,1531217849065,270744,0.00000073,2.00000000,1
1531217849215,1531217849211,270745,0.00000073,1.00000000,1
1531217849395,1531217849390,270746,0.00000073,1.00000000,1
1531217849704,1531217849700,270747,0.00000073,2.00000000,1
1531217849822,1531217849817,270748,0.00000073,2.00000000,1
1531217850154,1531217850150,270749,0.00000073,1.00000000,1
1531217850518,1531217850513,270750,0.00000073,2.00000000,1
1531217850614,1531217850610,270751,0.00000073,2.00000000,1
1531217850622,1531217850618,270752,0.00000073,1.00000000,1
1531217851102,1531217851099,270753,0.00000073,1.00000000,1
1531217851334,1531217851330,270754,0.00000073,2.00000000,1
1531217851417,1531217851413,270755,0.00000073,2.00000000,1
1531217851451,1531217851447,270756,0.00000073,2.00000000,1
1531217851564,1531217851561,270757,0.00000073,1.00000000,1
1531217851895,1531217851891,270758,0.00000073,2.00000000,1
1531217852048,1531217852045,270759,0.00000073,2.00000000,1
1531217852068,1531217852063,270760,0.00000073,1.00000000,1
1531217852175,1531217852170,270761,0.00000073,2.00000000,1
1531217852271,1531217852267,270762,0.00000073,2.00000000,1
1531217852579,1531217852575,270763,0.00000073,1.00000000,1
1531217852996,1531217852990,270764,0.00000073,2.00000000,1
1531217853077,1531217853071,270765,0.00000073,2.00000000,1
1531217853090,1531217853085,270766,0.00000073,1.00000000,1
1531217853553,1531217853548,270767,0.00000073,1.00000000,1
1531217853776,1531217853772,270768,0.00000073,2.00000000,1
1531217853844,1531217853840,270769,0.00000073,2.00000000,1
1531217853871,1531217853867,270770,0.00000073,2.00000000,1
1531217853895,1531217853890,270771,0.00000073,2.00000000,1
1531217854029,1531217854025,270772,0.00000073,1.00000000,1
1531217854498,1531217854494,270773,0.00000073,1.00000000,1
1531217854585,1531217854582,270774,0.00000073,2.00000000,1
1531217854592,1531217854587,270775,0.00000073,1.00000000,1
1531217854699,1531217854695,270776,0.00000073,2.00000000,1
1531217854709,1531217854705,270777,0.00000073,1.00000000,1
1531217854986,1531217854982,270778,0.00000073,1.00000000,1
1531217855319,1531217855313,270779,0.00000073,12.00000000,1
1531217855397,1531217855393,270780,0.00000073,2.00000000,1
1531217855551,1531217855546,270781,0.00000073,1.00000000,1
1531217855859,1531217855854,270782,0.00000073,1.00000000,1
1531217855877,1531217855872,270783,0.00000073,2.00000000,1
1531217856018,1531217856012,270784,0.00000073,2.00000000,1
1531217856110,1531217856105,270785,0.00000073,2.00000000,1
1531217856467,1531217856462,270786,0.00000073,11.00000000,1
1531217856679,1531217856675,270787,0.00000073,1.00000000,1
1531217856830,1531217856826,270788,0.00000073,2.00000000,1
1531217856952,1531217856948,270789,0.00000073,2.00000000,1
1531217856960,1531217856957,270790,0.00000073,1.00000000,1
1531217857287,1531217857282,270791,0.00000073,2.00000000,1
1531217857419,1531217857415,270792,0.00000073,1.00000000,1
1531217857662,1531217857659,270793,0.00000073,2.00000000,1
1531217857778,1531217857774,270794,0.00000073,2.00000000,1
1531217857881,1531217857876,270795,0.00000073,1.00000000,1
1531217857920,1531217857916,270796,0.00000073,2.00000000,1
1531217858345,1531217858341,270797,0.00000073,1.00000000,1
1531217858500,1531217858496,270798,0.00000073,2.00000000,1
1531217858516,1531217858510,270799,0.00000073,2.00000000,1
1531217858625,1531217858622,270800,0.00000073,2.00000000,1
1531217858678,1531217858674,270801,0.00000074,6099.00000000,0
1531217859193,1531217859189,270802,0.00000073,1.00000000,1
1531217859369,1531217859364,270803,0.00000073,2.00000000,1
1531217859457,1531217859453,270804,0.00000073,2.00000000,1
1531217859736,1531217859732,270805,0.00000073,1.00000000,1
1531217860298,1531217860293,270806,0.00000073,2.00000000,1
1531217860318,1531217860315,270807,0.00000073,2.00000000,1
1531217861023,1531217861019,270808,0.00000073,2.00000000,1
1531217861129,1531217861125,270809,0.00000073,2.00000000,1
1531217862180,1531217862150,270810,0.00000073,2.00000000,1
1531217862205,1531217862201,270811,0.00000073,2.00000000,1
1531217862993,1531217862988,270812,0.00000073,2.00000000,1
1531217863104,1531217863099,270813,0.00000073,2.00000000,1
1531217863242,1531217863236,270814,0.00000073,2289159.00000000,1
1531217863295,1531217863292,270815,0.00000073,2.00000000,1
1531217863821,1531217863816,270816,0.00000073,2.00000000,1
1531217863911,1531217863908,270817,0.00000073,2.00000000,1
1531217864758,1531217864753,270818,0.00000073,2.00000000,1
1531217864888,1531217864884,270819,0.00000073,2.00000000,1
1531217865189,1531217865183,270820,0.00000073,2.00000000,1
1531217865604,1531217865599,270821,0.00000073,2.00000000,1
1531217865707,1531217865703,270822,0.00000073,2.00000000,1
1531217865722,1531217865718,270823,0.00000073,21.00000000,1
1531217866053,1531217866049,270824,0.00000073,2.00000000,1
1531217866418,1531217866414,270825,0.00000073,2.00000000,1
1531217866531,1531217866528,270826,0.00000073,2.00000000,1
1531217867287,1531217867284,270827,0.00000073,2.00000000,1
1531217867601,1531217867597,270828,0.00000073,2.00000000,1
1531217868286,1531217868283,270829,0.00000073,1.00000000,1
1531217868336,1531217868331,270830,0.00000073,1.00000000,1
1531217868490,1531217868484,270831,0.00000073,1.00000000,1
1531217868826,1531217868822,270832,0.00000073,1.00000000,1
1531217869136,1531217869131,270833,0.00000073,1.00000000,1
1531217869165,1531217869161,270834,0.00000073,1.00000000,1
1531217869295,1531217869291,270835,0.00000073,33393.00000000,1
1531217869332,1531217869329,270836,0.00000073,1.00000000,1
1531217869764,1531217869759,270837,0.00000073,1.00000000,1
1531217869916,1531217869911,270838,0.00000073,1.00000000,1
1531217870071,1531217870067,270839,0.00000073,1.00000000,1
1531217870323,1531217870317,270840,0.00000073,1.00000000,1
1531217870422,1531217870417,270841,0.00000073,1.00000000,1
1531217870478,1531217870475,270842,0.00000073,1.00000000,1
1531217870546,1531217870541,270843,0.00000073,1.00000000,1
1531217871145,1531217871136,270844,0.00000073,5272108.00000000,1
1531217871241,1531217871237,270845,0.00000073,1.00000000,1
1531217871269,1531217871264,270846,0.00000073,1.00000000,1
1531217871294,1531217871290,270847,0.00000073,1.00000000,1
1531217871326,1531217871321,270848,0.00000073,1.00000000,1
1531217871755,1531217871750,270849,0.00000073,1.00000000,1
1531217871980,1531217871977,270850,0.00000073,1.00000000,1
1531217872044,1531217872041,270851,0.00000073,1.00000000,1
1531217872227,1531217872222,270852,0.00000073,565365.00000000,1
1531217872231,1531217872227,270853,0.00000073,1.00000000,1
1531217872273,1531217872269,270854,0.00000073,21803.00000000,1
1531217872399,1531217872395,270855,0.00000073,1.00000000,1
1531217872432,1531217872428,270856,0.00000073,1.00000000,1
1531217872566,1531217872563,270857,0.00000073,20000.00000000,1
1531217872677,1531217872673,270858,0.00000073,1.00000000,1
1531217872739,1531217872733,270859,0.00000073,478307.00000000,1
1531217872755,1531217872750,270860,0.00000073,1.00000000,1
1531217873177,1531217873173,270861,0.00000073,1.00000000,1
1531217873322,1531217873319,270862,0.00000073,1.00000000,1
1531217873352,1531217873348,270863,0.00000073,1.00000000,1
1531217873418,1531217873409,270864,0.00000073,343318.00000000,1
1531217873421,1531217873417,270865,0.00000073,1.00000000,1
1531217873684,1531217873681,270866,0.00000073,1.00000000,1
1531217873777,1531217873772,270867,0.00000073,1.00000000,1
1531217873844,1531217873840,270868,0.00000073,1.00000000,1
1531217874047,1531217874042,270869,0.00000073,1.00000000,1
1531217874124,1531217874120,270870,0.00000073,1.00000000,1
1531217874335,1531217874330,270871,0.00000073,146470.00000000,1
1531217874370,1531217874366,270872,0.00000073,99332.00000000,0
1531217874433,1531217874429,270873,0.00000072,111.00000000,1
1531217874433,1531217874429,270874,0.00000072,100000.00000000,1
1531217874434,1531217874429,270875,0.00000072,145870.00000000,1
1531217874434,1531217874429,270876,0.00000072,50000.00000000,1
1531217874435,1531217874429,270877,0.00000072,5000.00000000,1
1531217874436,1531217874429,270878,0.00000072,285209.00000000,1
1531217874436,1531217874429,270879,0.00000072,1998.00000000,1
1531217874437,1531217874429,270880,0.00000072,15589.00000000,1
1531217874437,1531217874429,270881,0.00000072,24975.00000000,1
1531217874446,1531217874442,270882,0.00000072,534.00000000,1
1531217874552,1531217874548,270883,0.00000072,1.00000000,1
1531217874553,1531217874548,270884,0.00000072,1.00000000,1
1531217874625,1531217874620,270885,0.00000072,1.00000000,1
1531217874967,1531217874963,270886,0.00000073,7572.00000000,0
1531217875069,1531217875065,270887,0.00000072,1.00000000,1
1531217875150,1531217875145,270888,0.00000072,1.00000000,1
1531217875155,1531217875151,270889,0.00000072,1.00000000,1
1531217875262,1531217875259,270890,0.00000072,2068.00000000,1
1531217875358,1531217875353,270891,0.00000072,1.00000000,1
1531217875388,1531217875383,270892,0.00000072,1.00000000,1
1531217875468,1531217875462,270893,0.00000072,1597.00000000,1
1531217875740,1531217875736,270894,0.00000072,1.00000000,1
1531217875786,1531217875783,270895,0.00000072,1.00000000,1
1531217875807,1531217875803,270896,0.00000072,1.00000000,1
1531217875984,1531217875979,270897,0.00000072,1.00000000,1
1531217875991,1531217875986,270898,0.00000072,7749.00000000,1
1531217876015,1531217876011,270899,0.00000072,1.00000000,1
1531217876201,1531217876198,270900,0.00000072,1.00000000,1
1531217876328,1531217876322,270901,0.00000072,7749.00000000,1
1531217876380,1531217876375,270902,0.00000072,1.00000000,1
1531217876438,1531217876434,270903,0.00000072,1.00000000,1
1531217876602,1531217876597,270904,0.00000072,1.00000000,1
1531217876608,1531217876604,270905,0.00000072,2661.00000000,1
1531217876627,1531217876623,270906,0.00000072,8420.00000000,1
1531217876717,1531217876713,270907,0.00000072,7917.00000000,1
1531217876802,1531217876798,270908,0.00000072,1.00000000,1
1531217876996,1531217876991,270909,0.00000072,1.00000000,1
1531217877036,1531217877033,270910,0.00000072,1.00000000,1
1531217877072,1531217877069,270911,0.00000072,1525.00000000,1
1531217877110,1531217877106,270912,0.00000072,1.00000000,1
1531217877184,1531217877180,270913,0.00000072,1.00000000,1
1531217877223,1531217877219,270914,0.00000072,2.00000000,1
1531217877241,1531217877237,270915,0.00000072,6678.00000000,1
1531217877275,1531217877271,270916,0.00000073,54849.00000000,0
1531217877485,1531217877481,270917,0.00000072,15784.00000000,1
1531217877571,1531217877568,270918,0.00000072,1.00000000,1
1531217877706,1531217877702,270919,0.00000072,1.00000000,1
1531217877776,1531217877771,270920,0.00000072,1.00000000,1
1531217877892,1531217877888,270921,0.00000073,1510.00000000,0
1531217877970,1531217877965,270922,0.00000072,1.00000000,1
1531217878157,1531217878151,270923,0.00000072,1.00000000,1
1531217878230,1531217878225,270924,0.00000072,6675.00000000,1
1531217878326,1531217878321,270925,0.00000072,1.00000000,1
1531217878355,1531217878351,270926,0.00000072,2.00000000,1
1531217878427,1531217878422,270927,0.00000072,1.00000000,1
1531217878451,1531217878446,270928,0.00000072,2.00000000,1
1531217878620,1531217878616,270929,0.00000072,6138.00000000,1
1531217878789,1531217878784,270930,0.00000072,1.00000000,1
1531217879014,1531217879009,270931,0.00000072,1.00000000,1
1531217879087,1531217879083,270932,0.00000072,1.00000000,1
1531217879353,1531217879349,270933,0.00000072,1.00000000,1
1531217879373,1531217879370,270934,0.00000072,1.00000000,1
1531217879476,1531217879472,270935,0.00000072,2.00000000,1
1531217879552,1531217879546,270936,0.00000072,2.00000000,1
1531217879577,1531217879572,270937,0.00000072,1.00000000,1
1531217879846,1531217879840,270938,0.00000072,11.00000000,1
1531217879901,1531217879897,270939,0.00000072,3295.00000000,1
1531217879918,1531217879915,270940,0.00000072,1.00000000,1
1531217880119,1531217880114,270941,0.00000073,1786.00000000,0
1531217880179,1531217880175,270942,0.00000072,1.00000000,1
1531217880209,1531217880205,270943,0.00000072,1.00000000,1
1531217880381,1531217880376,270944,0.00000072,1.00000000,1
1531217880549,1531217880545,270945,0.00000072,1.00000000,1
1531217880706,1531217880701,270946,0.00000072,1.00000000,1
1531217880879,1531217880875,270947,0.00000072,1.00000000,1
1531217880985,1531217880980,270948,0.00000072,1.00000000,1
1531217881215,1531217881212,270949,0.00000072,1.00000000,1
1531217881293,1531217881289,270950,0.00000072,1.00000000,1
1531217881402,1531217881397,270951,0.00000072,11.00000000,1
1531217881438,1531217881433,270952,0.00000072,1.00000000,1
1531217881630,1531217881626,270953,0.00000072,1.00000000,1
1531217881911,1531217881905,270954,0.00000072,2.00000000,1
1531217881925,1531217881920,270955,0.00000072,1.00000000,1
1531217882102,1531217882098,270956,0.00000072,1.00000000,1
1531217882204,1531217882200,270957,0.00000072,1.00000000,1
1531217882455,1531217882451,270958,0.00000072,1.00000000,1
1531217882559,1531217882554,270959,0.00000072,2.00000000,1
1531217882639,1531217882635,270960,0.00000072,1.00000000,1
