event_time,trade_time,trade_id,price,quantity,maker
1531210362936,1531210362931,2510485,0.00115400,1.71000000,1
1531210362936,1531210362931,2510486,0.00115380,5.96000000,1
1531210362936,1531210362931,2510487,0.00115310,3.00000000,1
1531210362936,1531210362931,2510488,0.00115270,41.07000000,1
1531210394474,1531210394469,2510489,0.00115670,5.30000000,0
1531210394474,1531210394469,2510490,0.00115730,4.32000000,0
1531210394720,1531210394716,2510491,0.00115730,1.00000000,1
1531210394948,1531210394943,2510492,0.00115750,1.71000000,0
1531210398805,1531210398800,2510493,0.00115930,6.88000000,0
1531210432523,1531210432518,2510494,0.00115790,1.00000000,1
1531210463401,1531210463395,2510495,0.00115760,1.00000000,1
1531210497437,1531210497432,2510496,0.00115760,1.00000000,1
1531210515624,1531210515619,2510497,0.00115760,30.00000000,1
1531210521970,1531210521965,2510498,0.00116100,1.00000000,0
1531210521970,1531210521965,2510499,0.00116110,40.62000000,0
1531210521991,1531210521986,2510500,0.00116110,1.37000000,0
1531210523698,1531210523693,2510501,0.00116100,0.64000000,0
1531210529166,1531210529161,2510502,0.00115770,1.00000000,1
1531210547927,1531210547923,2510503,0.00115770,174.46000000,1
1531210547941,1531210547936,2510504,0.00115770,235.53000000,1
1531210558417,1531210558413,2510505,0.00115760,1.00000000,1
1531210564920,1531210564915,2510506,0.00115910,261.67000000,0
1531210564938,1531210564935,2510507,0.00115770,59.71000000,1
1531210564958,1531210564954,2510508,0.00115770,112.79000000,1
1531210591513,1531210591507,2510509,0.00115760,1.00000000,1
1531210612295,1531210612292,2510510,0.00115760,6.40000000,1
1531210620905,1531210620901,2510511,0.00115760,3.00000000,1
1531210622481,1531210622477,2510512,0.00115760,3.06000000,1
1531210652088,1531210652083,2510513,0.00115760,1.00000000,1
1531210681094,1531210681091,2510514,0.00115760,1.00000000,1
1531210715158,1531210715153,2510515,0.00115760,1.00000000,1
1531210744488,1531210744483,2510516,0.00115760,1.00000000,1
1531210774196,1531210774192,2510517,0.00115760,1.10000000,1
1531210793465,1531210793461,2510518,0.00115740,30.00000000,1
1531210793644,1531210793640,2510519,0.00115740,30.00000000,1
1531210794257,1531210794253,2510520,0.00115740,30.00000000,1
1531210794271,1531210794263,2510521,0.00115740,30.00000000,1
1531210881748,1531210881743,2510522,0.00115770,41.62000000,0
1531210899764,1531210899759,2510523,0.00115780,39.77000000,0
1531210923707,1531210923703,2510524,0.00115820,465.76000000,0
1531210923719,1531210923714,2510525,0.00115880,173.46000000,0
1531210924768,1531210924762,2510526,0.00115890,1.64000000,0
1531210937848,1531210937844,2510527,0.00116030,5.04000000,0
1531210938091,1531210938091,2510528,0.00116030,13.08000000,1
1531210938091,1531210938091,2510529,0.00115820,0.02000000,1
1531210952552,1531210952547,2510530,0.00116250,226.87000000,0
1531210959807,1531210959802,2510531,0.00115830,0.66000000,1
1531210960496,1531210960491,2510532,0.00115810,0.51000000,1
1531210961073,1531210961069,2510533,0.00115810,0.45000000,1
1531210961464,1531210961460,2510534,0.00115810,0.66000000,1
1531210961617,1531210961612,2510535,0.00115810,0.33000000,1
1531210962303,1531210962299,2510536,0.00115820,0.45000000,1
1531210962852,1531210962846,2510537,0.00115820,0.56000000,1
1531210963194,1531210963193,2510538,0.00115820,0.67000000,1
1531210965856,1531210965852,2510539,0.00115820,64.51000000,1
1531210968444,1531210968440,2510540,0.00115820,0.67000000,0
1531211007331,1531211007326,2510541,0.00116000,132.28000000,0
1531211007345,1531211007341,2510542,0.00115820,184.03000000,1
1531211007358,1531211007354,2510543,0.00115820,58.03000000,1
1531211121607,1531211121603,2510544,0.00116070,1.01000000,0
1531211121797,1531211121793,2510545,0.00116070,17.68000000,1
1531211121842,1531211121839,2510546,0.00116070,26.70000000,1
1531211123116,1531211123113,2510547,0.00116080,30.00000000,1
1531211123665,1531211123661,2510548,0.00116080,8.52000000,1
1531211123665,1531211123661,2510549,0.00116070,21.48000000,1
1531211127477,1531211127474,2510550,0.00116070,41.62000000,1
1531211151288,1531211151283,2510551,0.00116150,11.51000000,0
1531211151288,1531211151283,2510552,0.00116280,6.86000000,0
1531211151288,1531211151283,2510553,0.00116570,39.19000000,0
1531211151288,1531211151283,2510554,0.00116580,70.00000000,0
1531211151288,1531211151283,2510555,0.00116630,20.12000000,0
1531211151288,1531211151283,2510556,0.00116700,64.33000000,0
1531211154856,1531211154850,2510557,0.00116160,5.66000000,1
1531211154856,1531211154850,2510558,0.00116150,6.87000000,1
1531211155395,1531211155391,2510559,0.00116080,69.35000000,0
1531211253892,1531211253886,2510560,0.00116260,5.66000000,0
1531211253892,1531211253886,2510561,0.00116290,24.59000000,0
1531211255975,1531211255971,2510562,0.00116070,1.74000000,1
1531211304998,1531211304992,2510563,0.00116080,181.21000000,1
1531211305016,1531211305012,2510564,0.00116080,246.46000000,1
1531211319377,1531211319373,2510565,0.00116090,22.76000000,1
1531211319458,1531211319454,2510566,0.00116090,39.32000000,1
1531211319604,1531211319600,2510567,0.00116070,2.00000000,1
1531211345355,1531211345351,2510568,0.00116080,176.00000000,1
1531211351860,1531211351857,2510569,0.00116080,16.42000000,0
1531211351894,1531211351888,2510570,0.00116080,49.14000000,0
1531211392087,1531211392082,2510571,0.00116080,1.00000000,0
1531211401102,1531211401097,2510572,0.00116080,20.20000000,0
1531211511641,1531211511636,2510573,0.00116080,30.76000000,0
1531211511641,1531211511636,2510574,0.00116310,6.86000000,0
1531211511641,1531211511636,2510575,0.00116700,23.60000000,0
1531211511641,1531211511636,2510576,0.00116830,28.00000000,0
1531211514175,1531211514170,2510577,0.00116800,4.99000000,0
1531211514175,1531211514170,2510578,0.00116810,22.11000000,0
1531211514175,1531211514170,2510579,0.00116820,2.13000000,0
1531211542108,1531211542104,2510580,0.00116230,126.91000000,1
1531211545871,1531211545866,2510581,0.00116230,104.21000000,1
1531211546724,1531211546718,2510582,0.00116220,6.86000000,1
1531211578880,1531211578876,2510583,0.00116190,41.70000000,0
1531211578891,1531211578887,2510584,0.00116190,162.81000000,0
1531211582867,1531211582862,2510585,0.00116190,10.00000000,1
1531211611487,1531211611482,2510586,0.00116180,78.40000000,0
1531211620262,1531211620256,2510587,0.00116080,20.27000000,1
1531211620262,1531211620256,2510588,0.00116070,23.11000000,1
1531211664022,1531211664017,2510589,0.00116070,64.66000000,1
1531211673099,1531211673095,2510590,0.00115800,30.96000000,1
1531211684738,1531211684734,2510591,0.00115770,26.00000000,1
1531211705510,1531211705507,2510592,0.00115410,6.04000000,1
1531211708686,1531211708682,2510593,0.00115400,4.59000000,0
1531211712560,1531211712555,2510594,0.00115400,16.58000000,0
1531211712670,1531211712665,2510595,0.00115410,2.00000000,0
1531211715117,1531211715112,2510596,0.00115410,12.00000000,0
1531211716862,1531211716859,2510597,0.00115410,12.00000000,0
1531211725409,1531211725404,2510598,0.00115400,4.59000000,1
1531211729980,1531211729975,2510599,0.00115400,16.58000000,0
1531211731839,1531211731834,2510600,0.00115400,0.42000000,1
1531211739087,1531211739081,2510601,0.00115400,0.13000000,0
1531211787766,1531211787761,2510602,0.00115270,35.15000000,1
1531211815915,1531211815912,2510603,0.00115340,6.04000000,0
1531211815915,1531211815912,2510604,0.00115350,24.24000000,0
1531211819710,1531211819709,2510605,0.00115290,182.21000000,1
1531211819758,1531211819753,2510606,0.00115350,7.52000000,0
1531211819909,1531211819904,2510607,0.00115350,9.39000000,0
1531211835203,1531211835197,2510608,0.00115420,12.00000000,1
1531211835203,1531211835197,2510609,0.00115410,153.43000000,1
1531211846424,1531211846419,2510610,0.00115590,18.87000000,0
1531211846446,1531211846442,2510611,0.00115590,72.31000000,0
1531211921582,1531211921579,2510612,0.00115560,0.86000000,0
1531212159726,1531212159723,2510613,0.00115270,25.00000000,1
1531212175539,1531212175534,2510614,0.00115470,5.00000000,0
1531212181798,1531212181793,2510615,0.00115450,0.86000000,0
1531212228814,1531212228811,2510616,0.00115550,0.01000000,0
1531212258257,1531212258252,2510617,0.00115270,4.01000000,1
1531212258257,1531212258252,2510618,0.00115260,184.30000000,1
1531212258257,1531212258252,2510619,0.00115190,27.88000000,1
1531212258257,1531212258252,2510620,0.00115150,6.93000000,1
1531212258257,1531212258252,2510621,0.00115120,1.16000000,1
1531212258257,1531212258252,2510622,0.00115080,2.68000000,1
1531212258257,1531212258252,2510623,0.00115000,172.45000000,1
1531212270754,1531212270750,2510624,0.00115090,0.05000000,1
1531212271522,1531212271518,2510625,0.00115000,15.00000000,1
1531212272078,1531212272074,2510626,0.00115020,0.05000000,1
1531212297219,1531212297213,2510627,0.00115390,1.70000000,0
1531212304501,1531212304497,2510628,0.00115110,1.16000000,1
1531212330976,1531212330971,2510629,0.00115350,110.18000000,0
1531212330994,1531212330989,2510630,0.00115350,79.93000000,0
1531212361228,1531212361224,2510631,0.00115310,3.80000000,0
1531212425260,1531212425256,2510632,0.00115290,1.30000000,0
1531212428987,1531212428982,2510633,0.00115280,1.30000000,0
1531212441780,1531212441775,2510634,0.00115250,30.00000000,0
1531212442228,1531212442224,2510635,0.00115250,30.00000000,0
1531212442793,1531212442789,2510636,0.00115240,12.00000000,0
1531212442793,1531212442789,2510637,0.00115250,18.00000000,0
1531212443331,1531212443327,2510638,0.00115250,30.00000000,0
1531212443788,1531212443783,2510639,0.00115250,30.00000000,0
1531212445304,1531212445299,2510640,0.00115250,164.58000000,0
1531212456846,1531212456842,2510641,0.00115260,128.28000000,1
1531212456863,1531212456860,2510642,0.00115260,148.06000000,1
1531212456883,1531212456879,2510643,0.00115250,5.54000000,1
1531212460376,1531212460374,2510644,0.00115240,0.86000000,0
1531212596286,1531212596281,2510645,0.00115160,104.18000000,0
1531212596296,1531212596292,2510646,0.00115220,42.35000000,0
1531212647242,1531212647237,2510647,0.00115230,199.00000000,0
1531212731785,1531212731781,2510648,0.00115240,0.86000000,0
1531212740303,1531212740299,2510649,0.00115020,1.76000000,1
1531212740303,1531212740299,2510650,0.00115000,10.91000000,1
1531212747086,1531212747084,2510651,0.00115240,0.04000000,0
1531212763390,1531212763386,2510652,0.00115010,16.53000000,1
1531212882042,1531212882036,2510653,0.00115010,12.00000000,1
1531212882042,1531212882036,2510654,0.00115000,80.78000000,1
1531212884545,1531212884542,2510655,0.00115280,0.97000000,0
1531212895539,1531212895534,2510656,0.00115280,3.00000000,1
1531212896938,1531212896935,2510657,0.00115280,6.74000000,1
1531212896938,1531212896935,2510658,0.00115000,77.00000000,1
1531212903288,1531212903284,2510659,0.00115000,3.00000000,0
1531212945179,1531212945173,2510660,0.00114970,12.00000000,0
1531212947510,1531212947504,2510661,0.00114980,244.00000000,0
1531212952919,1531212952913,2510662,0.00114890,157.31000000,0
1531212952926,1531212952922,2510663,0.00114990,139.65000000,0
1531212952944,1531212952938,2510664,0.00114990,81.09000000,0
1531212954012,1531212954008,2510665,0.00115000,40.28000000,0
1531213007862,1531213007855,2510666,0.00115050,3.00000000,0
1531213023424,1531213023420,2510667,0.00115290,0.01000000,0
1531213023424,1531213023420,2510668,0.00115360,0.85000000,0
1531213074409,1531213074403,2510669,0.00115150,12.00000000,1
1531213074409,1531213074403,2510670,0.00115140,16.86000000,1
1531213074409,1531213074403,2510671,0.00115000,323.68000000,1
1531213074409,1531213074403,2510672,0.00114910,6.94000000,1
1531213074409,1531213074403,2510673,0.00114830,1.31000000,1
1531213074409,1531213074403,2510674,0.00114760,3.00000000,1
1531213074409,1531213074403,2510675,0.00114680,41.04000000,1
1531213082987,1531213082979,2510676,0.00114710,45.15000000,1
1531213082987,1531213082979,2510677,0.00114680,195.53000000,1
1531213082987,1531213082979,2510678,0.00114640,3.00000000,1
1531213082987,1531213082979,2510679,0.00114630,2.02000000,1
1531213082987,1531213082979,2510680,0.00114610,3.00000000,1
1531213082987,1531213082979,2510681,0.00114510,3.00000000,1
1531213082987,1531213082979,2510682,0.00114500,6.31000000,1
1531213082987,1531213082979,2510683,0.00114460,4.00000000,1
1531213082987,1531213082979,2510684,0.00114390,1.91000000,1
1531213082987,1531213082979,2510685,0.00114270,0.88000000,1
1531213082987,1531213082979,2510686,0.00114250,1.75000000,1
1531213082987,1531213082979,2510687,0.00114210,0.88000000,1
1531213082987,1531213082979,2510688,0.00114200,4.98000000,1
1531213082987,1531213082979,2510689,0.00114110,1.81000000,1
1531213082987,1531213082979,2510690,0.00114090,1.75000000,1
1531213082987,1531213082979,2510691,0.00114040,2.95000000,1
1531213082987,1531213082979,2510692,0.00114010,2.71000000,1
1531213082987,1531213082979,2510693,0.00114000,21.99000000,1
1531213083009,1531213083005,2510694,0.00114100,5.00000000,0
1531213088806,1531213088801,2510695,0.00114240,2.71000000,1
1531213097826,1531213097823,2510696,0.00114270,1.00000000,1
1531213102729,1531213102727,2510697,0.00114280,0.89000000,1
1531213115392,1531213115386,2510698,0.00114550,13.17000000,0
1531213126036,1531213126031,2510699,0.00114250,0.89000000,1
1531213131299,1531213131295,2510700,0.00114260,6.44000000,1
1531213141834,1531213141830,2510701,0.00114270,0.89000000,1
1531213142835,1531213142830,2510702,0.00114260,35.39000000,1
1531213158128,1531213158126,2510703,0.00114260,5.50000000,0
1531213158775,1531213158770,2510704,0.00114260,3.73000000,0
1531213162330,1531213162326,2510705,0.00114420,9.00000000,0
1531213162557,1531213162552,2510706,0.00114420,22.98000000,0
1531213163069,1531213163064,2510707,0.00114510,3.97000000,0
1531213163069,1531213163064,2510708,0.00114520,1.31000000,0
1531213163069,1531213163064,2510709,0.00114530,36.96000000,0
1531213163871,1531213163869,2510710,0.00114530,6.70000000,0
1531213164971,1531213164967,2510711,0.00114570,1.81000000,0
1531213168877,1531213168873,2510712,0.00114580,6.96000000,0
1531213237815,1531213237810,2510713,0.00114840,1.10000000,1
1531213241209,1531213241206,2510714,0.00114960,0.02000000,0
1531213282200,1531213282195,2510715,0.00114550,30.00000000,1
1531213282872,1531213282867,2510716,0.00114550,30.00000000,1
1531213283882,1531213283877,2510717,0.00114550,30.00000000,1
1531213284838,1531213284834,2510718,0.00114690,417.77000000,0
1531213284857,1531213284852,2510719,0.00114550,121.00000000,1
1531213285819,1531213285815,2510720,0.00114530,0.90000000,1
1531213286202,1531213286198,2510721,0.00114530,6.07000000,1
1531213313250,1531213313246,2510722,0.00114280,4.97000000,1
1531213377972,1531213377967,2510723,0.00114400,3.85000000,0
1531213381351,1531213381345,2510724,0.00114410,1.75000000,0
1531213381673,1531213381667,2510725,0.00114410,2.45000000,0
1531213381812,1531213381806,2510726,0.00114410,3.50000000,0
1531213381904,1531213381902,2510727,0.00114410,1.40000000,0
1531213385354,1531213385350,2510728,0.00114410,33.14000000,0
1531213387623,1531213387617,2510729,0.00114630,0.45000000,0
1531213387714,1531213387709,2510730,0.00114630,0.56000000,0
1531213387764,1531213387760,2510731,0.00114630,0.66000000,0
1531213387853,1531213387849,2510732,0.00114630,0.67000000,0
1531213388167,1531213388162,2510733,0.00114630,0.33000000,0
1531213388226,1531213388222,2510734,0.00114630,0.45000000,0
1531213388270,1531213388266,2510735,0.00114630,0.51000000,0
1531213393978,1531213393973,2510736,0.00114630,9.84000000,0
1531213412645,1531213412641,2510737,0.00114600,399.78000000,0
1531213412645,1531213412641,2510738,0.00114610,12.00000000,0
1531213415812,1531213415809,2510739,0.00114630,111.16000000,0
1531213415841,1531213415836,2510740,0.00114640,2.00000000,0
1531213425517,1531213425511,2510741,0.00114630,212.31000000,0
1531213425533,1531213425528,2510742,0.00114630,36.96000000,0
1531213426090,1531213426087,2510743,0.00114640,4.96000000,0
1531213446917,1531213446911,2510744,0.00114580,12.00000000,1
1531213446917,1531213446911,2510745,0.00114570,6.04000000,1
1531213446917,1531213446911,2510746,0.00114500,6.97000000,1
1531213446917,1531213446911,2510747,0.00114420,4.99000000,1
1531213447130,1531213447125,2510748,0.00114420,21.22000000,1
1531213447946,1531213447941,2510749,0.00114420,8.77000000,0
1531213448241,1531213448236,2510750,0.00114420,0.01000000,0
1531213606051,1531213606047,2510751,0.00114650,3.70000000,0
1531213606062,1531213606058,2510752,0.00114480,2.06000000,1
1531213630798,1531213630795,2510753,0.00114480,2.16000000,1
1531213691123,1531213691118,2510754,0.00114510,4.37000000,1
1531213691123,1531213691118,2510755,0.00114500,12.00000000,1
1531213691123,1531213691118,2510756,0.00114460,15.40000000,1
1531213691123,1531213691118,2510757,0.00114450,6.97000000,1
1531213691123,1531213691118,2510758,0.00114410,35.77000000,1
1531213714073,1531213714068,2510759,0.00114410,12.00000000,1
1531213727314,1531213727310,2510760,0.00114570,11.88000000,0
1531213736997,1531213736992,2510761,0.00114710,12.00000000,0
1531213736997,1531213736992,2510762,0.00114740,6.95000000,0
1531213736997,1531213736992,2510763,0.00114960,6.04000000,0
1531213736997,1531213736992,2510764,0.00114970,30.27000000,0
1531213785541,1531213785536,2510765,0.00114710,366.57000000,0
1531213785552,1531213785547,2510766,0.00114920,0.88000000,0
1531213785579,1531213785575,2510767,0.00114920,155.34000000,0
1531213791053,1531213791049,2510768,0.00114710,317.04000000,0
1531213791067,1531213791062,2510769,0.00114920,108.62000000,0
1531213791090,1531213791084,2510770,0.00114920,121.93000000,0
1531213795756,1531213795751,2510771,0.00114930,6.94000000,0
1531213795756,1531213795751,2510772,0.00114970,1.69000000,0
1531213815027,1531213815022,2510773,0.00114970,0.07000000,0
1531213857762,1531213857759,2510774,0.00114590,5.80000000,1
1531213857762,1531213857759,2510775,0.00114580,4.32000000,1
1531213893577,1531213893571,2510776,0.00114400,90.17000000,0
1531213893594,1531213893590,2510777,0.00114530,2.58000000,0
1531213893616,1531213893610,2510778,0.00114530,56.35000000,0
1531213945949,1531213945945,2510779,0.00114490,393.54000000,0
1531213945968,1531213945963,2510780,0.00114710,223.81000000,0
1531213986019,1531213986015,2510781,0.00114720,152.68000000,0
1531214027190,1531214027185,2510782,0.00114510,146.29000000,0
1531214027202,1531214027198,2510783,0.00114710,114.29000000,0
1531214035466,1531214035461,2510784,0.00114510,28.00000000,0
1531214035477,1531214035472,2510785,0.00114710,28.00000000,0
1531214080593,1531214080588,2510786,0.00114690,228.09000000,0
1531214080608,1531214080604,2510787,0.00114690,27.78000000,0
1531214104972,1531214104967,2510788,0.00114610,22.94000000,0
1531214104992,1531214104986,2510789,0.00114720,11.15000000,0
1531214164460,1531214164456,2510790,0.00114720,1.90000000,0
1531214253304,1531214253301,2510791,0.00114640,4.58000000,0
1531214253321,1531214253316,2510792,0.00114640,1.89000000,0
1531214267338,1531214267334,2510793,0.00114640,44.14000000,0
1531214311756,1531214311751,2510794,0.00114640,0.93000000,0
1531214311778,1531214311773,2510795,0.00114640,100.84000000,0
1531214325174,1531214325171,2510796,0.00114500,1.24000000,1
1531214333776,1531214333769,2510797,0.00114500,8.76000000,1
1531214333776,1531214333769,2510798,0.00114330,12.50000000,1
1531214333776,1531214333769,2510799,0.00114280,6.98000000,1
1531214333776,1531214333769,2510800,0.00114270,3.00000000,1
1531214333776,1531214333769,2510801,0.00114090,70.00000000,1
1531214333776,1531214333769,2510802,0.00114070,1.31000000,1
1531214333776,1531214333769,2510803,0.00114000,240.50000000,1
1531214334984,1531214334981,2510804,0.00114120,0.03000000,1
1531214337092,1531214337088,2510805,0.00114140,6.20000000,1
1531214344680,1531214344676,2510806,0.00114170,23.14000000,1
1531214394849,1531214394844,2510807,0.00114550,1.57000000,0
1531214426997,1531214426992,2510808,0.00114120,8.25000000,1
1531214434457,1531214434452,2510809,0.00114100,6.99000000,1
1531214434457,1531214434452,2510810,0.00114000,196.50000000,1
1531214474548,1531214474544,2510811,0.00114250,30.87000000,1
1531214474548,1531214474544,2510812,0.00114230,70.02000000,1
1531214474548,1531214474544,2510813,0.00114130,59.17000000,1
1531214474548,1531214474544,2510814,0.00114000,67.66000000,1
1531214478779,1531214478776,2510815,0.00114190,11.67000000,1
1531214478800,1531214478795,2510816,0.00114190,12.35000000,0
1531214479263,1531214479259,2510817,0.00114000,34.97000000,1
1531214480370,1531214480367,2510818,0.00114000,13.01000000,1
1531214484027,1531214484024,2510819,0.00114000,55.50000000,1
1531214484027,1531214484024,2510820,0.00113990,3.67000000,1
1531214487850,1531214487846,2510821,0.00113990,2.55000000,1
1531214492332,1531214492327,2510822,0.00114170,5.80000000,0
1531214492332,1531214492327,2510823,0.00114180,5.20000000,0
1531214492931,1531214492926,2510824,0.00114180,1.25000000,0
1531214494763,1531214494759,2510825,0.00114180,13.69000000,0
1531214495240,1531214495236,2510826,0.00114180,6.45000000,1
1531214495240,1531214495236,2510827,0.00114020,8.85000000,1
1531214501391,1531214501386,2510828,0.00114040,4.34000000,1
1531214504278,1531214504274,2510829,0.00114190,0.95000000,0
1531214504278,1531214504274,2510830,0.00114320,0.05000000,0
1531214511259,1531214511255,2510831,0.00114190,0.04000000,0
1531214520889,1531214520884,2510832,0.00114180,1.57000000,0
1531214524029,1531214524025,2510833,0.00114110,373.08000000,0
1531214524045,1531214524041,2510834,0.00114180,245.05000000,0
1531214568769,1531214568764,2510835,0.00114180,1.57000000,1
1531214569717,1531214569713,2510836,0.00114180,10.55000000,0
1531214586431,1531214586427,2510837,0.00114180,234.50000000,0
1531214586431,1531214586427,2510838,0.00114190,1.28000000,0
1531214586431,1531214586427,2510839,0.00114320,6.93000000,0
1531214669417,1531214669412,2510840,0.00114700,5.16000000,0
1531214674901,1531214674896,2510841,0.00114410,8.91000000,1
1531214729264,1531214729260,2510842,0.00114710,0.02000000,0
1531214925529,1531214925526,2510843,0.00114420,12.00000000,1
1531214943018,1531214943015,2510844,0.00114420,8.41000000,1
1531215016264,1531215016260,2510845,0.00114410,208.93000000,1
1531215016284,1531215016281,2510846,0.00114410,19.46000000,1
1531215038985,1531215038979,2510847,0.00114410,9.84000000,1
1531215038985,1531215038979,2510848,0.00114400,2.66000000,1
1531215038985,1531215038979,2510849,0.00114320,3.16000000,1
1531215038985,1531215038979,2510850,0.00114280,6.98000000,1
1531215038985,1531215038979,2510851,0.00114040,37.96000000,1
1531215038985,1531215038979,2510852,0.00114010,113.40000000,1
1531215076568,1531215076564,2510853,0.00114020,29.78000000,1
1531215076588,1531215076583,2510854,0.00114020,60.67000000,1
1531215100217,1531215100214,2510855,0.00114080,12.00000000,1
1531215100217,1531215100214,2510856,0.00114070,8.16000000,1
1531215100217,1531215100214,2510857,0.00114010,3.64000000,1
1531215111027,1531215111024,2510858,0.00114020,23.80000000,1
1531215113338,1531215113335,2510859,0.00114020,202.67000000,1
1531215116444,1531215116440,2510860,0.00114020,8.77000000,0
1531215117584,1531215117580,2510861,0.00114020,9.68000000,0
1531215123669,1531215123665,2510862,0.00114010,58.38000000,1
1531215126181,1531215126175,2510863,0.00114000,75.00000000,1
1531215126211,1531215126206,2510864,0.00113990,2.00000000,1
1531215127320,1531215127316,2510865,0.00113990,59.96000000,1
1531215127463,1531215127458,2510866,0.00114010,14.29000000,0
1531215128106,1531215128102,2510867,0.00113930,0.96000000,1
1531215130362,1531215130358,2510868,0.00114000,4.60000000,0
1531215131495,1531215131490,2510869,0.00113990,1.57000000,0
1531215132167,1531215132162,2510870,0.00113990,1.31000000,0
1531215138855,1531215138851,2510871,0.00113970,37.63000000,0
1531215138855,1531215138851,2510872,0.00113980,39.10000000,0
1531215138855,1531215138851,2510873,0.00114010,82.79000000,0
1531215146227,1531215146223,2510874,0.00113820,220.03000000,1
1531215146238,1531215146234,2510875,0.00114020,14.65000000,0
1531215220919,1531215220915,2510876,0.00114240,34.60000000,0
1531215260107,1531215260104,2510877,0.00114180,389.60000000,0
1531215260121,1531215260118,2510878,0.00114120,243.50000000,1
1531215261336,1531215261333,2510879,0.00114240,0.03000000,0
1531215364357,1531215364353,2510880,0.00113980,18.92000000,1
1531215364372,1531215364367,2510881,0.00113980,2.89000000,1
1531215415142,1531215415139,2510882,0.00114000,30.00000000,1
1531215415339,1531215415335,2510883,0.00114000,9.40000000,1
1531215432693,1531215432686,2510884,0.00113990,18.16000000,0
1531215440647,1531215440643,2510885,0.00113990,21.24000000,0
1531215440647,1531215440643,2510886,0.00114000,50.60000000,0
1531215440647,1531215440643,2510887,0.00114150,6.99000000,0
1531215442495,1531215442490,2510888,0.00114240,6.14000000,0
1531215492087,1531215492083,2510889,0.00114230,22.34000000,0
1531215513622,1531215513617,2510890,0.00114220,3.00000000,0
1531215514107,1531215514104,2510891,0.00114230,27.13000000,1
1531215542426,1531215542423,2510892,0.00114240,183.37000000,0
1531215545430,1531215545426,2510893,0.00114090,456.74000000,0
1531215545443,1531215545437,2510894,0.00113940,119.15000000,1
1531215545463,1531215545457,2510895,0.00113940,179.81000000,1
1531215548160,1531215548156,2510896,0.00113910,5.54000000,1
1531215552254,1531215552251,2510897,0.00113910,1.74000000,0
1531215560109,1531215560106,2510898,0.00113900,3.00000000,1
1531215581167,1531215581162,2510899,0.00113990,447.86000000,0
1531215581179,1531215581175,2510900,0.00113860,226.18000000,1
1531215581197,1531215581193,2510901,0.00113860,157.68000000,1
1531215586557,1531215586553,2510902,0.00113850,2.20000000,1
1531215595509,1531215595504,2510903,0.00114120,5.54000000,0
1531215595509,1531215595504,2510904,0.00114130,6.99000000,0
1531215595509,1531215595504,2510905,0.00114230,8.64000000,0
1531215605483,1531215605479,2510906,0.00113970,66.12000000,0
1531215605495,1531215605491,2510907,0.00113820,34.64000000,1
1531215605513,1531215605508,2510908,0.00113820,44.67000000,1
1531215623309,1531215623304,2510909,0.00113810,8.79000000,1
1531215623309,1531215623304,2510910,0.00113740,1.32000000,1
1531215623309,1531215623304,2510911,0.00113730,43.92000000,1
1531215623309,1531215623304,2510912,0.00113680,12.11000000,1
1531215623309,1531215623304,2510913,0.00113670,13.61000000,1
1531215623309,1531215623304,2510914,0.00113620,8.81000000,1
1531215623309,1531215623304,2510915,0.00113470,0.89000000,1
1531215623309,1531215623304,2510916,0.00113450,2.52000000,1
1531215623309,1531215623304,2510917,0.00113440,35.22000000,1
1531215623309,1531215623304,2510918,0.00113420,6.18000000,1
1531215623309,1531215623304,2510919,0.00113340,1.50000000,1
1531215623309,1531215623304,2510920,0.00113250,12.12000000,1
1531215625579,1531215625575,2510921,0.00113260,1.62000000,1
1531215625640,1531215625637,2510922,0.00113460,0.89000000,0
1531215625888,1531215625883,2510923,0.00113460,1.40000000,0
1531215625896,1531215625893,2510924,0.00113460,2.45000000,0
1531215626768,1531215626764,2510925,0.00113250,1.25000000,1
1531215627312,1531215627308,2510926,0.00113450,1.62000000,0
1531215627312,1531215627308,2510927,0.00113460,13.60000000,0
1531215627312,1531215627308,2510928,0.00113470,4.83000000,0
1531215635316,1531215635312,2510929,0.00113690,9.99000000,0
1531215655870,1531215655866,2510930,0.00113700,3.50000000,0
1531215671474,1531215671470,2510931,0.00113690,4.32000000,0
1531215671474,1531215671470,2510932,0.00113700,3.52000000,0
1531215671474,1531215671470,2510933,0.00114230,0.95000000,0
1531215689617,1531215689613,2510934,0.00113560,0.89000000,1
1531215706131,1531215706127,2510935,0.00113770,403.18000000,0
1531215706140,1531215706137,2510936,0.00113560,99.40000000,1
1531215706162,1531215706159,2510937,0.00113560,155.06000000,1
1531215740714,1531215740710,2510938,0.00113570,10.55000000,1
1531215741551,1531215741547,2510939,0.00113570,154.76000000,1
1531215744206,1531215744203,2510940,0.00113570,2.36000000,0
1531215753284,1531215753281,2510941,0.00113560,3.52000000,1
1531215753284,1531215753281,2510942,0.00113350,16.48000000,1
1531215770061,1531215770058,2510943,0.00113570,1.32000000,0
1531215781647,1531215781644,2510944,0.00113390,12.78000000,1
1531215782685,1531215782680,2510945,0.00113390,0.48000000,1
1531215782685,1531215782680,2510946,0.00113380,1.32000000,1
1531215799386,1531215799382,2510947,0.00113310,7.62000000,1
1531215799527,1531215799522,2510948,0.00113310,7.60000000,1
1531215799707,1531215799703,2510949,0.00113350,0.20000000,0
1531215799995,1531215799991,2510950,0.00113350,3.99000000,1
1531215799995,1531215799991,2510951,0.00113310,3.63000000,1
1531215800443,1531215800440,2510952,0.00113300,78.59000000,1
1531215804184,1531215804179,2510953,0.00113550,1.75000000,0
1531215806258,1531215806255,2510954,0.00113550,2.63000000,0
1531215807342,1531215807338,2510955,0.00113550,1.14000000,0
1531215828173,1531215828168,2510956,0.00113550,0.88000000,0
1531215831854,1531215831850,2510957,0.00113530,0.05000000,0
1531215836503,1531215836499,2510958,0.00113530,7.76000000,0
1531215843388,1531215843384,2510959,0.00113300,20.07000000,1
1531215845353,1531215845350,2510960,0.00113300,25.61000000,1
1531215846325,1531215846320,2510961,0.00113290,6.00000000,1
1531215854623,1531215854619,2510962,0.00113250,124.65000000,1
1531215854641,1531215854637,2510963,0.00113250,134.50000000,1
1531215854659,1531215854654,2510964,0.00113300,20.06000000,0
1531215855004,1531215854999,2510965,0.00113530,8.82000000,0
1531215856635,1531215856631,2510966,0.00113530,1.97000000,0
1531215879555,1531215879552,2510967,0.00113300,20.00000000,1
1531215879654,1531215879651,2510968,0.00113300,5.61000000,1
1531215881562,1531215881557,2510969,0.00113500,9.15000000,0
1531215885837,1531215885832,2510970,0.00113490,26.94000000,0
1531215885917,1531215885912,2510971,0.00113250,26.92000000,1
1531215887680,1531215887677,2510972,0.00113250,197.74000000,1
1531215891152,1531215891148,2510973,0.00113240,1.32000000,1
1531215899153,1531215899150,2510974,0.00113200,0.97000000,1
1531215913481,1531215913477,2510975,0.00113170,129.82000000,0
1531215913495,1531215913491,2510976,0.00113100,63.03000000,1
1531215913510,1531215913505,2510977,0.00113250,26.91000000,0
1531215926397,1531215926394,2510978,0.00113260,247.28000000,1
1531215926415,1531215926412,2510979,0.00113250,197.74000000,1
1531215938717,1531215938714,2510980,0.00113250,0.88000000,0
1531215960669,1531215960664,2510981,0.00113170,249.95000000,0
1531215960679,1531215960675,2510982,0.00113100,98.70000000,1
1531215960705,1531215960701,2510983,0.00113100,148.78000000,1
1531215960727,1531215960722,2510984,0.00113250,26.03000000,0
1531216005656,1531216005653,2510985,0.00113260,211.31000000,1
1531216005675,1531216005671,2510986,0.00113260,9.26000000,1
1531216010432,1531216010429,2510987,0.00113250,6.17000000,1
1531216010525,1531216010521,2510988,0.00113250,0.89000000,1
1531216012678,1531216012674,2510989,0.00113100,1.50000000,1
1531216012925,1531216012922,2510990,0.00113100,4.07000000,1
1531216012925,1531216012922,2510991,0.00113090,0.45000000,1
1531216039644,1531216039640,2510992,0.00113090,6.60000000,1
1531216039644,1531216039640,2510993,0.00113000,83.98000000,1
1531216066922,1531216066918,2510994,0.00113260,127.25000000,0
1531216066940,1531216066935,2510995,0.00113070,43.89000000,1
1531216076817,1531216076814,2510996,0.00113070,55.53000000,1
1531216086854,1531216086851,2510997,0.00113070,9.31000000,1
1531216126909,1531216126904,2510998,0.00113410,2.29000000,0
1531216126909,1531216126904,2510999,0.00113440,2.30000000,0
1531216126909,1531216126904,2511000,0.00113460,4.22000000,0
1531216138410,1531216138406,2511001,0.00113400,0.97000000,0
1531216143580,1531216143575,2511002,0.00113110,72.18000000,1
1531216143591,1531216143587,2511003,0.00113110,248.71000000,1
1531216161147,1531216161142,2511004,0.00113380,1.74000000,0
1531216164674,1531216164671,2511005,0.00113110,46.10000000,1
1531216164696,1531216164692,2511006,0.00113110,196.65000000,1
1531216183827,1531216183822,2511007,0.00113230,92.78000000,0
1531216183843,1531216183838,2511008,0.00113350,39.64000000,0
1531216199416,1531216199410,2511009,0.00113110,1.33000000,1
1531216199416,1531216199410,2511010,0.00113100,4.58000000,1
1531216199416,1531216199410,2511011,0.00113070,2.66000000,1
1531216234246,1531216234243,2511012,0.00113340,1.40000000,0
1531216235475,1531216235471,2511013,0.00113330,2.45000000,0
1531216245915,1531216245911,2511014,0.00113080,135.65000000,1
1531216278297,1531216278294,2511015,0.00113280,3.50000000,0
1531216279574,1531216279570,2511016,0.00113090,5.16000000,1
1531216284235,1531216284232,2511017,0.00113090,18.76000000,1
1531216297278,1531216297275,2511018,0.00113090,5.16000000,0
1531216324490,1531216324486,2511019,0.00113170,237.50000000,1
1531216346189,1531216346183,2511020,0.00113170,7.67000000,1
1531216358788,1531216358783,2511021,0.00113180,129.81000000,1
1531216383568,1531216383564,2511022,0.00113200,11.24000000,0
1531216425962,1531216425957,2511023,0.00113210,180.09000000,1
1531216425986,1531216425982,2511024,0.00113210,18.96000000,1
1531216437799,1531216437795,2511025,0.00113440,0.07000000,0
1531216441534,1531216441528,2511026,0.00113430,2.86000000,0
1531216441534,1531216441528,2511027,0.00113440,2.63000000,0
1531216441534,1531216441528,2511028,0.00113510,0.68000000,0
1531216441553,1531216441548,2511029,0.00113510,34.51000000,0
1531216443853,1531216443849,2511030,0.00113210,243.31000000,1
1531216443872,1531216443869,2511031,0.00113210,12.26000000,1
1531216444678,1531216444672,2511032,0.00113200,16.51000000,1
1531216444678,1531216444672,2511033,0.00113120,7.05000000,1
1531216444678,1531216444672,2511034,0.00113070,2.45000000,1
1531216444678,1531216444672,2511035,0.00113060,2.65000000,1
1531216444678,1531216444672,2511036,0.00113000,5.84000000,1
1531216445038,1531216445033,2511037,0.00113210,0.01000000,1
1531216446988,1531216446984,2511038,0.00113000,0.01000000,1
1531216452969,1531216452965,2511039,0.00113500,249.03000000,0
1531216452982,1531216452977,2511040,0.00113500,95.15000000,0
1531216491385,1531216491381,2511041,0.00113490,0.88000000,0
1531216506265,1531216506260,2511042,0.00113340,9.99000000,0
1531216506285,1531216506282,2511043,0.00113210,38.14000000,1
1531216506300,1531216506295,2511044,0.00113210,4.50000000,1
1531216547784,1531216547778,2511045,0.00113360,204.55000000,0
1531216547800,1531216547796,2511046,0.00113210,73.56000000,1
1531216553031,1531216553027,2511047,0.00113320,10.84000000,0
1531216553050,1531216553046,2511048,0.00113210,60.75000000,1
1531216553070,1531216553065,2511049,0.00113210,7.62000000,1
1531216600338,1531216600331,2511050,0.00113200,2.70000000,1
1531216600338,1531216600331,2511051,0.00113000,8.87000000,1
1531216600338,1531216600331,2511052,0.00112990,1.33000000,1
1531216600338,1531216600331,2511053,0.00112930,0.97000000,1
1531216600338,1531216600331,2511054,0.00112910,0.89000000,1
1531216600338,1531216600331,2511055,0.00112900,0.90000000,1
1531216600338,1531216600331,2511056,0.00112800,1.86000000,1
1531216600338,1531216600331,2511057,0.00112780,30.98000000,1
1531216600338,1531216600331,2511058,0.00112760,0.89000000,1
1531216600338,1531216600331,2511059,0.00112750,22.89000000,1
1531216600338,1531216600331,2511060,0.00112740,15.70000000,1
1531216600338,1531216600331,2511061,0.00112720,35.40000000,1
1531216600338,1531216600331,2511062,0.00112700,99.20000000,1
1531216601694,1531216601689,2511063,0.00112700,7.99000000,1
1531216603157,1531216603152,2511064,0.00113480,0.05000000,0
1531216620977,1531216620973,2511065,0.00112890,1.77000000,0
1531216621162,1531216621158,2511066,0.00112890,2.00000000,0
1531216625188,1531216625183,2511067,0.00112890,1.14000000,0
1531216639753,1531216639748,2511068,0.00112890,0.39000000,0
1531216639883,1531216639879,2511069,0.00112890,0.58000000,1
1531216639883,1531216639879,2511070,0.00112740,0.32000000,1
1531216653290,1531216653285,2511071,0.00113160,3.00000000,0
1531216653290,1531216653285,2511072,0.00113170,5.00000000,0
1531216658905,1531216658901,2511073,0.00112890,0.90000000,1
1531216678935,1531216678931,2511074,0.00112900,0.90000000,1
1531216697555,1531216697551,2511075,0.00113130,2.60000000,0
1531216697555,1531216697551,2511076,0.00113140,0.98000000,0
1531216697555,1531216697551,2511077,0.00113150,1.62000000,0
1531216697555,1531216697551,2511078,0.00113170,14.80000000,0
1531216700365,1531216700361,2511079,0.00113170,31.43000000,0
1531216703222,1531216703218,2511080,0.00113170,35.35000000,0
1531216704634,1531216704629,2511081,0.00113250,184.73000000,0
1531216704646,1531216704642,2511082,0.00113130,119.95000000,1
1531216704727,1531216704722,2511083,0.00113370,7.04000000,0
1531216746369,1531216746365,2511084,0.00113500,2.11000000,0
1531216746369,1531216746365,2511085,0.00113510,23.21000000,0
1531216775155,1531216775149,2511086,0.00113500,3.00000000,0
1531216775155,1531216775149,2511087,0.00113510,20.98000000,0
1531216775155,1531216775149,2511088,0.00113540,1.60000000,0
1531216775155,1531216775149,2511089,0.00113820,15.16000000,0
1531216775155,1531216775149,2511090,0.00113960,110.47000000,0
1531216775155,1531216775149,2511091,0.00113970,0.88000000,0
1531216775155,1531216775149,2511092,0.00114020,2.27000000,0
1531216775155,1531216775149,2511093,0.00114340,1.42000000,0
1531216775155,1531216775149,2511094,0.00114390,137.24000000,0
1531216775155,1531216775149,2511095,0.00114530,72.90000000,0
1531216775155,1531216775149,2511096,0.00114580,0.97000000,0
1531216775155,1531216775149,2511097,0.00114780,55.75000000,0
1531216775155,1531216775149,2511098,0.00114920,15.45000000,0
1531216775155,1531216775149,2511099,0.00114990,69.04000000,0
1531216775168,1531216775163,2511100,0.00115000,39.44000000,1
1531216775193,1531216775189,2511101,0.00115000,6.17000000,1
1531216775215,1531216775210,2511102,0.00115000,10.68000000,1
1531216775232,1531216775227,2511103,0.00115000,11.00000000,1
1531216775265,1531216775260,2511104,0.00115000,30.00000000,1
1531216775402,1531216775398,2511105,0.00115000,49.43000000,1
1531216775590,1531216775585,2511106,0.00115000,967.20000000,1
1531216775592,1531216775589,2511107,0.00115000,28.93000000,1
1531216775659,1531216775654,2511108,0.00115000,60.60000000,1
1531216776153,1531216776148,2511109,0.00115000,2.00000000,1
1531216776158,1531216776153,2511110,0.00115000,7.50000000,1
1531216776280,1531216776276,2511111,0.00115000,30.00000000,1
1531216776374,1531216776371,2511112,0.00115000,167.41000000,1
1531216776812,1531216776808,2511113,0.00115000,5.10000000,1
1531216777308,1531216777304,2511114,0.00115000,139.16000000,1
1531216777466,1531216777462,2511115,0.00115000,7.00000000,0
1531216779020,1531216779016,2511116,0.00114990,2.17000000,0
1531216779657,1531216779654,2511117,0.00114070,8.00000000,1
1531216795281,1531216795266,2511118,0.00114320,0.66000000,1
1531216795688,1531216795685,2511119,0.00114320,0.53000000,1
1531216796179,1531216796175,2511120,0.00114320,0.51000000,1
1531216796675,1531216796670,2511121,0.00114320,0.45000000,1
1531216797194,1531216797190,2511122,0.00114320,0.33000000,1
1531216797778,1531216797774,2511123,0.00114320,0.45000000,1
1531216798271,1531216798268,2511124,0.00114320,0.67000000,1
1531216801185,1531216801182,2511125,0.00114320,1.33000000,1
1531216821286,1531216821282,2511126,0.00114320,56.17000000,1
1531216821301,1531216821297,2511127,0.00114320,138.37000000,1
1531216836290,1531216836287,2511128,0.00114310,0.53000000,1
1531216836408,1531216836404,2511129,0.00114330,6.17000000,0
1531216836800,1531216836795,2511130,0.00114310,0.57000000,1
1531216837365,1531216837361,2511131,0.00114310,5.88000000,1
1531216842351,1531216842346,2511132,0.00114280,1.33000000,0
1531216842351,1531216842346,2511133,0.00114290,3.60000000,0
1531216842351,1531216842346,2511134,0.00114310,6.00000000,0
1531216842351,1531216842346,2511135,0.00114330,7.89000000,0
1531216842351,1531216842346,2511136,0.00114640,0.48000000,0
1531216860847,1531216860843,2511137,0.00114250,0.83000000,0
1531216890257,1531216890253,2511138,0.00113940,1.12000000,1
1531216933480,1531216933475,2511139,0.00114190,1.00000000,0
1531216982592,1531216982587,2511140,0.00113960,17.40000000,1
1531216988650,1531216988646,2511141,0.00113940,0.64000000,1
1531216988650,1531216988646,2511142,0.00113450,17.07000000,1
1531216994589,1531216994586,2511143,0.00113520,3.00000000,1
1531217004733,1531217004730,2511144,0.00113860,4.50000000,0
1531217040457,1531217040451,2511145,0.00113730,4.92000000,0
1531217040467,1531217040464,2511146,0.00113610,4.25000000,1
1531217043105,1531217043102,2511147,0.00113860,0.04000000,0
1531217071554,1531217071550,2511148,0.00114150,8.76000000,0
1531217079414,1531217079407,2511149,0.00114150,1.00000000,0
1531217147135,1531217147131,2511150,0.00114150,1.00000000,0
1531217155508,1531217155503,2511151,0.00114130,0.64000000,0
1531217207456,1531217207450,2511152,0.00114130,1.00000000,0
1531217260164,1531217260159,2511153,0.00114130,0.90000000,0
1531217271615,1531217271611,2511154,0.00114120,1.00000000,0
1531217311245,1531217311240,2511155,0.00113970,170.62000000,0
1531217311254,1531217311251,2511156,0.00113830,90.51000000,1
1531217311274,1531217311270,2511157,0.00113830,69.34000000,1
1531217333321,1531217333316,2511158,0.00114090,1.00000000,0
1531217361467,1531217361463,2511159,0.00114040,10.70000000,0
1531217364796,1531217364792,2511160,0.00113910,150.04000000,0
1531217364814,1531217364809,2511161,0.00113800,6.87000000,1
1531217364830,1531217364827,2511162,0.00113800,100.04000000,1
1531217378230,1531217378225,2511163,0.00114010,2.50000000,0
1531217394900,1531217394895,2511164,0.00114010,13.90000000,0
1531217394903,1531217394898,2511165,0.00114020,40.27000000,0
1531217394903,1531217394898,2511166,0.00114030,1.61000000,0
1531217394903,1531217394898,2511167,0.00114120,198.32000000,0
1531217394903,1531217394898,2511168,0.00114130,79.00000000,0
1531217394934,1531217394929,2511169,0.00114190,69.87000000,0
1531217394947,1531217394943,2511170,0.00114190,0.13000000,0
1531217394947,1531217394943,2511171,0.00114200,9.08000000,0
1531217394947,1531217394943,2511172,0.00114240,44.26000000,0
1531217395036,1531217395031,2511173,0.00113810,17.75000000,1
1531217395092,1531217395088,2511174,0.00113810,6.18000000,1
1531217395153,1531217395147,2511175,0.00113810,6.94000000,1
1531217395153,1531217395147,2511176,0.00113790,1.00000000,1
1531217395153,1531217395147,2511177,0.00113750,7.01000000,1
1531217395153,1531217395147,2511178,0.00113410,2.83000000,1
1531217397460,1531217397455,2511179,0.00114190,6.17000000,1
1531217397903,1531217397898,2511180,0.00114190,6.93000000,1
1531217398068,1531217398063,2511181,0.00114190,26.30000000,1
1531217398068,1531217398063,2511182,0.00113440,39.43000000,1
1531217398068,1531217398063,2511183,0.00113430,4.14000000,1
1531217404859,1531217404855,2511184,0.00114060,0.88000000,0
1531217425169,1531217425165,2511185,0.00114050,1.00000000,0
1531217458277,1531217458272,2511186,0.00114040,1.00000000,0
1531217546437,1531217546433,2511187,0.00113830,184.28000000,0
1531217546449,1531217546445,2511188,0.00113680,66.76000000,1
1531217610400,1531217610396,2511189,0.00113960,30.00000000,0
1531217612055,1531217612051,2511190,0.00113960,1.00000000,0
1531217626475,1531217626471,2511191,0.00113810,43.97000000,0
1531217626484,1531217626480,2511192,0.00113670,43.10000000,1
1531217633395,1531217633390,2511193,0.00113670,30.00000000,0
1531217633563,1531217633559,2511194,0.00113670,29.90000000,0
1531217634237,1531217634233,2511195,0.00113670,25.40000000,0
1531217643776,1531217643772,2511196,0.00113950,2.00000000,0
1531217667901,1531217667898,2511197,0.00113940,2.00000000,0
1531217784572,1531217784567,2511198,0.00113680,75.98000000,1
1531217790451,1531217790445,2511199,0.00113670,0.01000000,1
1531217829329,1531217829324,2511200,0.00113690,3.00000000,1
1531217844725,1531217844721,2511201,0.00113790,297.28000000,0
1531217844740,1531217844736,2511202,0.00113680,128.12000000,1
1531217856376,1531217856372,2511203,0.00113790,120.20000000,0
1531217856386,1531217856382,2511204,0.00113680,60.71000000,1
1531217919510,1531217919504,2511205,0.00113700,5.57000000,1
1531217919510,1531217919504,2511206,0.00113670,4.59000000,1
1531217919510,1531217919504,2511207,0.00113660,5.00000000,1
1531217919510,1531217919504,2511208,0.00113650,1.00000000,1
1531217919510,1531217919504,2511209,0.00113630,7.02000000,1
1531217919510,1531217919504,2511210,0.00113620,6.29000000,1
1531217919510,1531217919504,2511211,0.00113480,60.03000000,1
1531217919510,1531217919504,2511212,0.00113470,15.16000000,1
1531217919510,1531217919504,2511213,0.00113400,18.32000000,1
1531217919510,1531217919504,2511214,0.00113380,169.46000000,1
1531217919510,1531217919504,2511215,0.00113140,3.00000000,1
1531217919510,1531217919504,2511216,0.00113120,207.18000000,1
1531217919510,1531217919504,2511217,0.00113020,2.72000000,1
1531217919524,1531217919520,2511218,0.00113000,50.59000000,0
1531217919536,1531217919532,2511219,0.00113000,35.43000000,0
1531217919544,1531217919540,2511220,0.00113000,50.59000000,0
1531217919548,1531217919544,2511221,0.00113000,35.43000000,0
1531217919550,1531217919545,2511222,0.00113000,6.17000000,0
1531217919561,1531217919556,2511223,0.00113000,12.35000000,0
1531217919607,1531217919600,2511224,0.00113000,29.90000000,0
1531217919784,1531217919781,2511225,0.00113000,69.48000000,0
1531217919809,1531217919804,2511226,0.00113000,60.60000000,0
1531217920337,1531217920333,2511227,0.00113000,1.38000000,0
1531217920552,1531217920548,2511228,0.00113000,201.85000000,0
1531217920600,1531217920596,2511229,0.00113000,201.86000000,0
1531217920906,1531217920902,2511230,0.00113000,131.82000000,0
1531217920936,1531217920931,2511231,0.00113000,2.00000000,0
1531217921205,1531217921200,2511232,0.00113000,60.79000000,0
1531217921329,1531217921323,2511233,0.00112990,11.56000000,0
1531217921329,1531217921323,2511234,0.00113000,342.79000000,0
1531217921768,1531217921764,2511235,0.00112950,5.10000000,0
1531217922069,1531217922065,2511236,0.00112950,11.60000000,0
1531217922069,1531217922065,2511237,0.00113000,11.56000000,0
1531217922670,1531217922665,2511238,0.00112920,35.43000000,1
1531217922817,1531217922813,2511239,0.00113150,7.05000000,0
1531217923271,1531217923265,2511240,0.00113700,12.40000000,0
1531217923785,1531217923781,2511241,0.00113800,11.87000000,1
1531217925473,1531217925469,2511242,0.00113000,1415.55000000,0
1531217925939,1531217925936,2511243,0.00113000,33.64000000,0
1531217926551,1531217926546,2511244,0.00113000,69.48000000,0
1531217926685,1531217926680,2511245,0.00113000,16.75000000,0
1531217926818,1531217926813,2511246,0.00113000,29.90000000,0
1531217926930,1531217926926,2511247,0.00113000,42.02000000,0
1531217929730,1531217929726,2511248,0.00113000,14.90000000,0
1531217943309,1531217943304,2511249,0.00112900,6.13000000,1
1531217943309,1531217943304,2511250,0.00112770,3.00000000,1
1531217943309,1531217943304,2511251,0.00112730,7.08000000,1
1531217943309,1531217943304,2511252,0.00112700,12.21000000,1
1531217951814,1531217951810,2511253,0.00112950,8.36000000,0
1531217951814,1531217951810,2511254,0.00113000,107.10000000,0
1531217966125,1531217966120,2511255,0.00112910,263.34000000,0
1531217966142,1531217966136,2511256,0.00112990,116.45000000,0
1531217966162,1531217966158,2511257,0.00112990,113.51000000,0
1531218011868,1531218011864,2511258,0.00112840,13.33000000,0
1531218011878,1531218011873,2511259,0.00112990,62.28000000,0
1531218011900,1531218011896,2511260,0.00112990,10.25000000,0
1531218043060,1531218043054,2511261,0.00112990,0.88000000,0
1531218064418,1531218064414,2511262,0.00112960,48.39000000,1
1531218069256,1531218069253,2511263,0.00112990,37.35000000,0
1531218106635,1531218106631,2511264,0.00112980,238.08000000,0
1531218106649,1531218106645,2511265,0.00112960,148.81000000,1
1531218125554,1531218125550,2511266,0.00112960,176.59000000,1
1531218125566,1531218125563,2511267,0.00112960,231.34000000,1
1531218167626,1531218167621,2511268,0.00112960,178.21000000,1
1531218198332,1531218198328,2511269,0.00112970,69.73000000,1
1531218243153,1531218243149,2511270,0.00113000,0.01000000,0
1531218244498,1531218244492,2511271,0.00112990,333.40000000,0
1531218244512,1531218244507,2511272,0.00112980,179.25000000,1
1531218258223,1531218258217,2511273,0.00112980,139.78000000,1
1531218264537,1531218264533,2511274,0.00113000,64.26000000,0
1531218326531,1531218326525,2511275,0.00112990,152.77000000,0
1531218326540,1531218326536,2511276,0.00112980,65.84000000,1
1531218358709,1531218358704,2511277,0.00113000,0.01000000,0
1531218360331,1531218360326,2511278,0.00112970,2.00000000,1
1531218363279,1531218363274,2511279,0.00112990,211.87000000,0
1531218363297,1531218363291,2511280,0.00112990,173.71000000,0
1531218407451,1531218407447,2511281,0.00112980,168.51000000,0
1531218407464,1531218407458,2511282,0.00112990,116.65000000,0
1531218407481,1531218407477,2511283,0.00112990,64.31000000,0
1531218409340,1531218409336,2511284,0.00113000,2.00000000,0
1531218422988,1531218422983,2511285,0.00113000,0.88000000,0
1531218444660,1531218444655,2511286,0.00112970,11.64000000,1
1531218450878,1531218450873,2511287,0.00112990,183.50000000,0
1531218450902,1531218450898,2511288,0.00112990,189.96000000,0
1531218457551,1531218457547,2511289,0.00112980,309.51000000,1
1531218489971,1531218489968,2511290,0.00112980,13.04000000,1
1531218490474,1531218490470,2511291,0.00112980,5.78000000,1
1531218491546,1531218491540,2511292,0.00112970,13.71000000,1
1531218506487,1531218506482,2511293,0.00112980,238.87000000,1
1531218529341,1531218529337,2511294,0.00112990,98.36000000,0
1531218529355,1531218529351,2511295,0.00112980,96.43000000,1
1531218586507,1531218586503,2511296,0.00112980,189.35000000,0
1531218586517,1531218586513,2511297,0.00112990,122.95000000,0
1531218587711,1531218587707,2511298,0.00112970,5.57000000,1
1531218606473,1531218606469,2511299,0.00112980,145.40000000,1
1531218634871,1531218634866,2511300,0.00113000,2.21000000,0
1531218732483,1531218732479,2511301,0.00112990,33.72000000,1
1531218755362,1531218755356,2511302,0.00113000,5.34000000,0
1531218756615,1531218756611,2511303,0.00113000,2.67000000,0
1531218773132,1531218773128,2511304,0.00113000,1.32000000,0
1531218782865,1531218782861,2511305,0.00112990,136.29000000,1
1531218825943,1531218825939,2511306,0.00112990,483.52000000,0
1531218825957,1531218825954,2511307,0.00112980,175.18000000,1
1531218829652,1531218829646,2511308,0.00113000,7.08000000,0
1531218868335,1531218868332,2511309,0.00112990,334.34000000,0
1531218868346,1531218868342,2511310,0.00112980,137.21000000,1
1531218868364,1531218868358,2511311,0.00112980,121.15000000,1
1531218885417,1531218885412,2511312,0.00112980,0.04000000,0
1531218885437,1531218885433,2511313,0.00112970,2.00000000,1
1531218924192,1531218924188,2511314,0.00112970,0.12000000,1
1531218924282,1531218924276,2511315,0.00112970,26.92000000,1
1531218924282,1531218924276,2511316,0.00112960,9.21000000,1
1531218933193,1531218933189,2511317,0.00112820,130.28000000,0
1531218933207,1531218933203,2511318,0.00112950,227.43000000,0
1531218933222,1531218933218,2511319,0.00112950,54.75000000,0
1531218964009,1531218964004,2511320,0.00112710,248.53000000,1
1531218964028,1531218964023,2511321,0.00112710,118.87000000,1
1531218995445,1531218995443,2511322,0.00112700,1.56000000,1
1531219013193,1531219013188,2511323,0.00112930,139.75000000,0
1531219013228,1531219013209,2511324,0.00112930,101.37000000,0
1531219013642,1531219013637,2511325,0.00112940,0.94000000,0
1531219016245,1531219016240,2511326,0.00112700,24.12000000,1
1531219023381,1531219023376,2511327,0.00112950,1.33000000,0
1531219023381,1531219023376,2511328,0.00113000,7.44000000,0
1531219025772,1531219025766,2511329,0.00112850,414.57000000,0
1531219025789,1531219025785,2511330,0.00112710,201.25000000,1
1531219038317,1531219038313,2511331,0.00112930,173.12000000,0
1531219127609,1531219127604,2511332,0.00112730,166.96000000,1
1531219127631,1531219127625,2511333,0.00112730,102.93000000,1
1531219144798,1531219144793,2511334,0.00112730,155.81000000,1
1531219144818,1531219144813,2511335,0.00112730,7.50000000,1
1531219167351,1531219167346,2511336,0.00112820,252.52000000,0
1531219167365,1531219167360,2511337,0.00112720,172.96000000,1
1531219187861,1531219187856,2511338,0.00112830,79.36000000,0
1531219187877,1531219187872,2511339,0.00112740,82.75000000,1
1531219187895,1531219187889,2511340,0.00112740,65.04000000,1
1531219193217,1531219193213,2511341,0.00112830,310.55000000,0
1531219193228,1531219193222,2511342,0.00112740,85.34000000,1
1531219193250,1531219193245,2511343,0.00112830,60.82000000,1
1531219193250,1531219193245,2511344,0.00112740,84.30000000,1
1531219193469,1531219193464,2511345,0.00112710,35.24000000,1
1531219204502,1531219204498,2511346,0.00112720,144.00000000,1
1531219204522,1531219204517,2511347,0.00112720,228.12000000,1
1531219207635,1531219207631,2511348,0.00112710,14.57000000,1
1531219226766,1531219226761,2511349,0.00112810,250.53000000,0
1531219226783,1531219226777,2511350,0.00112720,8.97000000,1
1531219226801,1531219226796,2511351,0.00112720,106.15000000,1
1531219264368,1531219264364,2511352,0.00112730,101.34000000,1
1531219282380,1531219282375,2511353,0.00112820,407.03000000,0
1531219282387,1531219282381,2511354,0.00112730,6.66000000,1
1531219282405,1531219282400,2511355,0.00112730,242.28000000,1
1531219297698,1531219297692,2511356,0.00112730,4.00000000,0
1531219324491,1531219324487,2511357,0.00112740,214.93000000,1
1531219342157,1531219342152,2511358,0.00112730,36.25000000,1
1531219342627,1531219342622,2511359,0.00112730,5.10000000,0
1531219342639,1531219342636,2511360,0.00112730,25.00000000,0
1531219342645,1531219342641,2511361,0.00112730,3.30000000,0
1531219369955,1531219369949,2511362,0.00112910,0.57000000,0
1531219369996,1531219369992,2511363,0.00112910,0.53000000,0
1531219370047,1531219370043,2511364,0.00112910,0.67000000,0
1531219370137,1531219370132,2511365,0.00112910,0.45000000,0
1531219370182,1531219370176,2511366,0.00112910,0.33000000,0
1531219370597,1531219370593,2511367,0.00112910,0.45000000,0
1531219370699,1531219370694,2511368,0.00112910,0.51000000,0
1531219370846,1531219370840,2511369,0.00112910,0.53000000,0
1531219371241,1531219371237,2511370,0.00112910,0.66000000,0
1531219372147,1531219372141,2511371,0.00112910,1.83000000,0
1531219376342,1531219376336,2511372,0.00112720,20.37000000,1
1531219384334,1531219384328,2511373,0.00112910,70.84000000,0
1531219406501,1531219406496,2511374,0.00112730,214.84000000,1
1531219406513,1531219406509,2511375,0.00112730,227.28000000,1
1531219420156,1531219420152,2511376,0.00112820,70.20000000,0
1531219420170,1531219420166,2511377,0.00112740,61.57000000,1
1531219444950,1531219444945,2511378,0.00112820,2.33000000,0
1531219444964,1531219444959,2511379,0.00112740,2.25000000,1
1531219452156,1531219452151,2511380,0.00112740,74.95000000,1
1531219452178,1531219452173,2511381,0.00112740,12.66000000,1
1531219458639,1531219458635,2511382,0.00112730,20.00000000,1
1531219490028,1531219490024,2511383,0.00112900,0.01000000,0
1531219491593,1531219491588,2511384,0.00112900,15.00000000,0
1531219492907,1531219492902,2511385,0.00112900,112.55000000,0
1531219501287,1531219501282,2511386,0.00112900,7.11000000,0
1531219504381,1531219504377,2511387,0.00112740,183.59000000,1
1531219504395,1531219504389,2511388,0.00112740,220.06000000,1
1531219544693,1531219544687,2511389,0.00112740,227.93000000,1
1531219544708,1531219544704,2511390,0.00112740,64.15000000,1
1531219545820,1531219545816,2511391,0.00112900,11.93000000,0
1531219547357,1531219547352,2511392,0.00112900,0.07000000,1
1531219607115,1531219607110,2511393,0.00112810,276.46000000,0
1531219607130,1531219607124,2511394,0.00112710,144.00000000,1
1531219635995,1531219635990,2511395,0.00112810,256.17000000,0
1531219636008,1531219636004,2511396,0.00112710,90.29000000,1
1531219636022,1531219636016,2511397,0.00112710,158.12000000,1
1531219653657,1531219653651,2511398,0.00112910,26.90000000,0
1531219684938,1531219684932,2511399,0.00112710,14.41000000,1
1531219686710,1531219686705,2511400,0.00112910,3.93000000,0
1531219724847,1531219724841,2511401,0.00112710,107.59000000,1
1531219724871,1531219724867,2511402,0.00112710,234.65000000,1
1531219743701,1531219743698,2511403,0.00112710,135.12000000,1
1531219762456,1531219762452,2511404,0.00112710,16.44000000,1
1531219804503,1531219804497,2511405,0.00112720,38.85000000,1
1531219804527,1531219804523,2511406,0.00112720,223.21000000,1
1531219820588,1531219820583,2511407,0.00112800,30.00000000,1
1531219822752,1531219822748,2511408,0.00112880,2.60000000,0
1531219822752,1531219822748,2511409,0.00112900,7.40000000,0
1531219851857,1531219851853,2511410,0.00112850,48.50000000,0
1531219851869,1531219851864,2511411,0.00112810,190.25000000,1
1531219851890,1531219851884,2511412,0.00112810,21.07000000,1
1531219865718,1531219865712,2511413,0.00112850,192.62000000,0
1531219865737,1531219865732,2511414,0.00112810,101.37000000,1
1531219879451,1531219879446,2511415,0.00112900,25.00000000,0
1531219880325,1531219880320,2511416,0.00112810,84.73000000,1
1531219880350,1531219880346,2511417,0.00112810,70.06000000,1
1531219884455,1531219884449,2511418,0.00112900,23.65000000,0
1531219900723,1531219900719,2511419,0.00112810,2.02000000,1
1531219900723,1531219900719,2511420,0.00112800,0.53000000,1
1531219905881,1531219905877,2511421,0.00112850,169.07000000,0
1531219905901,1531219905897,2511422,0.00112810,41.50000000,1
1531219905921,1531219905915,2511423,0.00112810,85.40000000,1
1531219914864,1531219914860,2511424,0.00112900,20.00000000,0
1531219923439,1531219923435,2511425,0.00112900,0.03000000,0
1531219933270,1531219933265,2511426,0.00112900,1.00000000,0
1531219936952,1531219936949,2511427,0.00112810,136.96000000,1
1531219936975,1531219936970,2511428,0.00112810,149.81000000,1
1531220004299,1531220004294,2511429,0.00112810,86.06000000,1
1531220006414,1531220006410,2511430,0.00112810,3.65000000,1
1531220009502,1531220009498,2511431,0.00112810,27.00000000,0
1531220011603,1531220011599,2511432,0.00112810,8.00000000,0
1531220039697,1531220039692,2511433,0.00112800,341.45000000,1
1531220039709,1531220039708,2511434,0.00112800,79.17000000,0
1531220039729,1531220039723,2511435,0.00112810,51.05000000,0
1531220065674,1531220065670,2511436,0.00112860,210.78000000,0
1531220065681,1531220065676,2511437,0.00112820,96.68000000,1
1531220065703,1531220065699,2511438,0.00112810,38.65000000,1
1531220068978,1531220068973,2511439,0.00112810,8.96000000,0
1531220082031,1531220082024,2511440,0.00112810,42.09000000,0
1531220117980,1531220117975,2511441,0.00112910,2.00000000,0
1531220126015,1531220126011,2511442,0.00112860,225.70000000,0
1531220126030,1531220126026,2511443,0.00112810,158.93000000,1
1531220141559,1531220141555,2511444,0.00112860,334.51000000,0
1531220141566,1531220141562,2511445,0.00112810,185.84000000,1
1531220164098,1531220164093,2511446,0.00112810,63.66000000,1
1531220164098,1531220164093,2511447,0.00112800,135.43000000,1
1531220186034,1531220186005,2511448,0.00112810,155.46000000,1
1531220203563,1531220203559,2511449,0.00112810,134.40000000,1
1531220246376,1531220246372,2511450,0.00112860,328.64000000,0
1531220246388,1531220246383,2511451,0.00112810,94.31000000,1
1531220246399,1531220246395,2511452,0.00112810,238.15000000,1
1531220270581,1531220270576,2511453,0.00112910,4.43000000,0
1531220287487,1531220287482,2511454,0.00112810,28.25000000,1
1531220287500,1531220287494,2511455,0.00112810,54.32000000,1
1531220306366,1531220306362,2511456,0.00112860,122.55000000,0
1531220306384,1531220306382,2511457,0.00112820,41.28000000,1
1531220306407,1531220306404,2511458,0.00112820,51.92000000,1
1531220340448,1531220340443,2511459,0.00112820,1.14000000,0
1531220412403,1531220412398,2511460,0.00112820,1.20000000,0
1531220493995,1531220493991,2511461,0.00112810,93.90000000,1
1531220507463,1531220507459,2511462,0.00112810,187.12000000,1
1531220507483,1531220507476,2511463,0.00112810,3.74000000,0
1531220507495,1531220507492,2511464,0.00112810,187.12000000,1
1531220534697,1531220534693,2511465,0.00112810,127.03000000,1
1531220534720,1531220534715,2511466,0.00112810,232.50000000,1
1531220534734,1531220534729,2511467,0.00112810,80.40000000,1
1531220540968,1531220540965,2511468,0.00112820,0.01000000,0
1531220565748,1531220565742,2511469,0.00112810,82.37000000,1
1531220565766,1531220565761,2511470,0.00112810,118.54000000,1
1531220602301,1531220602295,2511471,0.00112810,27.50000000,1
1531220602319,1531220602315,2511472,0.00112810,6.60000000,0
1531220602336,1531220602332,2511473,0.00112810,27.50000000,1
1531220607975,1531220607970,2511474,0.00112820,56.34000000,0
1531220627052,1531220627047,2511475,0.00112810,234.87000000,1
1531220627074,1531220627068,2511476,0.00112810,51.65000000,0
1531220627094,1531220627088,2511477,0.00112810,234.87000000,1
1531220667173,1531220667169,2511478,0.00112810,55.21000000,1
1531220705562,1531220705556,2511479,0.00112810,138.71000000,1
1531220733065,1531220733061,2511480,0.00112810,62.39000000,1
1531220733073,1531220733068,2511481,0.00112810,98.55000000,0
1531220733093,1531220733087,2511482,0.00112810,62.39000000,1
1531220786031,1531220786026,2511483,0.00112810,182.34000000,1
1531220786046,1531220786041,2511484,0.00112810,132.78000000,1
1531220794117,1531220794111,2511485,0.00112810,11.13000000,1
1531220805731,1531220805726,2511486,0.00112800,40.24000000,1
1531220856616,1531220856609,2511487,0.00112700,30.91000000,1
1531220856632,1531220856629,2511488,0.00112700,1.35000000,1
1531220856642,1531220856636,2511489,0.00112700,2.54000000,1
1531220856642,1531220856636,2511490,0.00112690,15.20000000,1
1531220862206,1531220862200,2511491,0.00112810,223.76000000,0
1531220866067,1531220866061,2511492,0.00112700,210.12000000,1
1531220884765,1531220884761,2511493,0.00112700,17.84000000,1
1531220885613,1531220885608,2511494,0.00112690,3.96000000,1
1531220893900,1531220893894,2511495,0.00112810,0.04000000,0
1531220904554,1531220904548,2511496,0.00112750,136.72000000,0
1531220904566,1531220904563,2511497,0.00112690,55.57000000,1
1531220921604,1531220921599,2511498,0.00112680,19.17000000,1
1531220922693,1531220922689,2511499,0.00112670,12.78000000,1
1531220925610,1531220925604,2511500,0.00112660,18.82000000,1
1531220926623,1531220926617,2511501,0.00112650,23.70000000,1
1531220927764,1531220927759,2511502,0.00112640,3.99000000,1
1531220928014,1531220928010,2511503,0.00112640,26.30000000,1
1531220929872,1531220929866,2511504,0.00112630,40.39000000,1
1531220930673,1531220930668,2511505,0.00112620,53.86000000,1
1531220931846,1531220931842,2511506,0.00112610,71.82000000,1
1531220933620,1531220933615,2511507,0.00112600,98.59000000,1
1531220940615,1531220940611,2511508,0.00112570,58.36000000,1
1531220941689,1531220941684,2511509,0.00112560,17.83000000,1
1531220943600,1531220943594,2511510,0.00112560,1.41000000,1
1531220950618,1531220950612,2511511,0.00112520,7.09000000,1
1531220952605,1531220952600,2511512,0.00112500,115.01000000,1
1531220983426,1531220983422,2511513,0.00112390,0.90000000,1
1531220984028,1531220984024,2511514,0.00112390,248.35000000,1
1531220985853,1531220985848,2511515,0.00112380,28.90000000,1
1531220986604,1531220986598,2511516,0.00112280,7.11000000,1
1531220986604,1531220986598,2511517,0.00112250,1.51000000,1
1531220990072,1531220990067,2511518,0.00112280,1.55000000,0
1531220990072,1531220990067,2511519,0.00112390,0.90000000,0
1531220998981,1531220998977,2511520,0.00112530,129.77000000,0
1531221007094,1531221007089,2511521,0.00112520,3.00000000,0
1531221007094,1531221007089,2511522,0.00112530,18.39000000,0
1531221009807,1531221009802,2511523,0.00112520,1.34000000,0
1531221009807,1531221009802,2511524,0.00112530,4.64000000,0
1531221009807,1531221009802,2511525,0.00112560,1.14000000,0
1531221025538,1531221025534,2511526,0.00112270,79.43000000,1
1531221025556,1531221025550,2511527,0.00112270,237.62000000,1
1531221027361,1531221027357,2511528,0.00112260,0.02000000,1
1531221088788,1531221088784,2511529,0.00112320,5.51000000,1
1531221092450,1531221092445,2511530,0.00112540,0.89000000,0
1531221107622,1531221107619,2511531,0.00112430,480.35000000,0
1531221107638,1531221107633,2511532,0.00112330,208.84000000,1
1531221130246,1531221130242,2511533,0.00112310,168.28000000,1
1531221166100,1531221166095,2511534,0.00112310,204.40000000,1
1531221166113,1531221166107,2511535,0.00112310,21.57000000,1
1531221201616,1531221201610,2511536,0.00112440,4.00000000,1
1531221243627,1531221243623,2511537,0.00112500,35.57000000,1
1531221245633,1531221245628,2511538,0.00112500,14.49000000,1
1531221245677,1531221245673,2511539,0.00112480,48.86000000,0
1531221245685,1531221245680,2511540,0.00112450,24.19000000,1
1531221245702,1531221245698,2511541,0.00112450,43.64000000,1
1531221248618,1531221248612,2511542,0.00112490,7.25000000,1
1531221250690,1531221250683,2511543,0.00112520,5.00000000,0
1531221250791,1531221250786,2511544,0.00112520,5.00000000,0
1531221251470,1531221251467,2511545,0.00112520,5.00000000,0
1531221253177,1531221253171,2511546,0.00112520,4.99000000,0
1531221261880,1531221261875,2511547,0.00112480,207.19000000,0
1531221261893,1531221261888,2511548,0.00112450,121.87000000,1
1531221285582,1531221285577,2511549,0.00112480,81.52000000,0
1531221285598,1531221285593,2511550,0.00112460,75.48000000,1
1531221308617,1531221308612,2511551,0.00112520,0.98000000,0
1531221318569,1531221318562,2511552,0.00112720,3.00000000,0
1531221318569,1531221318562,2511553,0.00112730,7.08000000,0
1531221318569,1531221318562,2511554,0.00112810,197.06000000,0
1531221318569,1531221318562,2511555,0.00112820,17.63000000,0
1531221318569,1531221318562,2511556,0.00112830,4.00000000,0
1531221318569,1531221318562,2511557,0.00112910,204.57000000,0
1531221318569,1531221318562,2511558,0.00112990,70.00000000,0
1531221318569,1531221318562,2511559,0.00113000,428.63000000,0
1531221331904,1531221331899,2511560,0.00113340,44.25000000,0
1531221338332,1531221338327,2511561,0.00113330,3.00000000,0
1531221338408,1531221338404,2511562,0.00113340,40.89000000,1
1531221363738,1531221363734,2511563,0.00113350,196.37000000,1
1531221375843,1531221375838,2511564,0.00113350,33.82000000,1
1531221378413,1531221378408,2511565,0.00113340,2.63000000,1
1531221378520,1531221378516,2511566,0.00113340,0.59000000,1
1531221379722,1531221379717,2511567,0.00113340,0.53000000,1
1531221380287,1531221380281,2511568,0.00113340,0.66000000,1
1531221380635,1531221380630,2511569,0.00113340,0.53000000,1
1531221381197,1531221381193,2511570,0.00113340,0.51000000,1
1531221382295,1531221382290,2511571,0.00113340,0.57000000,1
1531221382939,1531221382934,2511572,0.00113340,0.45000000,1
1531221383678,1531221383673,2511573,0.00113340,0.62000000,1
1531221384371,1531221384367,2511574,0.00113340,0.33000000,1
1531221386116,1531221386110,2511575,0.00113340,0.71000000,1
1531221386167,1531221386162,2511576,0.00113340,0.45000000,1
1531221387483,1531221387477,2511577,0.00113340,0.59000000,1
1531221388292,1531221388287,2511578,0.00113340,0.67000000,1
1531221407595,1531221407590,2511579,0.00113350,12.75000000,1
1531221407614,1531221407609,2511580,0.00113350,54.82000000,1
1531221430514,1531221430509,2511581,0.00113510,1.29000000,0
1531221445431,1531221445425,2511582,0.00113350,191.46000000,1
1531221467777,1531221467773,2511583,0.00113430,261.72000000,0
1531221467791,1531221467786,2511584,0.00113350,132.78000000,1
1531221467814,1531221467810,2511585,0.00113350,233.68000000,1
1531221484695,1531221484691,2511586,0.00113350,183.87000000,1
1531221527068,1531221527062,2511587,0.00113350,73.15000000,1
1531221541666,1531221541662,2511588,0.00113430,239.88000000,0
1531221541681,1531221541675,2511589,0.00113350,115.31000000,1
1531221564582,1531221564578,2511590,0.00113430,333.33000000,0
1531221564590,1531221564586,2511591,0.00113350,191.56000000,1
1531221599532,1531221599527,2511592,0.00113350,161.43000000,1
1531221599556,1531221599551,2511593,0.00113350,16.05000000,1
1531221647591,1531221647586,2511594,0.00113430,224.84000000,0
1531221647603,1531221647599,2511595,0.00113350,208.18000000,1
1531221669603,1531221669599,2511596,0.00113350,4.98000000,1
1531221670326,1531221670320,2511597,0.00113430,319.32000000,0
1531221670334,1531221670329,2511598,0.00113350,219.89000000,1
1531221707561,1531221707556,2511599,0.00113360,65.04000000,1
1531221724025,1531221724021,2511600,0.00113430,158.08000000,0
1531221724034,1531221724030,2511601,0.00113360,101.04000000,1
1531221724051,1531221724047,2511602,0.00113360,94.09000000,1
1531221765467,1531221765461,2511603,0.00113430,193.25000000,0
1531221765483,1531221765478,2511604,0.00113360,11.75000000,1
1531221765494,1531221765490,2511605,0.00113360,89.45000000,1
1531221788525,1531221788521,2511606,0.00113350,18.75000000,1
1531221789517,1531221789513,2511607,0.00113350,18.79000000,1
1531221805577,1531221805572,2511608,0.00113360,24.26000000,1
1531221805591,1531221805588,2511609,0.00113360,70.29000000,1
1531221820272,1531221820268,2511610,0.00113360,0.09000000,1
1531221825791,1531221825785,2511611,0.00113370,239.81000000,1
1531221825808,1531221825804,2511612,0.00113370,228.46000000,1
1531221871694,1531221871689,2511613,0.00113440,86.57000000,0
1531221871702,1531221871698,2511614,0.00113380,68.70000000,1
1531221887993,1531221887989,2511615,0.00113440,356.40000000,0
1531221888008,1531221888003,2511616,0.00113380,147.06000000,1
1531221888022,1531221888017,2511617,0.00113380,200.21000000,1
1531221889364,1531221889359,2511618,0.00113500,81.00000000,0
1531221918821,1531221918818,2511619,0.00113450,13.87000000,0
1531221918837,1531221918834,2511620,0.00113380,207.68000000,1
1531221918856,1531221918854,2511621,0.00113520,0.89000000,0
1531221918860,1531221918857,2511622,0.00113380,10.83000000,1
1531221947230,1531221947226,2511623,0.00113490,139.99000000,0
1531221947245,1531221947241,2511624,0.00113380,109.37000000,1
1531221957452,1531221957446,2511625,0.00113490,141.72000000,0
1531221957465,1531221957461,2511626,0.00113380,183.06000000,1
1531221957482,1531221957478,2511627,0.00113380,62.14000000,1
1531222006365,1531222006361,2511628,0.00113510,280.70000000,0
1531222006379,1531222006375,2511629,0.00113430,141.71000000,1
1531222006399,1531222006395,2511630,0.00113430,111.40000000,1
1531222037279,1531222037275,2511631,0.00113380,102.29000000,1
1531222085511,1531222085507,2511632,0.00113490,313.62000000,0
1531222085521,1531222085516,2511633,0.00113380,75.59000000,1
1531222085544,1531222085540,2511634,0.00113380,114.45000000,1
1531222095170,1531222095166,2511635,0.00113380,2.95000000,1
1531222097617,1531222097612,2511636,0.00113490,385.57000000,0
1531222097633,1531222097629,2511637,0.00113380,143.46000000,1
1531222097650,1531222097645,2511638,0.00113380,164.68000000,1
1531222098586,1531222098582,2511639,0.00113380,1.11000000,0
1531222101905,1531222101902,2511640,0.00113380,1.83000000,0
1531222143912,1531222143908,2511641,0.00113490,124.44000000,0
1531222143922,1531222143917,2511642,0.00113400,102.98000000,1
1531222143936,1531222143932,2511643,0.00113400,47.14000000,1
1531222186868,1531222186864,2511644,0.00113410,130.87000000,1
1531222241346,1531222241342,2511645,0.00113400,1.08000000,1
1531222242334,1531222242330,2511646,0.00113410,1.00000000,1
1531222245674,1531222245670,2511647,0.00113490,450.17000000,0
1531222245681,1531222245677,2511648,0.00113410,205.50000000,1
1531222247471,1531222247467,2511649,0.00113410,1.00000000,0
1531222270794,1531222270789,2511650,0.00113420,108.06000000,1
1531222273121,1531222273117,2511651,0.00113410,0.45000000,1
1531222276107,1531222276103,2511652,0.00113410,6.74000000,1
1531222286384,1531222286380,2511653,0.00113400,43.94000000,1
1531222307867,1531222307862,2511654,0.00113550,77.69000000,0
1531222307867,1531222307862,2511655,0.00113560,499.04000000,0
1531222307914,1531222307910,2511656,0.00113560,3.20000000,1
1531222308835,1531222308819,2511657,0.00113560,0.07000000,1
1531222322884,1531222322879,2511658,0.00113560,243.90000000,0
1531222323670,1531222323665,2511659,0.00113570,1.17000000,0
1531222324361,1531222324357,2511660,0.00113560,0.10000000,1
1531222325748,1531222325744,2511661,0.00113410,34.07000000,1
1531222336615,1531222336612,2511662,0.00113400,1.46000000,1
1531222367174,1531222367170,2511663,0.00113410,175.09000000,1
1531222367189,1531222367184,2511664,0.00113410,42.64000000,1
1531222389622,1531222389619,2511665,0.00113400,33.65000000,1
1531222391098,1531222391093,2511666,0.00113400,3.19000000,1
1531222391115,1531222391112,2511667,0.00113390,27.26000000,1
1531222391119,1531222391114,2511668,0.00113390,24.07000000,1
1531222406766,1531222406762,2511669,0.00113410,194.10000000,0
1531222406779,1531222406775,2511670,0.00113400,33.03000000,1
1531222406790,1531222406785,2511671,0.00113400,179.71000000,1
1531222440302,1531222440298,2511672,0.00113400,82.09000000,1
1531222440318,1531222440313,2511673,0.00113400,151.09000000,1
1531222461291,1531222461288,2511674,0.00113390,1.94000000,1
1531222463991,1531222463987,2511675,0.00113390,0.06000000,1
1531222487478,1531222487474,2511676,0.00113530,553.43000000,0
1531222487491,1531222487486,2511677,0.00113410,207.84000000,1
1531222487510,1531222487506,2511678,0.00113410,247.06000000,1
1531222507662,1531222507658,2511679,0.00113640,2.37000000,0
1531222507662,1531222507658,2511680,0.00113650,2.37000000,0
1531222507662,1531222507658,2511681,0.00113660,0.36000000,0
1531222521800,1531222521795,2511682,0.00113650,3.00000000,0
1531222523382,1531222523378,2511683,0.00113660,58.74000000,0
1531222533203,1531222533199,2511684,0.00113560,53.64000000,0
1531222533214,1531222533211,2511685,0.00113420,21.46000000,1
1531222536567,1531222536562,2511686,0.00113700,3.00000000,0
1531222549821,1531222549818,2511687,0.00113710,3.51000000,0
1531222569851,1531222569848,2511688,0.00113710,3.51000000,0
1531222601802,1531222601798,2511689,0.00113790,90.75000000,0
1531222620143,1531222620138,2511690,0.00113770,3.00000000,0
1531222620143,1531222620138,2511691,0.00113790,5.88000000,0
1531222626265,1531222626262,2511692,0.00113480,70.84000000,1
1531222630864,1531222630860,2511693,0.00113780,8.63000000,0
1531222630864,1531222630860,2511694,0.00113790,1.78000000,0
1531222638929,1531222638922,2511695,0.00113790,12.21000000,0
1531222638929,1531222638922,2511696,0.00113870,7.01000000,0
1531222638929,1531222638922,2511697,0.00114020,4.32000000,0
1531222641361,1531222641358,2511698,0.00113520,30.00000000,1
1531222646683,1531222646679,2511699,0.00113640,3.60000000,1
1531222652229,1531222652225,2511700,0.00114080,3.60000000,0
1531222652229,1531222652225,2511701,0.00114090,5.12000000,0
1531222652229,1531222652225,2511702,0.00114190,5.29000000,0
1531222655823,1531222655819,2511703,0.00114300,33.48000000,0
1531222655823,1531222655819,2511704,0.00114360,69.14000000,0
1531222655823,1531222655819,2511705,0.00114540,23.53000000,0
1531222686562,1531222686558,2511706,0.00114540,15.75000000,0
1531222738751,1531222738747,2511707,0.00113940,5.01000000,1
1531222775730,1531222775726,2511708,0.00113920,2.21000000,1
1531222783463,1531222783459,2511709,0.00114440,5.01000000,0
1531222783463,1531222783459,2511710,0.00114450,3.00000000,0
1531222783463,1531222783459,2511711,0.00114490,4.85000000,0
1531222783463,1531222783459,2511712,0.00114530,89.74000000,0
1531222786258,1531222786255,2511713,0.00114530,2.00000000,0
1531222810040,1531222810034,2511714,0.00114500,9.11000000,0
1531222810040,1531222810034,2511715,0.00114520,0.90000000,0
1531222810040,1531222810034,2511716,0.00114530,1.00000000,0
1531222810040,1531222810034,2511717,0.00114540,2.80000000,0
1531222816992,1531222816988,2511718,0.00114540,9.11000000,0
1531222816992,1531222816988,2511719,0.00114610,15.16000000,0
1531222816992,1531222816988,2511720,0.00114640,3.30000000,0
1531222819210,1531222819206,2511721,0.00114090,0.19000000,1
1531222820864,1531222820859,2511722,0.00114100,5.83000000,1
1531222821726,1531222821721,2511723,0.00114090,6.80000000,1
1531222822245,1531222822242,2511724,0.00114630,3.71000000,0
1531222827881,1531222827877,2511725,0.00114500,2.12000000,0
1531222827881,1531222827877,2511726,0.00114510,6.97000000,0
1531222827881,1531222827877,2511727,0.00114640,0.01000000,0
1531222833809,1531222833805,2511728,0.00113960,2.37000000,1
1531222835716,1531222835711,2511729,0.00113920,3.00000000,1
1531222836714,1531222836710,2511730,0.00113800,7.01000000,1
1531222838523,1531222838520,2511731,0.00114020,7.00000000,0
1531222838523,1531222838520,2511732,0.00114100,132.63000000,0
1531222841666,1531222841663,2511733,0.00114090,2.66000000,0
1531222841666,1531222841663,2511734,0.00114100,60.67000000,0
1531222850731,1531222850726,2511735,0.00114080,1.18000000,0
1531222850731,1531222850726,2511736,0.00114100,0.19000000,0
1531222850731,1531222850726,2511737,0.00114650,1.29000000,0
1531222850731,1531222850726,2511738,0.00114790,0.09000000,0
1531222866873,1531222866869,2511739,0.00114190,30.00000000,1
1531222867174,1531222867171,2511740,0.00114190,30.00000000,1
1531222867725,1531222867722,2511741,0.00114190,69.53000000,1
1531222867854,1531222867851,2511742,0.00114180,30.00000000,1
1531222869718,1531222869714,2511743,0.00114190,5.84000000,1
1531222871798,1531222871793,2511744,0.00114180,11.00000000,1
1531222873007,1531222873004,2511745,0.00114170,5.13000000,1
1531222874721,1531222874718,2511746,0.00114160,6.99000000,1
1531222883092,1531222883088,2511747,0.00114710,2.42000000,0
1531222883092,1531222883088,2511748,0.00114720,5.84000000,0
1531222883654,1531222883650,2511749,0.00114720,2.00000000,1
1531222883717,1531222883714,2511750,0.00114720,73.10000000,1
1531222932961,1531222932958,2511751,0.00114130,1.21000000,1
1531222933057,1531222933053,2511752,0.00114130,4.66000000,1
1531222943786,1531222943782,2511753,0.00113980,5.40000000,1
1531222943786,1531222943782,2511754,0.00113760,43.41000000,1
1531222943851,1531222943847,2511755,0.00113760,29.90000000,0
1531222943877,1531222943872,2511756,0.00113760,30.00000000,0
1531222944447,1531222944442,2511757,0.00113750,13.49000000,0
1531222944871,1531222944867,2511758,0.00113700,5.13000000,1
1531222944886,1531222944885,2511759,0.00113700,13.30000000,1
1531222945052,1531222945049,2511760,0.00113750,25.90000000,0
1531222950193,1531222950190,2511761,0.00113760,13.50000000,0
1531222955388,1531222955384,2511762,0.00113580,1.18000000,1
1531222955388,1531222955384,2511763,0.00113480,3.00000000,1
1531222955388,1531222955384,2511764,0.00113420,3.00000000,1
1531222955388,1531222955384,2511765,0.00113410,8.81000000,1
1531222955388,1531222955384,2511766,0.00113400,5.37000000,1
1531222955388,1531222955384,2511767,0.00113390,235.47000000,1
1531222955413,1531222955409,2511768,0.00113390,33.63000000,0
1531222955423,1531222955419,2511769,0.00113390,6.17000000,0
1531222955449,1531222955445,2511770,0.00113390,35.00000000,0
1531222955832,1531222955828,2511771,0.00113380,8.80000000,1
1531222955960,1531222955956,2511772,0.00113380,4.70000000,0
1531222955960,1531222955956,2511773,0.00113390,19.30000000,0
1531222956056,1531222956052,2511774,0.00113390,86.49000000,0
1531222957119,1531222957116,2511775,0.00113390,43.24000000,0
1531222957140,1531222957135,2511776,0.00113390,2.00000000,0
1531222957186,1531222957181,2511777,0.00113370,3.80000000,1
1531222957186,1531222957181,2511778,0.00113350,1.60000000,1
1531222957189,1531222957187,2511779,0.00113390,30.00000000,0
1531222958528,1531222958525,2511780,0.00113350,27.35000000,1
1531222960277,1531222960273,2511781,0.00113390,1.10000000,0
1531222960318,1531222960314,2511782,0.00113390,6.24000000,0
1531222976797,1531222976792,2511783,0.00113750,3.00000000,0
1531222976797,1531222976792,2511784,0.00113760,5.79000000,0
1531222985844,1531222985840,2511785,0.00113760,2.19000000,0
1531223011963,1531223011960,2511786,0.00113560,58.24000000,0
1531223011978,1531223011975,2511787,0.00113360,29.12000000,1
1531223031319,1531223031315,2511788,0.00113350,90.65000000,1
1531223066236,1531223066233,2511789,0.00113540,195.06000000,0
1531223066251,1531223066247,2511790,0.00113360,150.06000000,1
1531223085149,1531223085145,2511791,0.00114020,8.77000000,0
1531223122089,1531223122086,2511792,0.00113930,4.22000000,0
1531223125433,1531223125430,2511793,0.00113480,73.40000000,1
1531223160466,1531223160462,2511794,0.00113480,97.01000000,1
1531223163930,1531223163927,2511795,0.00113930,17.94000000,0
1531223165120,1531223165117,2511796,0.00113930,15.00000000,1
1531223169300,1531223169297,2511797,0.00113930,0.07000000,1
1531223172826,1531223172824,2511798,0.00113740,7.01000000,1
1531223200370,1531223200365,2511799,0.00113870,5.87000000,0
1531223200698,1531223200695,2511800,0.00113870,2.00000000,1
1531223200759,1531223200755,2511801,0.00113870,33.13000000,1
1531223271384,1531223271380,2511802,0.00113880,3.00000000,0
1531223271385,1531223271380,2511803,0.00113890,5.78000000,0
1531223327256,1531223327253,2511804,0.00113880,3.00000000,0
1531223327256,1531223327253,2511805,0.00113890,2.00000000,0
1531223345661,1531223345658,2511806,0.00113580,110.87000000,1
1531223363001,1531223362998,2511807,0.00113680,276.53000000,0
1531223363010,1531223363006,2511808,0.00113580,200.37000000,1
1531223402643,1531223402639,2511809,0.00113780,6.80000000,0
1531223409586,1531223409582,2511810,0.00113890,18.20000000,0
1531223426457,1531223426454,2511811,0.00113830,64.25000000,0
1531223426467,1531223426464,2511812,0.00113790,28.42000000,1
1531223437886,1531223437883,2511813,0.00113780,0.20000000,1
1531223461996,1531223461993,2511814,0.00113870,9.35000000,0
1531223471059,1531223471054,2511815,0.00113860,0.01000000,0
1531223484494,1531223484490,2511816,0.00113620,172.87000000,1
1531223484514,1531223484511,2511817,0.00113620,89.25000000,1
1531223484926,1531223484923,2511818,0.00113610,7.02000000,1
1531223531228,1531223531224,2511819,0.00113570,89.06000000,1
1531223531605,1531223531602,2511820,0.00113810,8.78000000,0
1531223546205,1531223546202,2511821,0.00113560,0.05000000,1
1531223565871,1531223565868,2511822,0.00113570,142.56000000,1
1531223583963,1531223583963,2511823,0.00113570,2.95000000,1
1531223587916,1531223587912,2511824,0.00113570,138.12000000,1
1531223587932,1531223587928,2511825,0.00113570,40.83000000,1
1531223588801,1531223588798,2511826,0.00113560,2.95000000,1
1531223589947,1531223589944,2511827,0.00113540,3.00000000,1
1531223606748,1531223606744,2511828,0.00113410,48.03000000,0
1531223606756,1531223606753,2511829,0.00113360,24.26000000,1
1531223608706,1531223608702,2511830,0.00113460,1.53000000,0
1531223636757,1531223636754,2511831,0.00113350,0.99000000,1
1531223649796,1531223649793,2511832,0.00113410,87.65000000,0
1531223649805,1531223649802,2511833,0.00113360,66.65000000,1
1531223649824,1531223649820,2511834,0.00113360,39.14000000,1
1531223662106,1531223662102,2511835,0.00113370,0.01000000,1
1531223687308,1531223687304,2511836,0.00113380,5.93000000,1
1531223687308,1531223687304,2511837,0.00113350,2.01000000,1
1531223687308,1531223687304,2511838,0.00113230,3.93000000,1
1531223696354,1531223696350,2511839,0.00113680,0.01000000,0
1531223705384,1531223705381,2511840,0.00113240,123.81000000,1
1531223705398,1531223705395,2511841,0.00113240,146.31000000,1
1531223747631,1531223747628,2511842,0.00113620,5.55000000,0
1531223755848,1531223755845,2511843,0.00113230,0.37000000,1
1531223770565,1531223770562,2511844,0.00113610,7.31000000,0
1531223771097,1531223771092,2511845,0.00113600,3.00000000,0
1531223771097,1531223771092,2511846,0.00113610,2.11000000,0
1531223780682,1531223780679,2511847,0.00113260,5.95000000,1
1531223788822,1531223788818,2511848,0.00113240,3.00000000,1
1531223841084,1531223841082,2511849,0.00113250,0.02000000,0
1531223848149,1531223848145,2511850,0.00113260,10.25000000,0
1531223852724,1531223852720,2511851,0.00113030,28.75000000,0
1531223852734,1531223852731,2511852,0.00113030,28.75000000,0
1531223852769,1531223852765,2511853,0.00113030,2.00000000,0
1531223852771,1531223852769,2511854,0.00113030,28.75000000,0
1531223852798,1531223852792,2511855,0.00113020,7.06000000,1
1531223852798,1531223852792,2511856,0.00113010,3.00000000,1
1531223852798,1531223852792,2511857,0.00112950,3.53000000,1
1531223853136,1531223853136,2511858,0.00113030,28.80000000,0
1531223867788,1531223867784,2511859,0.00112960,176.59000000,1
1531223867802,1531223867798,2511860,0.00112960,225.15000000,1
1531223897749,1531223897750,2511861,0.00112960,36.47000000,0
1531223951128,1531223951124,2511862,0.00112960,130.31000000,1
1531223951160,1531223951156,2511863,0.00112960,200.75000000,1
1531223969691,1531223969687,2511864,0.00112950,21.17000000,1
1531224011905,1531224011904,2511865,0.00112950,19.30000000,1
1531224021300,1531224021297,2511866,0.00112960,17.84000000,1
1531224039375,1531224039371,2511867,0.00112960,226.81000000,1
1531224039394,1531224039390,2511868,0.00112960,218.25000000,1
1531224055471,1531224055466,2511869,0.00112960,74.79000000,1
1531224073649,1531224073646,2511870,0.00112960,8.49000000,0
1531224096744,1531224096740,2511871,0.00112970,130.65000000,1
1531224096761,1531224096758,2511872,0.00112970,227.06000000,1
1531224123327,1531224123324,2511873,0.00113030,1.30000000,0
1531224124249,1531224124246,2511874,0.00112970,160.21000000,1
1531224124268,1531224124265,2511875,0.00112970,116.50000000,1
1531224155844,1531224155839,2511876,0.00112960,6.79000000,1
1531224171096,1531224171092,2511877,0.00113000,115.00000000,0
1531224171103,1531224171099,2511878,0.00112970,219.46000000,1
1531224171121,1531224171120,2511879,0.00112970,83.34000000,1
1531224188018,1531224188020,2511880,0.00113030,0.01000000,0
1531224215799,1531224215794,2511881,0.00113030,0.68000000,0
1531224226386,1531224226383,2511882,0.00113040,83.90000000,1
1531224226404,1531224226402,2511883,0.00113040,119.70000000,1
1531224265308,1531224265305,2511884,0.00113040,199.53000000,0
1531224265326,1531224265326,2511885,0.00112970,76.15000000,1
1531224285856,1531224285852,2511886,0.00112970,122.90000000,1
1531224285878,1531224285875,2511887,0.00112970,136.81000000,1
1531224315650,1531224315646,2511888,0.00113010,2.75000000,0
1531224315658,1531224315655,2511889,0.00112970,193.53000000,1
1531224315678,1531224315675,2511890,0.00112970,1.54000000,1
1531224315739,1531224315736,2511891,0.00113060,28.75000000,0
1531224326110,1531224326106,2511892,0.00112970,38.71000000,1
1531224326127,1531224326127,2511893,0.00112970,134.12000000,1
1531224360761,1531224360757,2511894,0.00113090,203.42000000,0
1531224360777,1531224360774,2511895,0.00112970,89.20000000,1
1531224386835,1531224386832,2511896,0.00112990,160.50000000,1
1531224386857,1531224386854,2511897,0.00112990,200.87000000,1
1531224397671,1531224397669,2511898,0.00112970,13.08000000,1
1531224397686,1531224397683,2511899,0.00112970,20.00000000,1
1531224425269,1531224425265,2511900,0.00112970,243.90000000,1
1531224437177,1531224437177,2511901,0.00112970,10.45000000,1
1531224438590,1531224438585,2511902,0.00113090,416.77000000,0
1531224438606,1531224438603,2511903,0.00112970,30.32000000,1
1531224438631,1531224438628,2511904,0.00112970,161.76000000,1
1531224439037,1531224439033,2511905,0.00112970,10.45000000,0
1531224444762,1531224444759,2511906,0.00112970,103.90000000,1
1531224485996,1531224485993,2511907,0.00113100,221.20000000,0
1531224486004,1531224485999,2511908,0.00112980,111.70000000,1
1531224494147,1531224494144,2511909,0.00112980,19.82000000,0
1531224502576,1531224502573,2511910,0.00112980,78.73000000,1
1531224526153,1531224526150,2511911,0.00113100,255.32000000,0
1531224526167,1531224526163,2511912,0.00112980,212.78000000,1
1531224544877,1531224544872,2511913,0.00112980,1.41000000,0
1531224548623,1531224548619,2511914,0.00112980,0.02000000,1
1531224549869,1531224549866,2511915,0.00112980,15.63000000,1
1531224553990,1531224553988,2511916,0.00112980,0.02000000,0
1531224605399,1531224605396,2511917,0.00113100,4.80000000,0
1531224605409,1531224605405,2511918,0.00112990,189.06000000,1
1531224605431,1531224605427,2511919,0.00112990,1.86000000,1
1531224645155,1531224645154,2511920,0.00113100,97.79000000,0
1531224645167,1531224645165,2511921,0.00112990,95.87000000,1
1531224686434,1531224686431,2511922,0.00113100,346.30000000,0
1531224686446,1531224686443,2511923,0.00112990,129.21000000,1
1531224694982,1531224694979,2511924,0.00113100,70.71000000,0
1531224695002,1531224694998,2511925,0.00112990,25.80000000,1
1531224720668,1531224720667,2511926,0.00112990,29.90000000,1
1531224724401,1531224724398,2511927,0.00112990,4.81000000,1
1531224725938,1531224725940,2511928,0.00112980,4.98000000,1
1531224735930,1531224735927,2511929,0.00112990,29.90000000,0
1531224753883,1531224753881,2511930,0.00112980,29.90000000,1
1531224754035,1531224754033,2511931,0.00112980,30.00000000,1
1531224754270,1531224754269,2511932,0.00112980,30.00000000,1
1531224754280,1531224754277,2511933,0.00112980,30.00000000,1
1531224758534,1531224758532,2511934,0.00113090,293.99000000,0
1531224758551,1531224758548,2511935,0.00112980,101.54000000,1
1531224758931,1531224758926,2511936,0.00112980,17.97000000,0
1531224784528,1531224784524,2511937,0.00113100,77.49000000,0
1531224784542,1531224784538,2511938,0.00113000,27.64000000,1
1531224784557,1531224784553,2511939,0.00113000,69.18000000,1
1531224804169,1531224804168,2511940,0.00112990,3.50000000,1
1531224828732,1531224828731,2511941,0.00113120,312.07000000,0
1531224828746,1531224828743,2511942,0.00113020,226.28000000,1
1531224828764,1531224828761,2511943,0.00113020,117.31000000,1
1531224837152,1531224837149,2511944,0.00112960,12.72000000,1
1531224845696,1531224845692,2511945,0.00113220,7.05000000,0
1531224845696,1531224845692,2511946,0.00113260,3.70000000,0
1531224848080,1531224848081,2511947,0.00112960,0.81000000,1
1531224848607,1531224848603,2511948,0.00112960,1.12000000,1
1531224848814,1531224848811,2511949,0.00112960,1.24000000,1
1531224849283,1531224849279,2511950,0.00112960,1.40000000,1
1531224849801,1531224849796,2511951,0.00112960,0.80000000,1
1531224887594,1531224887596,2511952,0.00113050,236.28000000,0
1531224887608,1531224887605,2511953,0.00113140,179.00000000,0
1531224894965,1531224894962,2511954,0.00113100,38.27000000,0
1531224894975,1531224894971,2511955,0.00113250,247.15000000,0
1531224894996,1531224894994,2511956,0.00113250,13.98000000,0
1531224896942,1531224896938,2511957,0.00113150,37.15000000,0
1531224925794,1531224925790,2511958,0.00112970,220.96000000,1
1531224925818,1531224925814,2511959,0.00112970,74.54000000,1
1531224935616,1531224935611,2511960,0.00113110,250.56000000,0
1531224935634,1531224935631,2511961,0.00112970,107.06000000,1
1531224964592,1531224964588,2511962,0.00112970,99.45000000,1
1531225008013,1531225008010,2511963,0.00113100,432.06000000,0
1531225008024,1531225008022,2511964,0.00113250,4.62000000,0
1531225008038,1531225008035,2511965,0.00113250,216.03000000,0
1531225024142,1531225024138,2511966,0.00113110,46.28000000,0
1531225024161,1531225024157,2511967,0.00112970,37.32000000,1
1531225068287,1531225068283,2511968,0.00112970,202.25000000,1
1531225068305,1531225068302,2511969,0.00112970,121.56000000,1
1531225105657,1531225105655,2511970,0.00113110,136.64000000,0
1531225105669,1531225105666,2511971,0.00112970,131.37000000,1
1531225130925,1531225130922,2511972,0.00113260,1.76000000,0
1531225166147,1531225166144,2511973,0.00113250,47.46000000,0
1531225166169,1531225166166,2511974,0.00113250,67.81000000,0
1531225193579,1531225193576,2511975,0.00113260,0.42000000,0
1531225249744,1531225249739,2511976,0.00113260,8.42000000,0
1531225249744,1531225249739,2511977,0.00113610,3.94000000,0
1531225249744,1531225249739,2511978,0.00113760,0.97000000,0
1531225249744,1531225249739,2511979,0.00113770,15.16000000,0
1531225249744,1531225249739,2511980,0.00113790,103.74000000,0
1531225290914,1531225290911,2511981,0.00113240,20.00000000,1
1531225299757,1531225299754,2511982,0.00113200,153.62000000,1
1531225324163,1531225324161,2511983,0.00113200,21.51000000,1
1531225423407,1531225423405,2511984,0.00113200,4.24000000,1
1531225424137,1531225424139,2511985,0.00113200,34.72000000,0
1531225446917,1531225446913,2511986,0.00113350,25.19000000,0
1531225446937,1531225446933,2511987,0.00113200,21.35000000,1
1531225503253,1531225503251,2511988,0.00113330,156.65000000,0
1531225503270,1531225503266,2511989,0.00113200,55.14000000,1
1531225525311,1531225525308,2511990,0.00113200,245.43000000,1
1531225525331,1531225525327,2511991,0.00113210,189.21000000,1
1531225592143,1531225592140,2511992,0.00113350,36.48000000,0
1531225592159,1531225592156,2511993,0.00113260,25.32000000,1
1531225617990,1531225617986,2511994,0.00113260,5.24000000,1
1531225787611,1531225787607,2511995,0.00113250,119.83000000,1
1531225787611,1531225787607,2511996,0.00113240,20.03000000,1
1531225787611,1531225787607,2511997,0.00113210,53.70000000,1
1531225787611,1531225787607,2511998,0.00113000,7.06000000,1
1531225787611,1531225787607,2511999,0.00112950,161.33000000,1
1531225787611,1531225787607,2512000,0.00112940,2.75000000,1
1531225787611,1531225787607,2512001,0.00112650,102.89000000,1
1531225787611,1531225787607,2512002,0.00112480,3.00000000,1
1531225787611,1531225787607,2512003,0.00112440,208.11000000,1
1531225791967,1531225791961,2512004,0.00112940,1.76000000,1
1531225796907,1531225796901,2512005,0.00112880,1.32000000,1
1531225796907,1531225796901,2512006,0.00112430,45.78000000,1
1531225796907,1531225796901,2512007,0.00112420,18.20000000,1
1531225796907,1531225796901,2512008,0.00112400,15.50000000,1
1531225796907,1531225796901,2512009,0.00112270,2.25000000,1
1531225796907,1531225796901,2512010,0.00112260,37.85000000,1
1531225796907,1531225796901,2512011,0.00112250,8.38000000,1
1531225796907,1531225796901,2512012,0.00112240,35.58000000,1
1531225796907,1531225796901,2512013,0.00112220,17.29000000,1
1531225796907,1531225796901,2512014,0.00112170,8.01000000,1
1531225796907,1531225796901,2512015,0.00112130,4.86000000,1
1531225797527,1531225797523,2512016,0.00112600,5.00000000,0
1531225798460,1531225798457,2512017,0.00112600,0.06000000,0
1531225802369,1531225802365,2512018,0.00112300,5.60000000,1
1531225802369,1531225802365,2512019,0.00112190,167.78000000,1
1531225806139,1531225806136,2512020,0.00112470,348.08000000,0
1531225806153,1531225806149,2512021,0.00112190,151.34000000,1
1531225806287,1531225806283,2512022,0.00112190,8.31000000,0
1531225806287,1531225806283,2512023,0.00112750,0.09000000,0
1531225806993,1531225806990,2512024,0.00112750,30.00000000,0
1531225808138,1531225808134,2512025,0.00112620,5.60000000,0
1531225808289,1531225808283,2512026,0.00112740,5.94000000,0
1531225808289,1531225808283,2512027,0.00112750,24.06000000,0
1531225809008,1531225809006,2512028,0.00112750,30.00000000,0
1531225809279,1531225809275,2512029,0.00112750,1.38000000,0
1531225810049,1531225810043,2512030,0.00112750,28.62000000,1
1531225811008,1531225811002,2512031,0.00112750,30.00000000,0
1531225811290,1531225811286,2512032,0.00112750,30.00000000,0
1531225817468,1531225817464,2512033,0.00112570,29.90000000,0
1531225818130,1531225818126,2512034,0.00112570,5.68000000,0
1531225818271,1531225818267,2512035,0.00112680,30.00000000,0
1531225818514,1531225818509,2512036,0.00112680,10.65000000,0
1531225821457,1531225821452,2512037,0.00112680,81.84000000,0
1531225821457,1531225821452,2512038,0.00112690,7.08000000,0
1531225821457,1531225821452,2512039,0.00112770,14.93000000,0
1531225825291,1531225825292,2512040,0.00112770,3.00000000,0
1531225825291,1531225825292,2512041,0.00113030,2.13000000,0
1531225825291,1531225825292,2512042,0.00113260,10.01000000,0
1531225866754,1531225866751,2512043,0.00112560,5.82000000,1
1531225866948,1531225866945,2512044,0.00112550,29.90000000,0
1531225867284,1531225867279,2512045,0.00112550,134.90000000,0
1531225889424,1531225889421,2512046,0.00112730,380.34000000,0
1531225889436,1531225889431,2512047,0.00112540,211.56000000,1
1531225889452,1531225889448,2512048,0.00112540,159.81000000,1
1531225893833,1531225893831,2512049,0.00112530,0.90000000,1
1531225953160,1531225953156,2512050,0.00112690,16.10000000,0
1531225953173,1531225953169,2512051,0.00112540,5.83000000,1
1531225953193,1531225953188,2512052,0.00112540,6.58000000,1
1531225978358,1531225978354,2512053,0.00112530,7.09000000,1
1531225978469,1531225978466,2512054,0.00112530,13.74000000,0
1531225978469,1531225978466,2512055,0.00112830,0.06000000,0
1531226049580,1531226049576,2512056,0.00112510,247.34000000,0
1531226049589,1531226049586,2512057,0.00112310,193.25000000,1
1531226064614,1531226064611,2512058,0.00112330,97.56000000,1
1531226064639,1531226064635,2512059,0.00112330,227.12000000,1
1531226082834,1531226082830,2512060,0.00112700,0.89000000,0
1531226110575,1531226110570,2512061,0.00112310,10.56000000,1
1531226140367,1531226140363,2512062,0.00112300,0.94000000,1
1531226140367,1531226140363,2512063,0.00112210,11.91000000,1
1531226140367,1531226140363,2512064,0.00112130,14.20000000,1
1531226146041,1531226146036,2512065,0.00112700,1.33000000,0
1531226185734,1531226185730,2512066,0.00112660,0.30000000,0
1531226266102,1531226266099,2512067,0.00112700,0.01000000,0
1531226266102,1531226266099,2512068,0.00112880,0.99000000,0
1531226365454,1531226365450,2512069,0.00112750,3.00000000,0
1531226365454,1531226365450,2512070,0.00112760,4.57000000,0
1531226365454,1531226365450,2512071,0.00112770,8.51000000,0
1531226365454,1531226365450,2512072,0.00112820,7.07000000,0
1531226366299,1531226366296,2512073,0.00112880,138.87000000,1
1531226388755,1531226388751,2512074,0.00112370,5.84000000,1
1531226388755,1531226388751,2512075,0.00112360,5.92000000,1
1531226396719,1531226396719,2512076,0.00112610,139.50000000,0
1531226396739,1531226396736,2512077,0.00112370,193.50000000,1
1531226396762,1531226396759,2512078,0.00112370,75.00000000,1
1531226449335,1531226449332,2512079,0.00112360,1.18000000,1
1531226462254,1531226462250,2512080,0.00112280,42.03000000,1
1531226472999,1531226472994,2512081,0.00112290,39.02000000,1
1531226484483,1531226484480,2512082,0.00112280,20.00000000,1
1531226484952,1531226484949,2512083,0.00112520,276.44000000,0
1531226484966,1531226484962,2512084,0.00112280,188.60000000,1
1531226485313,1531226485310,2512085,0.00112280,8.86000000,0
1531226515687,1531226515683,2512086,0.00112470,65.32000000,0
1531226515699,1531226515695,2512087,0.00112290,167.12000000,1
1531226515723,1531226515719,2512088,0.00112290,33.00000000,1
1531226545942,1531226545937,2512089,0.00112630,2.79000000,1
1531226556040,1531226556036,2512090,0.00112620,1.00000000,0
1531226565833,1531226565829,2512091,0.00112610,3.05000000,0
1531226565833,1531226565829,2512092,0.00112620,2.00000000,0
1531226565833,1531226565829,2512093,0.00112750,7.07000000,0
1531226572302,1531226572298,2512094,0.00112750,0.01000000,0
1531226572302,1531226572298,2512095,0.00112910,8.99000000,0
1531226576145,1531226576141,2512096,0.00112900,42.19000000,0
1531226585269,1531226585265,2512097,0.00112840,39.02000000,0
1531226585269,1531226585265,2512098,0.00112850,61.01000000,0
1531226585269,1531226585265,2512099,0.00112860,158.92000000,0
1531226656800,1531226656797,2512100,0.00112880,3.00000000,0
1531226724859,1531226724856,2512101,0.00112570,64.65000000,1
1531226836474,1531226836469,2512102,0.00112690,8.90000000,1
1531226942184,1531226942180,2512103,0.00112660,1.09000000,0
1531227018506,1531227018502,2512104,0.00112930,11.02000000,0
1531227030493,1531227030489,2512105,0.00112930,18.77000000,0
1531227057001,1531227056998,2512106,0.00112970,35.41000000,0
1531227057252,1531227057248,2512107,0.00112980,44.26000000,0
1531227060250,1531227060249,2512108,0.00113070,7.06000000,0
1531227082277,1531227082274,2512109,0.00113200,1.32000000,0
1531227084270,1531227084267,2512110,0.00113190,1.32000000,0
1531227097357,1531227097354,2512111,0.00113260,5.14000000,0
1531227104377,1531227104370,2512112,0.00113250,0.03000000,0
1531227125753,1531227125748,2512113,0.00113280,7.04000000,0
1531227125753,1531227125748,2512114,0.00113290,7.24000000,0
1531227142409,1531227142405,2512115,0.00113290,0.77000000,0
1531227146717,1531227146713,2512116,0.00113300,82.16000000,1
1531227151346,1531227151342,2512117,0.00113510,35.85000000,0
1531227157973,1531227157970,2512118,0.00113350,8.24000000,1
1531227159319,1531227159315,2512119,0.00113350,8.72000000,1
1531227160789,1531227160785,2512120,0.00113350,9.46000000,1
1531227177355,1531227177350,2512121,0.00113530,44.26000000,0
1531227178197,1531227178194,2512122,0.00113530,8.46000000,1
1531227179273,1531227179269,2512123,0.00113630,15.16000000,0
1531227179348,1531227179344,2512124,0.00113540,13.94000000,1
1531227201420,1531227201416,2512125,0.00113660,0.88000000,0
1531227226281,1531227226278,2512126,0.00113770,55.33000000,0
1531227228277,1531227228273,2512127,0.00113790,35.04000000,0
1531227230266,1531227230262,2512128,0.00113830,8.41000000,0
