event_time,trade_time,trade_id,price,quantity,maker
1531210371528,1531210371522,2410470,0.00000994,110.00000000,0
1531210371605,1531210371600,2410471,0.00000994,674.00000000,0
1531210371605,1531210371600,2410472,0.00000996,7007.00000000,0
1531210373107,1531210373102,2410473,0.00000996,649.00000000,0
1531210373214,1531210373210,2410474,0.00000996,551.00000000,0
1531210377395,1531210377391,2410475,0.00000996,2613.00000000,0
1531210380438,1531210380434,2410476,0.00000994,2710.00000000,0
1531210380696,1531210380691,2410477,0.00000994,3060.00000000,0
1531210389964,1531210389959,2410478,0.00000996,197.00000000,0
1531210394500,1531210394495,2410479,0.00000996,2952.00000000,0
1531210394500,1531210394495,2410480,0.00000997,12766.00000000,0
1531210398128,1531210398124,2410481,0.00000996,627.00000000,1
1531210401667,1531210401663,2410482,0.00000997,1923.00000000,0
1531210404285,1531210404281,2410483,0.00000996,173.00000000,1
1531210404285,1531210404281,2410484,0.00000995,802.00000000,1
1531210413965,1531210413957,2410485,0.00000997,144.00000000,0
1531210416017,1531210416013,2410486,0.00000994,2108.00000000,1
1531210416017,1531210416013,2410487,0.00000993,22892.00000000,1
1531210416548,1531210416544,2410488,0.00000993,1022.00000000,1
1531210417271,1531210417266,2410489,0.00000993,1021.00000000,1
1531210424474,1531210424470,2410490,0.00000995,123.00000000,0
1531210426589,1531210426584,2410491,0.00000994,300.00000000,1
1531210451209,1531210451205,2410492,0.00000994,17.00000000,1
1531210470338,1531210470332,2410493,0.00000996,73.00000000,0
1531210477438,1531210477434,2410494,0.00000994,11026.00000000,1
1531210477438,1531210477434,2410495,0.00000993,6956.00000000,1
1531210478580,1531210478573,2410496,0.00000994,1326.00000000,1
1531210516497,1531210516494,2410497,0.00000994,144.00000000,0
1531210521880,1531210521876,2410498,0.00000993,2820.00000000,1
1531210523363,1531210523356,2410499,0.00000994,933.00000000,1
1531210524588,1531210524582,2410500,0.00000995,137.00000000,0
1531210526212,1531210526208,2410501,0.00000995,65.00000000,0
1531210539184,1531210539180,2410502,0.00000993,900.00000000,1
1531210548689,1531210548684,2410503,0.00000993,1356.00000000,1
1531210563534,1531210563529,2410504,0.00000994,159.00000000,0
1531210586786,1531210586781,2410505,0.00000993,10000.00000000,1
1531210592692,1531210592688,2410506,0.00000993,820.00000000,1
1531210595825,1531210595823,2410507,0.00000993,3487.00000000,1
1531210604326,1531210604319,2410508,0.00000993,676.00000000,1
1531210604561,1531210604557,2410509,0.00000994,146.00000000,1
1531210616079,1531210616075,2410510,0.00000994,670.00000000,0
1531210620529,1531210620525,2410511,0.00000994,7056.00000000,1
1531210620551,1531210620548,2410512,0.00000994,779.00000000,1
1531210620554,1531210620549,2410513,0.00000994,4815.00000000,1
1531210620702,1531210620697,2410514,0.00000994,2968.00000000,1
1531210621764,1531210621758,2410515,0.00000994,66157.00000000,1
1531210622934,1531210622930,2410516,0.00000993,530.00000000,1
1531210623032,1531210623025,2410517,0.00000993,273.00000000,1
1531210624745,1531210624739,2410518,0.00000993,500.00000000,1
1531210625606,1531210625602,2410519,0.00000993,500.00000000,1
1531210627587,1531210627582,2410520,0.00000993,500.00000000,1
1531210628590,1531210628590,2410521,0.00000995,1302.00000000,0
1531210632818,1531210632814,2410522,0.00000996,409.00000000,0
1531210635854,1531210635850,2410523,0.00000994,925.00000000,0
1531210635952,1531210635945,2410524,0.00000994,975.00000000,0
1531210648096,1531210648090,2410525,0.00000996,3810.00000000,0
1531210656712,1531210656706,2410526,0.00000994,1485.00000000,1
1531210689735,1531210689730,2410527,0.00000995,779.00000000,0
1531210689735,1531210689730,2410528,0.00000995,2908.00000000,0
1531210722545,1531210722540,2410529,0.00000993,128.00000000,1
1531210737531,1531210737527,2410530,0.00000992,3709.00000000,1
1531210740616,1531210740612,2410531,0.00000993,103.00000000,1
1531210741606,1531210741601,2410532,0.00000993,803.00000000,1
1531210743740,1531210743739,2410533,0.00000994,657.00000000,0
1531210743841,1531210743837,2410534,0.00000994,3473.00000000,0
1531210745601,1531210745597,2410535,0.00000995,101.00000000,1
1531210762013,1531210762007,2410536,0.00000994,2658.00000000,0
1531210762112,1531210762106,2410537,0.00000994,1332.00000000,0
1531210773622,1531210773620,2410538,0.00000995,1251.00000000,0
1531210788710,1531210788705,2410539,0.00000994,2344.00000000,0
1531210788810,1531210788805,2410540,0.00000994,2015.00000000,0
1531210793991,1531210793986,2410541,0.00000995,637.00000000,0
1531210800418,1531210800414,2410542,0.00000995,2600.00000000,0
1531210806328,1531210806323,2410543,0.00000994,500.00000000,0
1531210806328,1531210806323,2410544,0.00000995,1530.00000000,0
1531210806343,1531210806340,2410545,0.00000995,1240.00000000,1
1531210813667,1531210813664,2410546,0.00000992,2801.00000000,0
1531210813761,1531210813757,2410547,0.00000992,2139.00000000,0
1531210823642,1531210823637,2410548,0.00000993,803.00000000,0
1531210832236,1531210832233,2410549,0.00000994,2027.00000000,0
1531210843172,1531210843168,2410550,0.00000992,1300.00000000,1
1531210844421,1531210844418,2410551,0.00000993,144.00000000,1
1531210846188,1531210846183,2410552,0.00000992,435.00000000,1
1531210854031,1531210854027,2410553,0.00000994,1604.00000000,0
1531210858772,1531210858768,2410554,0.00000992,185.00000000,1
1531210859404,1531210859399,2410555,0.00000995,1300.00000000,0
1531210871995,1531210871990,2410556,0.00000993,2133.00000000,0
1531210872090,1531210872089,2410557,0.00000993,715.00000000,0
1531210874710,1531210874706,2410558,0.00000992,16.00000000,1
1531210877600,1531210877597,2410559,0.00000992,1.00000000,1
1531210879585,1531210879582,2410560,0.00000993,658.00000000,0
1531210879842,1531210879837,2410561,0.00000993,168.00000000,0
1531210892680,1531210892675,2410562,0.00000994,293.00000000,0
1531210892773,1531210892770,2410563,0.00000994,3807.00000000,0
1531210900604,1531210900599,2410564,0.00000993,124.00000000,1
1531210902067,1531210902062,2410565,0.00000992,3785.00000000,1
1531210913646,1531210913646,2410566,0.00000992,1630.00000000,0
1531210913748,1531210913744,2410567,0.00000992,1661.00000000,0
1531210920479,1531210920475,2410568,0.00000993,181.00000000,0
1531210921142,1531210921138,2410569,0.00000993,622.00000000,0
1531210934922,1531210934917,2410570,0.00000993,517.00000000,0
1531210935027,1531210935023,2410571,0.00000993,1263.00000000,0
1531210947267,1531210947263,2410572,0.00000992,590.00000000,1
1531210961735,1531210961730,2410573,0.00000992,3.00000000,1
1531210962665,1531210962660,2410574,0.00000993,135.00000000,0
1531211000277,1531211000270,2410575,0.00000994,103.00000000,0
1531211000277,1531211000270,2410576,0.00000995,310.00000000,0
1531211000277,1531211000270,2410577,0.00000996,4429.00000000,0
1531211000277,1531211000270,2410578,0.00000997,5158.00000000,0
1531211001388,1531211001385,2410579,0.00000993,214.00000000,1
1531211003538,1531211003534,2410580,0.00000996,340.00000000,0
1531211003654,1531211003649,2410581,0.00000996,1780.00000000,0
1531211006864,1531211006861,2410582,0.00000997,214.00000000,0
1531211010439,1531211010435,2410583,0.00000995,529.00000000,0
1531211010537,1531211010531,2410584,0.00000995,1331.00000000,0
1531211013132,1531211013128,2410585,0.00000997,11119.00000000,0
1531211013288,1531211013286,2410586,0.00000997,316.00000000,0
1531211019271,1531211019266,2410587,0.00000997,101.00000000,0
1531211025258,1531211025254,2410588,0.00000997,515.00000000,0
1531211025735,1531211025727,2410589,0.00000997,2600.00000000,0
1531211034869,1531211034866,2410590,0.00000994,2433.00000000,0
1531211034965,1531211034962,2410591,0.00000994,1285.00000000,0
1531211040796,1531211040793,2410592,0.00000994,872.00000000,0
1531211044602,1531211044597,2410593,0.00000994,466.00000000,0
1531211044642,1531211044637,2410594,0.00000994,179.00000000,0
1531211044698,1531211044694,2410595,0.00000994,1066.00000000,0
1531211044698,1531211044694,2410596,0.00000996,915.00000000,0
1531211044698,1531211044694,2410597,0.00000997,136.00000000,0
1531211065338,1531211065333,2410598,0.00000995,459.00000000,0
1531211065433,1531211065427,2410599,0.00000995,641.00000000,0
1531211069677,1531211069673,2410600,0.00000993,140.00000000,1
1531211070829,1531211070826,2410601,0.00000997,57.00000000,0
1531211075667,1531211075667,2410602,0.00000994,129.00000000,0
1531211077798,1531211077794,2410603,0.00000994,2255.00000000,1
1531211081554,1531211081549,2410604,0.00000997,334.00000000,0
1531211083327,1531211083324,2410605,0.00000993,1303.00000000,1
1531211087702,1531211087700,2410606,0.00000993,1899.00000000,0
1531211089471,1531211089467,2410607,0.00000992,396.00000000,1
1531211091832,1531211091831,2410608,0.00000993,651.00000000,0
1531211091832,1531211091831,2410609,0.00000997,189.00000000,0
1531211092083,1531211092078,2410610,0.00000997,1710.00000000,0
1531211099869,1531211099865,2410611,0.00000994,803.00000000,0
1531211108355,1531211108350,2410612,0.00000996,384.00000000,0
1531211108608,1531211108605,2410613,0.00000996,2286.00000000,0
1531211112021,1531211112016,2410614,0.00000993,803.00000000,1
1531211112021,1531211112016,2410615,0.00000992,480.00000000,1
1531211112021,1531211112016,2410616,0.00000991,10401.00000000,1
1531211112021,1531211112016,2410617,0.00000990,9270.00000000,1
1531211113627,1531211113623,2410618,0.00000992,200.00000000,1
1531211118577,1531211118573,2410619,0.00000997,10030.00000000,0
1531211118958,1531211118953,2410620,0.00000992,529.00000000,0
1531211119746,1531211119741,2410621,0.00000992,974.00000000,0
1531211119931,1531211119927,2410622,0.00000997,370.00000000,0
1531211121955,1531211121951,2410623,0.00000992,134.00000000,1
1531211122221,1531211122216,2410624,0.00000992,366.00000000,1
1531211122221,1531211122216,2410625,0.00000990,29.00000000,1
1531211124439,1531211124435,2410626,0.00000997,824.00000000,0
1531211124535,1531211124532,2410627,0.00000997,679.00000000,0
1531211134522,1531211134518,2410628,0.00000995,141.00000000,0
1531211134616,1531211134612,2410629,0.00000995,750.00000000,0
1531211161198,1531211161194,2410630,0.00000995,530.00000000,0
1531211161203,1531211161197,2410631,0.00000995,272.00000000,0
1531211161239,1531211161236,2410632,0.00000995,501.00000000,1
1531211161302,1531211161297,2410633,0.00000995,27.00000000,1
1531211163586,1531211163581,2410634,0.00000994,245.00000000,0
1531211163587,1531211163581,2410635,0.00000996,141.00000000,0
1531211163587,1531211163581,2410636,0.00000997,144.00000000,0
1531211164481,1531211164476,2410637,0.00000992,528.00000000,1
1531211192124,1531211192120,2410638,0.00000993,798.00000000,1
1531211192124,1531211192120,2410639,0.00000992,2563.00000000,1
1531211194723,1531211194720,2410640,0.00000994,147.00000000,0
1531211195656,1531211195652,2410641,0.00000992,734.00000000,1
1531211195656,1531211195652,2410642,0.00000991,500.00000000,1
1531211195656,1531211195652,2410643,0.00000990,753.00000000,1
1531211195656,1531211195652,2410644,0.00000989,5824.00000000,1
1531211195964,1531211195961,2410645,0.00000996,147.00000000,0
1531211196657,1531211196652,2410646,0.00000989,500.00000000,1
1531211198616,1531211198614,2410647,0.00000994,1050.00000000,1
1531211207265,1531211207261,2410648,0.00000994,49.00000000,0
1531211207390,1531211207387,2410649,0.00000994,351.00000000,0
1531211218480,1531211218476,2410650,0.00000992,609.00000000,0
1531211218577,1531211218572,2410651,0.00000992,2611.00000000,0
1531211230427,1531211230423,2410652,0.00000990,197.00000000,1
1531211230767,1531211230763,2410653,0.00000993,803.00000000,0
1531211235048,1531211235048,2410654,0.00000994,469.00000000,0
1531211242805,1531211242800,2410655,0.00000993,121.00000000,0
1531211242912,1531211242907,2410656,0.00000993,648.00000000,0
1531211246331,1531211246327,2410657,0.00000994,31.00000000,0
1531211253230,1531211253224,2410658,0.00000993,622.00000000,0
1531211253325,1531211253321,2410659,0.00000993,1366.00000000,0
1531211263793,1531211263789,2410660,0.00000991,1265.00000000,1
1531211263793,1531211263789,2410661,0.00000990,1202.00000000,1
1531211285975,1531211285969,2410662,0.00000992,774.00000000,0
1531211286087,1531211286084,2410663,0.00000992,1976.00000000,0
1531211289010,1531211289006,2410664,0.00000991,1600.00000000,0
1531211294557,1531211294552,2410665,0.00000993,463.00000000,0
1531211294670,1531211294666,2410666,0.00000993,146.00000000,0
1531211294670,1531211294666,2410667,0.00000994,500.00000000,0
1531211294670,1531211294666,2410668,0.00000995,491.00000000,0
1531211296868,1531211296865,2410669,0.00000995,347.00000000,0
1531211297594,1531211297595,2410670,0.00000995,153.00000000,0
1531211303068,1531211303064,2410671,0.00000991,121.00000000,1
1531211304682,1531211304679,2410672,0.00000993,550.00000000,0
1531211304786,1531211304782,2410673,0.00000993,2280.00000000,0
1531211312848,1531211312843,2410674,0.00000992,173.00000000,0
1531211313108,1531211313104,2410675,0.00000992,527.00000000,0
1531211323116,1531211323109,2410676,0.00000990,762.00000000,1
1531211327846,1531211327841,2410677,0.00000991,287.00000000,0
1531211327846,1531211327841,2410678,0.00000992,1054.00000000,0
1531211327950,1531211327946,2410679,0.00000992,353.00000000,0
1531211365009,1531211365005,2410680,0.00000991,145.00000000,1
1531211378980,1531211378975,2410681,0.00000991,13.00000000,1
1531211387294,1531211387290,2410682,0.00000992,841.00000000,0
1531211410285,1531211410279,2410683,0.00000992,7.00000000,0
1531211413748,1531211413744,2410684,0.00000992,169.00000000,1
1531211426592,1531211426589,2410685,0.00000991,320.00000000,1
1531211433725,1531211433719,2410686,0.00000992,166.00000000,0
1531211459639,1531211459636,2410687,0.00000991,729.00000000,0
1531211459744,1531211459740,2410688,0.00000991,321.00000000,0
1531211474661,1531211474657,2410689,0.00000989,1180.00000000,1
1531211479614,1531211479610,2410690,0.00000989,3371.00000000,1
1531211484288,1531211484284,2410691,0.00000989,13933.00000000,1
1531211491938,1531211491934,2410692,0.00000989,187.00000000,1
1531211493985,1531211493981,2410693,0.00000991,383.00000000,0
1531211494244,1531211494238,2410694,0.00000991,1617.00000000,0
1531211508465,1531211508460,2410695,0.00000990,138.00000000,0
1531211513169,1531211513166,2410696,0.00000989,333.00000000,1
1531211520759,1531211520756,2410697,0.00000989,1471.00000000,1
1531211545739,1531211545735,2410698,0.00000989,522.00000000,1
1531211560518,1531211560515,2410699,0.00000990,153.00000000,1
1531211562341,1531211562341,2410700,0.00000989,228.00000000,1
1531211596688,1531211596683,2410701,0.00000989,794.00000000,1
1531211616197,1531211616192,2410702,0.00000991,1126.00000000,0
1531211619440,1531211619437,2410703,0.00000989,1100.00000000,1
1531211629357,1531211629354,2410704,0.00000989,300.00000000,1
1531211641335,1531211641330,2410705,0.00000990,1139.00000000,0
1531211641435,1531211641433,2410706,0.00000990,613.00000000,0
1531211656141,1531211656141,2410707,0.00000989,1192.00000000,1
1531211663573,1531211663568,2410708,0.00000990,154.00000000,1
1531211675856,1531211675853,2410709,0.00000989,800.00000000,1
1531211698638,1531211698634,2410710,0.00000989,1187.00000000,1
1531211708000,1531211707996,2410711,0.00000991,203.00000000,0
1531211708000,1531211707996,2410712,0.00000993,273.00000000,0
1531211715983,1531211715979,2410713,0.00000991,742.00000000,0
1531211716155,1531211716151,2410714,0.00000991,218.00000000,0
1531211733386,1531211733381,2410715,0.00000993,8213.00000000,0
1531211734833,1531211734829,2410716,0.00000990,806.00000000,1
1531211739589,1531211739585,2410717,0.00000990,244.00000000,0
1531211741554,1531211741550,2410718,0.00000990,31.00000000,1
1531211746921,1531211746917,2410719,0.00000991,805.00000000,0
1531211767387,1531211767382,2410720,0.00000991,162.00000000,0
1531211793088,1531211793084,2410721,0.00000990,293.00000000,1
1531211802402,1531211802400,2410722,0.00000991,169.00000000,0
1531211811708,1531211811708,2410723,0.00000990,1148.00000000,1
1531211830998,1531211830994,2410724,0.00000991,1256.00000000,0
1531211831098,1531211831093,2410725,0.00000991,654.00000000,0
1531211841397,1531211841392,2410726,0.00000991,495.00000000,0
1531211841510,1531211841505,2410727,0.00000991,388.00000000,0
1531211852173,1531211852168,2410728,0.00000990,530.00000000,1
1531211856328,1531211856324,2410729,0.00000992,399.00000000,0
1531211856426,1531211856422,2410730,0.00000992,401.00000000,0
1531211856705,1531211856701,2410731,0.00000990,530.00000000,1
1531211861299,1531211861294,2410732,0.00000991,126.00000000,1
1531211868572,1531211868569,2410733,0.00000991,182.00000000,0
1531211868670,1531211868666,2410734,0.00000991,218.00000000,0
1531211877183,1531211877177,2410735,0.00000993,237.00000000,0
1531211877295,1531211877290,2410736,0.00000993,673.00000000,0
1531211879859,1531211879853,2410737,0.00000993,500.00000000,0
1531211916689,1531211916686,2410738,0.00000993,969.00000000,1
1531211926641,1531211926635,2410739,0.00000992,681.00000000,0
1531211926680,1531211926677,2410740,0.00000991,250.00000000,1
1531211926747,1531211926744,2410741,0.00000992,579.00000000,0
1531211946911,1531211946905,2410742,0.00000992,122.00000000,0
1531211952324,1531211952321,2410743,0.00000993,500.00000000,0
1531211963991,1531211963986,2410744,0.00000993,115.00000000,0
1531211964093,1531211964087,2410745,0.00000993,77.00000000,0
1531211968342,1531211968337,2410746,0.00000991,530.00000000,1
1531211972851,1531211972847,2410747,0.00000993,123.00000000,0
1531211973098,1531211973094,2410748,0.00000993,27.00000000,0
1531211978009,1531211978005,2410749,0.00000991,4051.00000000,1
1531211981365,1531211981360,2410750,0.00000993,469.00000000,0
1531211981477,1531211981473,2410751,0.00000993,851.00000000,0
1531211986609,1531211986604,2410752,0.00000993,166.00000000,0
1531211986726,1531211986722,2410753,0.00000993,119.00000000,0
1531211988386,1531211988382,2410754,0.00000991,791.00000000,1
1531211988386,1531211988382,2410755,0.00000990,3138.00000000,1
1531211988386,1531211988382,2410756,0.00000989,5080.00000000,1
1531211995746,1531211995742,2410757,0.00000989,530.00000000,1
1531212007949,1531212007943,2410758,0.00000990,243.00000000,0
1531212008045,1531212008042,2410759,0.00000990,557.00000000,0
1531212020631,1531212020627,2410760,0.00000989,968.00000000,1
1531212021645,1531212021640,2410761,0.00000991,753.00000000,0
1531212021738,1531212021734,2410762,0.00000991,378.00000000,0
1531212028883,1531212028883,2410763,0.00000990,136.00000000,1
1531212034666,1531212034661,2410764,0.00000990,61.00000000,0
1531212034775,1531212034770,2410765,0.00000990,145.00000000,0
1531212039670,1531212039665,2410766,0.00000990,312.00000000,0
1531212039772,1531212039766,2410767,0.00000990,1588.00000000,0
1531212048310,1531212048306,2410768,0.00000989,1400.00000000,1
1531212049646,1531212049642,2410769,0.00000989,7.00000000,1
1531212050781,1531212050778,2410770,0.00000989,14472.00000000,1
1531212051554,1531212051550,2410771,0.00000992,320.00000000,0
1531212052770,1531212052765,2410772,0.00000992,484.00000000,0
1531212052770,1531212052765,2410773,0.00000994,148.00000000,0
1531212052770,1531212052765,2410774,0.00000995,3087.00000000,0
1531212052806,1531212052801,2410775,0.00000995,500.00000000,1
1531212056615,1531212056610,2410776,0.00000993,83.00000000,0
1531212061705,1531212061701,2410777,0.00000992,477.00000000,0
1531212061819,1531212061815,2410778,0.00000992,323.00000000,0
1531212064862,1531212064861,2410779,0.00000990,157.00000000,1
1531212072633,1531212072630,2410780,0.00000993,210.00000000,0
1531212104170,1531212104164,2410781,0.00000990,1641.00000000,0
1531212110575,1531212110571,2410782,0.00000990,1006.00000000,0
1531212113415,1531212113411,2410783,0.00000992,804.00000000,1
1531212113444,1531212113439,2410784,0.00000991,319.00000000,1
1531212113444,1531212113439,2410785,0.00000990,485.00000000,1
1531212135980,1531212135976,2410786,0.00000991,3913.00000000,1
1531212140288,1531212140284,2410787,0.00000990,390.00000000,1
1531212140306,1531212140302,2410788,0.00000990,779.00000000,1
1531212174938,1531212174935,2410789,0.00000991,159.00000000,0
1531212181072,1531212181067,2410790,0.00000990,1536.00000000,1
1531212185175,1531212185170,2410791,0.00000988,319.00000000,1
1531212201935,1531212201931,2410792,0.00000990,806.00000000,0
1531212201935,1531212201931,2410793,0.00000993,500.00000000,0
1531212212078,1531212212071,2410794,0.00000990,335.00000000,1
1531212239990,1531212239986,2410795,0.00000991,175.00000000,1
1531212278993,1531212278988,2410796,0.00000990,75.00000000,1
1531212301518,1531212301512,2410797,0.00000992,3913.00000000,0
1531212301518,1531212301512,2410798,0.00000993,1303.00000000,0
1531212301518,1531212301512,2410799,0.00000994,6375.00000000,0
1531212301518,1531212301512,2410800,0.00000996,2253.00000000,0
1531212301518,1531212301512,2410801,0.00000997,1637.00000000,0
1531212301518,1531212301512,2410802,0.00000998,7722.00000000,0
1531212301721,1531212301716,2410803,0.00000991,612.00000000,1
1531212302113,1531212302106,2410804,0.00000992,399.00000000,1
1531212302147,1531212302142,2410805,0.00000991,612.00000000,1
1531212314795,1531212314790,2410806,0.00000991,4269.00000000,1
1531212345081,1531212345077,2410807,0.00000990,396.00000000,1
1531212347381,1531212347373,2410808,0.00000988,530.00000000,1
1531212386707,1531212386702,2410809,0.00000989,570.00000000,1
1531212422477,1531212422472,2410810,0.00000989,86.00000000,1
1531212426850,1531212426844,2410811,0.00000989,3269.00000000,1
1531212426882,1531212426878,2410812,0.00000988,554.00000000,1
1531212443458,1531212443454,2410813,0.00000988,235.00000000,1
1531212443498,1531212443494,2410814,0.00000988,102.00000000,0
1531212462674,1531212462669,2410815,0.00000989,136.00000000,0
1531212467171,1531212467167,2410816,0.00000990,435.00000000,0
1531212467813,1531212467809,2410817,0.00000990,304.00000000,1
1531212540517,1531212540513,2410818,0.00000990,567.00000000,1
1531212548820,1531212548816,2410819,0.00000990,833.00000000,1
1531212569094,1531212569088,2410820,0.00000989,148.00000000,1
1531212609155,1531212609148,2410821,0.00000988,163.00000000,0
1531212681595,1531212681592,2410822,0.00000988,691.00000000,0
1531212720288,1531212720284,2410823,0.00000987,1764.00000000,1
1531212722002,1531212721997,2410824,0.00000987,130.00000000,0
1531212722573,1531212722568,2410825,0.00000987,715.00000000,0
1531212722670,1531212722665,2410826,0.00000987,3448.00000000,0
1531212732977,1531212732973,2410827,0.00000987,1038.00000000,1
1531212732977,1531212732973,2410828,0.00000986,4077.00000000,1
1531212748620,1531212748615,2410829,0.00000987,500.00000000,1
1531212749606,1531212749601,2410830,0.00000986,414.00000000,1
1531212767713,1531212767708,2410831,0.00000987,5200.00000000,0
1531212788473,1531212788468,2410832,0.00000987,4716.00000000,0
1531212799506,1531212799502,2410833,0.00000989,530.00000000,0
1531212803390,1531212803386,2410834,0.00000987,501.00000000,0
1531212803817,1531212803813,2410835,0.00000987,7149.00000000,0
1531212806918,1531212806913,2410836,0.00000989,2474.00000000,0
1531212806918,1531212806913,2410837,0.00000991,1259.00000000,0
1531212806918,1531212806913,2410838,0.00000996,399.00000000,0
1531212806918,1531212806913,2410839,0.00000997,450.00000000,0
1531212807025,1531212807020,2410840,0.00000989,423.00000000,0
1531212807025,1531212807020,2410841,0.00000997,814.00000000,0
1531212807025,1531212807020,2410842,0.00000998,1831.00000000,0
1531212809066,1531212809061,2410843,0.00000991,1018.00000000,0
1531212814113,1531212814109,2410844,0.00000995,5940.00000000,0
1531212815729,1531212815724,2410845,0.00000994,203.00000000,0
1531212816239,1531212816233,2410846,0.00000994,327.00000000,0
1531212825250,1531212825246,2410847,0.00000990,21.00000000,1
1531212827375,1531212827371,2410848,0.00000990,785.00000000,1
1531212830079,1531212830074,2410849,0.00000989,400.00000000,1
1531212830912,1531212830907,2410850,0.00000989,1732.00000000,0
1531212832343,1531212832338,2410851,0.00000990,806.00000000,0
1531212832343,1531212832338,2410852,0.00000992,1922.00000000,0
1531212832440,1531212832436,2410853,0.00000992,6119.00000000,0
1531212833368,1531212833363,2410854,0.00000992,530.00000000,0
1531212835827,1531212835823,2410855,0.00000992,776.00000000,0
1531212836856,1531212836851,2410856,0.00000993,500.00000000,0
1531212840239,1531212840236,2410857,0.00000990,35859.00000000,1
1531212842260,1531212842254,2410858,0.00000993,4093.00000000,0
1531212842260,1531212842254,2410859,0.00000994,5735.00000000,0
1531212842260,1531212842254,2410860,0.00000995,1367.00000000,0
1531212842260,1531212842254,2410861,0.00000996,130.00000000,0
1531212844145,1531212844140,2410862,0.00000995,500.00000000,0
1531212844145,1531212844140,2410863,0.00000997,5196.00000000,0
1531212844145,1531212844140,2410864,0.00000998,7453.00000000,0
1531212848541,1531212848539,2410865,0.00000993,445.00000000,0
1531212848785,1531212848781,2410866,0.00000993,345.00000000,0
1531212857881,1531212857878,2410867,0.00000992,523.00000000,0
1531212859008,1531212859004,2410868,0.00000992,1577.00000000,0
1531212864699,1531212864696,2410869,0.00000992,955.00000000,0
1531212865773,1531212865767,2410870,0.00000992,576.00000000,0
1531212865773,1531212865767,2410871,0.00000994,741.00000000,0
1531212865871,1531212865866,2410872,0.00000994,214.00000000,0
1531212870960,1531212870955,2410873,0.00000990,1241.00000000,1
1531212870983,1531212870979,2410874,0.00000990,29.00000000,1
1531212870983,1531212870979,2410875,0.00000989,118.00000000,1
1531212875387,1531212875383,2410876,0.00000990,6347.00000000,0
1531212875484,1531212875480,2410877,0.00000990,2854.00000000,0
1531212886974,1531212886970,2410878,0.00000993,442.00000000,0
1531212896784,1531212896781,2410879,0.00000990,131.00000000,0
1531212901991,1531212901987,2410880,0.00000990,5370.00000000,0
1531212903871,1531212903867,2410881,0.00000993,803.00000000,0
1531212903871,1531212903867,2410882,0.00000994,500.00000000,0
1531212903871,1531212903867,2410883,0.00000996,2393.00000000,0
1531212903871,1531212903867,2410884,0.00000997,130.00000000,0
1531212903871,1531212903867,2410885,0.00000998,689.00000000,0
1531212903972,1531212903967,2410886,0.00000994,463.00000000,0
1531212903972,1531212903967,2410887,0.00000998,392.00000000,0
1531212904576,1531212904571,2410888,0.00000991,338.00000000,1
1531212905005,1531212905001,2410889,0.00000994,394.00000000,0
1531212906783,1531212906780,2410890,0.00000992,106.00000000,0
1531212912232,1531212912228,2410891,0.00000992,232.00000000,0
1531212913972,1531212913968,2410892,0.00000994,1805.00000000,0
1531212916803,1531212916798,2410893,0.00000994,348.00000000,0
1531212934379,1531212934374,2410894,0.00000994,1195.00000000,0
1531212936433,1531212936428,2410895,0.00000991,805.00000000,1
1531212950957,1531212950953,2410896,0.00000990,284.00000000,1
1531212955339,1531212955334,2410897,0.00000991,130.00000000,1
1531212955339,1531212955334,2410898,0.00000990,116.00000000,1
1531212965661,1531212965656,2410899,0.00000991,74.00000000,0
1531212965760,1531212965757,2410900,0.00000991,45.00000000,0
1531212968530,1531212968525,2410901,0.00000992,804.00000000,0
1531212976272,1531212976268,2410902,0.00000994,3851.00000000,0
1531212977361,1531212977357,2410903,0.00000991,4.00000000,1
1531212978527,1531212978524,2410904,0.00000994,2497.00000000,0
1531212978573,1531212978567,2410905,0.00000994,752.00000000,1
1531212982989,1531212982984,2410906,0.00000991,801.00000000,1
1531212986201,1531212986195,2410907,0.00000991,543.00000000,1
1531212986557,1531212986553,2410908,0.00000992,2359.00000000,0
1531212986810,1531212986807,2410909,0.00000992,1841.00000000,0
1531212990787,1531212990785,2410910,0.00000990,232.00000000,1
1531212993641,1531212993636,2410911,0.00000991,4189.00000000,0
1531212993754,1531212993750,2410912,0.00000991,1395.00000000,0
1531212998536,1531212998532,2410913,0.00000992,2305.00000000,0
1531212998643,1531212998639,2410914,0.00000992,1462.00000000,0
1531212999477,1531212999473,2410915,0.00000993,500.00000000,0
1531213006669,1531213006665,2410916,0.00000991,144.00000000,1
1531213006738,1531213006734,2410917,0.00000994,1459.00000000,0
1531213013442,1531213013437,2410918,0.00000991,1499.00000000,1
1531213014615,1531213014610,2410919,0.00000991,300.00000000,1
1531213029377,1531213029371,2410920,0.00000993,554.00000000,0
1531213029472,1531213029469,2410921,0.00000993,22.00000000,0
1531213041489,1531213041484,2410922,0.00000993,1487.00000000,0
1531213047375,1531213047370,2410923,0.00000993,312.00000000,0
1531213049979,1531213049974,2410924,0.00000991,530.00000000,1
1531213054895,1531213054890,2410925,0.00000992,1179.00000000,1
1531213056175,1531213056170,2410926,0.00000992,530.00000000,1
1531213063717,1531213063712,2410927,0.00000993,1709.00000000,0
1531213065528,1531213065524,2410928,0.00000992,899.00000000,1
1531213066640,1531213066635,2410929,0.00000994,803.00000000,0
1531213069782,1531213069776,2410930,0.00000993,3009.00000000,1
1531213077300,1531213077297,2410931,0.00000993,1759.00000000,0
1531213077410,1531213077406,2410932,0.00000993,661.00000000,0
1531213083662,1531213083657,2410933,0.00000992,804.00000000,1
1531213083696,1531213083692,2410934,0.00000991,804.00000000,1
1531213086806,1531213086802,2410935,0.00000993,732.00000000,0
1531213086911,1531213086907,2410936,0.00000993,68.00000000,0
1531213095338,1531213095334,2410937,0.00000994,3908.00000000,0
1531213096310,1531213096305,2410938,0.00000992,254.00000000,1
1531213096310,1531213096305,2410939,0.00000991,525.00000000,1
1531213096334,1531213096330,2410940,0.00000991,254.00000000,1
1531213096387,1531213096383,2410941,0.00000992,1887.00000000,1
1531213102399,1531213102393,2410942,0.00000993,3027.00000000,0
1531213102655,1531213102650,2410943,0.00000993,573.00000000,0
1531213108969,1531213108965,2410944,0.00000993,129.00000000,1
1531213108994,1531213108989,2410945,0.00000991,129.00000000,1
1531213112165,1531213112160,2410946,0.00000992,254.00000000,0
1531213112165,1531213112160,2410947,0.00000993,1951.00000000,0
1531213112408,1531213112403,2410948,0.00000993,528.00000000,0
1531213115976,1531213115971,2410949,0.00000991,5837.00000000,1
1531213121111,1531213121107,2410950,0.00000992,1869.00000000,0
1531213121357,1531213121352,2410951,0.00000992,4827.00000000,0
1531213123661,1531213123657,2410952,0.00000991,131.00000000,1
1531213124181,1531213124176,2410953,0.00000991,1900.00000000,1
1531213142377,1531213142371,2410954,0.00000990,29.00000000,1
1531213143173,1531213143169,2410955,0.00000993,254.00000000,0
1531213154250,1531213154247,2410956,0.00000992,171.00000000,0
1531213154354,1531213154350,2410957,0.00000992,21.00000000,0
1531213160172,1531213160169,2410958,0.00000991,130.00000000,1
1531213160199,1531213160194,2410959,0.00000991,178.00000000,1
1531213164194,1531213164189,2410960,0.00000992,109.00000000,0
1531213164833,1531213164826,2410961,0.00000991,338.00000000,1
1531213165383,1531213165378,2410962,0.00000991,140.00000000,1
1531213168537,1531213168533,2410963,0.00000991,19.00000000,1
1531213168537,1531213168533,2410964,0.00000990,174.00000000,1
1531213172726,1531213172721,2410965,0.00000993,2248.00000000,0
1531213172837,1531213172834,2410966,0.00000993,716.00000000,0
1531213177249,1531213177245,2410967,0.00000990,1675.00000000,1
1531213186057,1531213186053,2410968,0.00000990,193.00000000,1
1531213204191,1531213204189,2410969,0.00000990,479.00000000,1
1531213204834,1531213204831,2410970,0.00000990,462.00000000,0
1531213205514,1531213205511,2410971,0.00000992,462.00000000,0
1531213207889,1531213207884,2410972,0.00000991,1330.00000000,1
1531213212336,1531213212332,2410973,0.00000992,3456.00000000,0
1531213215170,1531213215165,2410974,0.00000991,730.00000000,1
1531213215279,1531213215276,2410975,0.00000991,1643.00000000,1
1531213216029,1531213216023,2410976,0.00000991,1.00000000,1
1531213225162,1531213225158,2410977,0.00000991,5.00000000,0
1531213228171,1531213228167,2410978,0.00000991,2085.00000000,0
1531213232581,1531213232575,2410979,0.00000990,500.00000000,1
1531213235209,1531213235205,2410980,0.00000989,500.00000000,1
1531213236327,1531213236323,2410981,0.00000990,126.00000000,0
1531213243417,1531213243413,2410982,0.00000989,307.00000000,1
1531213247890,1531213247886,2410983,0.00000989,680.00000000,0
1531213251622,1531213251617,2410984,0.00000990,600.00000000,0
1531213251719,1531213251715,2410985,0.00000990,80.00000000,0
1531213269568,1531213269565,2410986,0.00000988,901.00000000,1
1531213277216,1531213277212,2410987,0.00000990,126.00000000,0
1531213283389,1531213283385,2410988,0.00000989,147.00000000,0
1531213290264,1531213290260,2410989,0.00000989,370.00000000,0
1531213290297,1531213290291,2410990,0.00000989,2730.00000000,0
1531213290297,1531213290291,2410991,0.00000990,191.00000000,0
1531213290405,1531213290401,2410992,0.00000990,179.00000000,0
1531213296110,1531213296105,2410993,0.00000989,600.00000000,0
1531213297496,1531213297493,2410994,0.00000990,436.00000000,0
1531213297496,1531213297493,2410995,0.00000993,79.00000000,0
1531213297594,1531213297590,2410996,0.00000993,85.00000000,0
1531213301381,1531213301375,2410997,0.00000989,785.00000000,1
1531213305863,1531213305858,2410998,0.00000990,239.00000000,0
1531213307277,1531213307273,2410999,0.00000990,662.00000000,0
1531213311422,1531213311418,2411000,0.00000989,22.00000000,1
1531213337450,1531213337444,2411001,0.00000989,1190.00000000,1
1531213345166,1531213345163,2411002,0.00000990,102.00000000,0
1531213362354,1531213362349,2411003,0.00000990,2729.00000000,0
1531213366592,1531213366586,2411004,0.00000992,530.00000000,1
1531213366709,1531213366703,2411005,0.00000992,2203.00000000,1
1531213369071,1531213369067,2411006,0.00000991,700.00000000,1
1531213373888,1531213373884,2411007,0.00000993,551.00000000,0
1531213375242,1531213375238,2411008,0.00000991,525.00000000,1
1531213384430,1531213384427,2411009,0.00000990,1280.00000000,1
1531213390177,1531213390173,2411010,0.00000990,519.00000000,1
1531213395985,1531213395981,2411011,0.00000991,179.00000000,0
1531213396155,1531213396152,2411012,0.00000990,347.00000000,1
1531213408785,1531213408779,2411013,0.00000992,300.00000000,0
1531213409790,1531213409784,2411014,0.00000990,35931.00000000,1
1531213412322,1531213412319,2411015,0.00000989,260.00000000,1
1531213412979,1531213412972,2411016,0.00000992,3623.00000000,0
1531213412979,1531213412972,2411017,0.00000993,3796.00000000,0
1531213412979,1531213412972,2411018,0.00000994,102.00000000,0
1531213412979,1531213412972,2411019,0.00000995,532.00000000,0
1531213412979,1531213412972,2411020,0.00000997,149.00000000,0
1531213412979,1531213412972,2411021,0.00000998,4345.00000000,0
1531213412979,1531213412972,2411022,0.00000999,5008.00000000,0
1531213412979,1531213412972,2411023,0.00001000,2291.00000000,0
1531213414209,1531213414203,2411024,0.00000991,893.00000000,1
1531213414845,1531213414841,2411025,0.00000991,260.00000000,1
1531213423275,1531213423272,2411026,0.00000991,793.00000000,1
1531213425607,1531213425602,2411027,0.00000992,634.00000000,0
1531213426269,1531213426264,2411028,0.00000993,102.00000000,1
1531213427213,1531213427209,2411029,0.00000994,500.00000000,0
1531213427461,1531213427457,2411030,0.00000992,922.00000000,1
1531213428441,1531213428437,2411031,0.00000997,922.00000000,0
1531213428441,1531213428437,2411032,0.00000998,1654.00000000,0
1531213431324,1531213431318,2411033,0.00000995,2512.00000000,0
1531213431324,1531213431318,2411034,0.00000997,1946.00000000,0
1531213431324,1531213431318,2411035,0.00000998,4081.00000000,0
1531213431324,1531213431318,2411036,0.00000999,130.00000000,0
1531213431324,1531213431318,2411037,0.00001000,624.00000000,0
1531213431324,1531213431318,2411038,0.00001001,2017.00000000,0
1531213431403,1531213431399,2411039,0.00000993,696.00000000,1
1531213431413,1531213431409,2411040,0.00000993,696.00000000,1
1531213431608,1531213431603,2411041,0.00000993,1.00000000,1
1531213431608,1531213431603,2411042,0.00000992,1016.00000000,1
1531213432377,1531213432372,2411043,0.00000991,697.00000000,1
1531213432394,1531213432390,2411044,0.00000991,696.00000000,1
1531213433722,1531213433717,2411045,0.00000992,130.00000000,0
1531213440623,1531213440619,2411046,0.00000992,246.00000000,0
1531213443318,1531213443315,2411047,0.00000991,779.00000000,1
1531213443473,1531213443469,2411048,0.00000991,150.00000000,1
1531213446003,1531213445998,2411049,0.00000991,530.00000000,1
1531213447263,1531213447229,2411050,0.00000993,400.00000000,0
1531213450750,1531213450747,2411051,0.00000991,386.00000000,1
1531213457011,1531213457005,2411052,0.00000991,1130.00000000,1
1531213460607,1531213460603,2411053,0.00000992,121.00000000,0
1531213462238,1531213462235,2411054,0.00000991,144.00000000,1
1531213462499,1531213462495,2411055,0.00000991,386.00000000,1
1531213469342,1531213469338,2411056,0.00000991,144.00000000,1
1531213470119,1531213470114,2411057,0.00000993,403.00000000,0
1531213480535,1531213480531,2411058,0.00000991,662.00000000,1
1531213482505,1531213482501,2411059,0.00000993,1900.00000000,0
1531213486168,1531213486164,2411060,0.00000991,106.00000000,1
1531213497861,1531213497857,2411061,0.00000991,2136.00000000,0
1531213497956,1531213497951,2411062,0.00000991,1364.00000000,0
1531213504388,1531213504383,2411063,0.00000990,796.00000000,1
1531213516872,1531213516867,2411064,0.00000993,698.00000000,0
1531213517119,1531213517113,2411065,0.00000993,1532.00000000,0
1531213520492,1531213520486,2411066,0.00000990,1100.00000000,1
1531213528594,1531213528588,2411067,0.00000990,900.00000000,1
1531213529494,1531213529490,2411068,0.00000991,1263.00000000,0
1531213529593,1531213529589,2411069,0.00000991,3337.00000000,0
1531213541417,1531213541413,2411070,0.00000991,1762.00000000,0
1531213541529,1531213541526,2411071,0.00000991,1638.00000000,0
1531213565747,1531213565743,2411072,0.00000991,181.00000000,0
1531213566468,1531213566464,2411073,0.00000991,1348.00000000,0
1531213566718,1531213566713,2411074,0.00000991,472.00000000,0
1531213566718,1531213566713,2411075,0.00000993,181.00000000,0
1531213567242,1531213567237,2411076,0.00000990,1200.00000000,1
1531213571045,1531213571027,2411077,0.00000993,2295.00000000,0
1531213575305,1531213575300,2411078,0.00000990,530.00000000,1
1531213578573,1531213578567,2411079,0.00000990,1340.00000000,1
1531213580556,1531213580552,2411080,0.00000992,1393.00000000,0
1531213580671,1531213580667,2411081,0.00000992,3007.00000000,0
1531213592574,1531213592570,2411082,0.00000991,164.00000000,0
1531213592682,1531213592678,2411083,0.00000991,1575.00000000,0
1531213612284,1531213612279,2411084,0.00000991,139.00000000,0
1531213613141,1531213613136,2411085,0.00000990,308.00000000,1
1531213617914,1531213617910,2411086,0.00000991,2186.00000000,0
1531213618016,1531213618012,2411087,0.00000991,2603.00000000,0
1531213628519,1531213628515,2411088,0.00000991,760.00000000,0
1531213628625,1531213628619,2411089,0.00000991,564.00000000,0
1531213628625,1531213628619,2411090,0.00000992,476.00000000,0
1531213630007,1531213630002,2411091,0.00000990,381.00000000,1
1531213635381,1531213635376,2411092,0.00000990,747.00000000,1
1531213639450,1531213639446,2411093,0.00000990,65.00000000,1
1531213644373,1531213644369,2411094,0.00000990,2580.00000000,1
1531213648127,1531213648122,2411095,0.00000989,556.00000000,1
1531213649357,1531213649353,2411096,0.00000989,947.00000000,1
1531213654213,1531213654208,2411097,0.00000988,29.00000000,1
1531213654473,1531213654469,2411098,0.00000989,2987.00000000,0
1531213654717,1531213654713,2411099,0.00000989,653.00000000,0
1531213658553,1531213658548,2411100,0.00000989,530.00000000,0
1531213659552,1531213659548,2411101,0.00000989,139.00000000,0
1531213663183,1531213663178,2411102,0.00000989,2500.00000000,0
1531213663994,1531213663991,2411103,0.00000989,223.00000000,0
1531213664692,1531213664688,2411104,0.00000988,470.00000000,1
1531213670544,1531213670540,2411105,0.00000990,806.00000000,0
1531213670928,1531213670923,2411106,0.00000991,208.00000000,0
1531213672182,1531213672177,2411107,0.00000991,183.00000000,0
1531213676221,1531213676217,2411108,0.00000989,2400.00000000,0
1531213678227,1531213678222,2411109,0.00000991,1416.00000000,0
1531213678227,1531213678222,2411110,0.00000992,721.00000000,0
1531213678475,1531213678470,2411111,0.00000992,263.00000000,0
1531213687631,1531213687627,2411112,0.00000991,972.00000000,0
1531213687737,1531213687731,2411113,0.00000991,1470.00000000,0
1531213731020,1531213731016,2411114,0.00000989,1447.00000000,0
1531213731403,1531213731398,2411115,0.00000991,479.00000000,0
1531213731403,1531213731398,2411116,0.00000992,340.00000000,0
1531213731403,1531213731398,2411117,0.00000993,521.00000000,0
1531213731512,1531213731506,2411118,0.00000993,107.00000000,0
1531213745920,1531213745915,2411119,0.00000992,769.00000000,0
1531213746176,1531213746171,2411120,0.00000992,2349.00000000,0
1531213752672,1531213752667,2411121,0.00000992,765.00000000,0
1531213752772,1531213752767,2411122,0.00000992,522.00000000,0
1531213765998,1531213765995,2411123,0.00000989,113.00000000,1
1531213769418,1531213769415,2411124,0.00000989,774.00000000,1
1531213773481,1531213773477,2411125,0.00000989,2430.00000000,0
1531213774068,1531213774062,2411126,0.00000992,887.00000000,0
1531213774068,1531213774062,2411127,0.00000993,200.00000000,0
1531213774159,1531213774155,2411128,0.00000993,675.00000000,0
1531213774159,1531213774155,2411129,0.00000994,668.00000000,0
1531213778969,1531213778964,2411130,0.00000992,369.00000000,0
1531213779078,1531213779074,2411131,0.00000992,1275.00000000,0
1531213786034,1531213786030,2411132,0.00000992,754.00000000,0
1531213786134,1531213786130,2411133,0.00000992,2246.00000000,0
1531213786139,1531213786134,2411134,0.00000990,450.00000000,1
1531213795009,1531213795005,2411135,0.00000990,162.00000000,1
1531213795010,1531213795007,2411136,0.00000990,194.00000000,1
1531213795010,1531213795007,2411137,0.00000989,260.00000000,1
1531213797169,1531213797162,2411138,0.00000992,201.00000000,0
1531213797607,1531213797603,2411139,0.00000992,600.00000000,0
1531213797714,1531213797709,2411140,0.00000992,434.00000000,0
1531213797714,1531213797709,2411141,0.00000993,201.00000000,0
1531213799399,1531213799395,2411142,0.00000993,329.00000000,0
1531213830472,1531213830467,2411143,0.00000991,1037.00000000,0
1531213830574,1531213830570,2411144,0.00000991,463.00000000,0
1531213831997,1531213831994,2411145,0.00000989,884.00000000,1
1531213840031,1531213840027,2411146,0.00000990,765.00000000,0
1531213840126,1531213840122,2411147,0.00000990,210.00000000,0
1531213840134,1531213840129,2411148,0.00000991,210.00000000,0
1531213843439,1531213843433,2411149,0.00000991,146.00000000,0
1531213846705,1531213846700,2411150,0.00000990,163.00000000,1
1531213867657,1531213867653,2411151,0.00000991,571.00000000,1
1531213956889,1531213956885,2411152,0.00000991,101.00000000,1
1531213996191,1531213996187,2411153,0.00000991,500.00000000,1
1531214032134,1531214032130,2411154,0.00000991,500.00000000,0
1531214042321,1531214042316,2411155,0.00000991,440.00000000,0
1531214063804,1531214063800,2411156,0.00000990,1329.00000000,1
1531214063856,1531214063851,2411157,0.00000990,779.00000000,0
1531214069773,1531214069769,2411158,0.00000990,1.00000000,0
1531214083248,1531214083244,2411159,0.00000989,500.00000000,1
1531214088780,1531214088776,2411160,0.00000990,260.00000000,0
1531214119991,1531214119986,2411161,0.00000990,2.00000000,0
1531214120171,1531214120168,2411162,0.00000989,500.00000000,1
1531214135929,1531214135925,2411163,0.00000988,3136.00000000,1
1531214142709,1531214142705,2411164,0.00000989,541.00000000,0
1531214156149,1531214156145,2411165,0.00000989,168.00000000,0
1531214160742,1531214160738,2411166,0.00000990,997.00000000,0
1531214185250,1531214185245,2411167,0.00000990,992.00000000,0
1531214185349,1531214185344,2411168,0.00000990,978.00000000,0
1531214192561,1531214192558,2411169,0.00000988,4178.00000000,1
1531214193298,1531214193292,2411170,0.00000988,65.00000000,0
1531214207115,1531214207111,2411171,0.00000988,435.00000000,1
1531214207115,1531214207111,2411172,0.00000987,1114.00000000,1
1531214207115,1531214207111,2411173,0.00000986,3496.00000000,1
1531214207115,1531214207111,2411174,0.00000985,1568.00000000,1
1531214214789,1531214214785,2411175,0.00000989,807.00000000,0
1531214224397,1531214224393,2411176,0.00000991,450.00000000,0
1531214224495,1531214224491,2411177,0.00000991,1374.00000000,0
1531214232517,1531214232513,2411178,0.00000989,807.00000000,1
1531214253319,1531214253316,2411179,0.00000990,127.00000000,0
1531214256169,1531214256164,2411180,0.00000990,1272.00000000,0
1531214258775,1531214258771,2411181,0.00000992,628.00000000,0
1531214269189,1531214269186,2411182,0.00000990,1260.00000000,0
1531214269288,1531214269283,2411183,0.00000990,570.00000000,0
1531214282257,1531214282253,2411184,0.00000991,700.00000000,0
1531214292365,1531214292359,2411185,0.00000991,700.00000000,1
1531214311446,1531214311443,2411186,0.00000991,779.00000000,1
1531214311447,1531214311445,2411187,0.00000991,537.00000000,1
1531214311447,1531214311445,2411188,0.00000990,1479.00000000,1
1531214325406,1531214325401,2411189,0.00000990,575.00000000,1
1531214325810,1531214325805,2411190,0.00000991,812.00000000,0
1531214328938,1531214328933,2411191,0.00000992,176.00000000,0
1531214338487,1531214338483,2411192,0.00000991,462.00000000,0
1531214338580,1531214338576,2411193,0.00000991,1538.00000000,0
1531214341767,1531214341763,2411194,0.00000992,1465.00000000,0
1531214341864,1531214341861,2411195,0.00000992,435.00000000,0
1531214350253,1531214350250,2411196,0.00000993,353.00000000,0
1531214356645,1531214356640,2411197,0.00000993,213.00000000,0
1531214357282,1531214357277,2411198,0.00000993,261.00000000,1
1531214363994,1531214363990,2411199,0.00000993,177.00000000,0
1531214373681,1531214373676,2411200,0.00000991,691.00000000,0
1531214373783,1531214373779,2411201,0.00000991,1379.00000000,0
1531214399047,1531214399043,2411202,0.00000991,532.00000000,0
1531214399152,1531214399147,2411203,0.00000991,548.00000000,0
1531214400732,1531214400726,2411204,0.00000993,84.00000000,0
1531214407497,1531214407491,2411205,0.00000994,1630.00000000,0
1531214421714,1531214421710,2411206,0.00000992,195.00000000,0
1531214421810,1531214421805,2411207,0.00000992,256.00000000,0
1531214426594,1531214426591,2411208,0.00000993,1311.00000000,0
1531214426697,1531214426693,2411209,0.00000993,1916.00000000,0
1531214438183,1531214438179,2411210,0.00000994,102.00000000,0
1531214449312,1531214449307,2411211,0.00000993,151.00000000,0
1531214456925,1531214456921,2411212,0.00000994,2837.00000000,0
1531214458050,1531214458046,2411213,0.00000993,1164.00000000,1
1531214463421,1531214463417,2411214,0.00000993,530.00000000,0
1531214473135,1531214473131,2411215,0.00000993,213.00000000,0
1531214476100,1531214476095,2411216,0.00000992,1304.00000000,1
1531214476100,1531214476095,2411217,0.00000990,14545.00000000,1
1531214476116,1531214476112,2411218,0.00000990,2610.00000000,0
1531214476117,1531214476114,2411219,0.00000990,2404.00000000,0
1531214476138,1531214476135,2411220,0.00000990,2410.00000000,0
1531214480189,1531214480185,2411221,0.00000990,5116.00000000,0
1531214487139,1531214487135,2411222,0.00000991,805.00000000,0
1531214487254,1531214487249,2411223,0.00000990,500.00000000,1
1531214487254,1531214487249,2411224,0.00000989,20.00000000,1
1531214493902,1531214493897,2411225,0.00000990,806.00000000,1
1531214493903,1531214493899,2411226,0.00000989,779.00000000,1
1531214494214,1531214494209,2411227,0.00000989,446.00000000,1
1531214496620,1531214496615,2411228,0.00000991,5757.00000000,0
1531214496716,1531214496712,2411229,0.00000991,2409.00000000,0
1531214503472,1531214503468,2411230,0.00000993,530.00000000,0
1531214503728,1531214503723,2411231,0.00000989,6706.00000000,1
1531214503728,1531214503723,2411232,0.00000986,1675.00000000,1
1531214503750,1531214503747,2411233,0.00000986,4800.00000000,0
1531214503752,1531214503747,2411234,0.00000986,530.00000000,0
1531214503756,1531214503753,2411235,0.00000986,530.00000000,0
1531214503771,1531214503767,2411236,0.00000986,779.00000000,0
1531214504204,1531214504201,2411237,0.00000986,4189.00000000,0
1531214506004,1531214506000,2411238,0.00000987,530.00000000,1
1531214509011,1531214509007,2411239,0.00000993,1860.00000000,0
1531214511037,1531214511032,2411240,0.00000989,1196.00000000,0
1531214518602,1531214518598,2411241,0.00000988,530.00000000,0
1531214518602,1531214518598,2411242,0.00000989,4546.00000000,0
1531214518710,1531214518706,2411243,0.00000989,1211.00000000,0
1531214519966,1531214519961,2411244,0.00000989,530.00000000,0
1531214519966,1531214519961,2411245,0.00000990,806.00000000,0
1531214519966,1531214519961,2411246,0.00000993,2299.00000000,0
1531214520779,1531214520776,2411247,0.00000992,530.00000000,1
1531214521360,1531214521357,2411248,0.00000992,530.00000000,1
1531214522316,1531214522313,2411249,0.00000992,500.00000000,0
1531214522316,1531214522313,2411250,0.00000993,30.00000000,0
1531214522857,1531214522852,2411251,0.00000993,500.00000000,0
1531214529212,1531214529208,2411252,0.00000990,1767.00000000,0
1531214529320,1531214529315,2411253,0.00000990,233.00000000,0
1531214539476,1531214539471,2411254,0.00000989,807.00000000,1
1531214540197,1531214540193,2411255,0.00000990,1560.00000000,1
1531214543578,1531214543574,2411256,0.00000987,4450.00000000,1
1531214544419,1531214544416,2411257,0.00000992,18.00000000,0
1531214552000,1531214551996,2411258,0.00000989,6640.00000000,0
1531214552104,1531214552101,2411259,0.00000989,1100.00000000,0
1531214557696,1531214557690,2411260,0.00000987,3950.00000000,0
1531214557696,1531214557690,2411261,0.00000988,3246.00000000,0
1531214557954,1531214557951,2411262,0.00000988,304.00000000,0
1531214558506,1531214558502,2411263,0.00000986,809.00000000,1
1531214558506,1531214558502,2411264,0.00000985,17761.00000000,1
1531214559376,1531214559371,2411265,0.00000984,3049.00000000,1
1531214560166,1531214560162,2411266,0.00000985,229.00000000,0
1531214560450,1531214560445,2411267,0.00000984,500.00000000,1
1531214562269,1531214562265,2411268,0.00000984,500.00000000,1
1531214564086,1531214564084,2411269,0.00000983,812.00000000,1
1531214564548,1531214564542,2411270,0.00000985,1153.00000000,0
1531214567054,1531214567051,2411271,0.00000983,121.00000000,1
1531214569333,1531214569328,2411272,0.00000984,2373.00000000,0
1531214569444,1531214569440,2411273,0.00000984,527.00000000,0
1531214570194,1531214570190,2411274,0.00000985,434.00000000,0
1531214571278,1531214571274,2411275,0.00000984,116.00000000,1
1531214573028,1531214573022,2411276,0.00000980,500.00000000,1
1531214573028,1531214573022,2411277,0.00000980,2066.00000000,1
1531214577178,1531214577172,2411278,0.00000981,500.00000000,1
1531214578885,1531214578881,2411279,0.00000983,831.00000000,0
1531214578996,1531214578991,2411280,0.00000983,7342.00000000,0
1531214579886,1531214579881,2411281,0.00000984,646.00000000,0
1531214582568,1531214582564,2411282,0.00000984,165.00000000,0
1531214584926,1531214584921,2411283,0.00000985,3574.00000000,0
1531214589043,1531214589039,2411284,0.00000980,4170.00000000,1
1531214590125,1531214590121,2411285,0.00000985,237.00000000,0
1531214597818,1531214597815,2411286,0.00000985,741.00000000,0
1531214602873,1531214602869,2411287,0.00000984,1255.00000000,0
1531214604416,1531214604411,2411288,0.00000984,4035.00000000,0
1531214604416,1531214604411,2411289,0.00000985,204.00000000,0
1531214604519,1531214604515,2411290,0.00000985,1051.00000000,0
1531214607188,1531214607183,2411291,0.00000980,5076.00000000,0
1531214610859,1531214610855,2411292,0.00000982,500.00000000,0
1531214610859,1531214610855,2411293,0.00000985,2111.00000000,0
1531214610953,1531214610948,2411294,0.00000985,2465.00000000,0
1531214612561,1531214612556,2411295,0.00000984,500.00000000,0
1531214617169,1531214617165,2411296,0.00000984,80.00000000,0
1531214617244,1531214617241,2411297,0.00000980,1913.00000000,1
1531214626344,1531214626340,2411298,0.00000980,2887.00000000,1
1531214628384,1531214628381,2411299,0.00000980,1964.00000000,0
1531214628481,1531214628477,2411300,0.00000980,5136.00000000,0
1531214631582,1531214631565,2411301,0.00000980,5588.00000000,0
1531214632052,1531214632048,2411302,0.00000980,5373.00000000,0
1531214634864,1531214634860,2411303,0.00000981,691.00000000,0
1531214639535,1531214639531,2411304,0.00000979,310.00000000,1
1531214646488,1531214646485,2411305,0.00000979,148.00000000,1
1531214652496,1531214652492,2411306,0.00000980,261.00000000,1
1531214662475,1531214662469,2411307,0.00000980,1005.00000000,1
1531214662475,1531214662469,2411308,0.00000979,500.00000000,1
1531214662475,1531214662469,2411309,0.00000978,426.00000000,1
1531214666148,1531214666143,2411310,0.00000979,500.00000000,0
1531214666796,1531214666793,2411311,0.00000979,2703.00000000,0
1531214666796,1531214666793,2411312,0.00000981,21.00000000,0
1531214666904,1531214666900,2411313,0.00000981,101.00000000,0
1531214666904,1531214666900,2411314,0.00000983,378.00000000,0
1531214667719,1531214667714,2411315,0.00000978,2587.00000000,1
1531214671137,1531214671134,2411316,0.00000980,566.00000000,0
1531214671396,1531214671391,2411317,0.00000980,79.00000000,0
1531214672721,1531214672717,2411318,0.00000983,116.00000000,0
1531214678235,1531214678230,2411319,0.00000983,68.00000000,0
1531214678336,1531214678331,2411320,0.00000983,26.00000000,0
1531214678405,1531214678400,2411321,0.00000983,24.00000000,0
1531214678461,1531214678454,2411322,0.00000983,45.00000000,0
1531214678502,1531214678498,2411323,0.00000983,81.00000000,0
1531214684584,1531214684580,2411324,0.00000982,877.00000000,0
1531214684845,1531214684841,2411325,0.00000982,843.00000000,0
1531214687080,1531214687075,2411326,0.00000983,1.00000000,0
1531214702398,1531214702395,2411327,0.00000980,779.00000000,1
1531214702407,1531214702403,2411328,0.00000980,488.00000000,1
1531214702407,1531214702403,2411329,0.00000978,779.00000000,1
1531214705422,1531214705418,2411330,0.00000982,43.00000000,0
1531214706195,1531214706191,2411331,0.00000982,1414.00000000,0
1531214706292,1531214706287,2411332,0.00000982,3186.00000000,0
1531214709483,1531214709479,2411333,0.00000982,110.00000000,0
1531214709483,1531214709479,2411334,0.00000983,404.00000000,0
1531214716410,1531214716407,2411335,0.00000983,300.00000000,0
1531214722045,1531214722040,2411336,0.00000980,4950.00000000,0
1531214726946,1531214726943,2411337,0.00000982,1162.00000000,0
1531214726946,1531214726943,2411338,0.00000983,1164.00000000,0
1531214727046,1531214727043,2411339,0.00000983,2624.00000000,0
1531214741069,1531214741064,2411340,0.00000980,582.00000000,0
1531214742097,1531214742093,2411341,0.00000980,5038.00000000,0
1531214742339,1531214742336,2411342,0.00000983,1869.00000000,0
1531214742339,1531214742336,2411343,0.00000985,1034.00000000,0
1531214742441,1531214742437,2411344,0.00000985,2717.00000000,0
1531214745382,1531214745378,2411345,0.00000985,530.00000000,0
1531214747316,1531214747312,2411346,0.00000985,1700.00000000,0
1531214754123,1531214754118,2411347,0.00000985,1790.00000000,0
1531214769260,1531214769256,2411348,0.00000985,3360.00000000,0
1531214774454,1531214774449,2411349,0.00000983,530.00000000,1
1531214785265,1531214785260,2411350,0.00000982,529.00000000,0
1531214785972,1531214785968,2411351,0.00000981,500.00000000,1
1531214785972,1531214785968,2411352,0.00000979,29.00000000,1
1531214791268,1531214791264,2411353,0.00000982,2362.00000000,0
1531214791371,1531214791366,2411354,0.00000982,1628.00000000,0
1531214791371,1531214791366,2411355,0.00000985,529.00000000,0
1531214793298,1531214793293,2411356,0.00000980,3049.00000000,1
1531214802533,1531214802528,2411357,0.00000981,2486.00000000,0
1531214802639,1531214802635,2411358,0.00000981,2892.00000000,0
1531214820397,1531214820393,2411359,0.00000980,1408.00000000,1
1531214820397,1531214820393,2411360,0.00000978,623.00000000,1
1531214837572,1531214837568,2411361,0.00000982,73.00000000,0
1531214837673,1531214837667,2411362,0.00000982,236.00000000,0
1531214842718,1531214842714,2411363,0.00000982,3986.00000000,0
1531214842718,1531214842714,2411364,0.00000983,310.00000000,0
1531214842970,1531214842965,2411365,0.00000983,2.00000000,0
1531214846092,1531214846087,2411366,0.00000981,3893.00000000,0
1531214848796,1531214848791,2411367,0.00000983,2701.00000000,0
1531214848911,1531214848907,2411368,0.00000983,1192.00000000,0
1531214854386,1531214854382,2411369,0.00000983,93.00000000,0
1531214854386,1531214854382,2411370,0.00000984,175.00000000,0
1531214854647,1531214854643,2411371,0.00000984,131.00000000,0
1531214855076,1531214855072,2411372,0.00000981,842.00000000,0
1531214859528,1531214859523,2411373,0.00000984,358.00000000,0
1531214859641,1531214859637,2411374,0.00000984,142.00000000,0
1531214859641,1531214859637,2411375,0.00000985,342.00000000,0
1531214860569,1531214860565,2411376,0.00000985,130.00000000,0
1531214876200,1531214876197,2411377,0.00000983,1700.00000000,0
1531214876297,1531214876293,2411378,0.00000983,1500.00000000,0
1531214882087,1531214882083,2411379,0.00000981,840.00000000,0
1531214884546,1531214884542,2411380,0.00000985,530.00000000,0
1531214884589,1531214884585,2411381,0.00000985,695.00000000,0
1531214884688,1531214884684,2411382,0.00000985,145.00000000,0
1531214897835,1531214897831,2411383,0.00000983,624.00000000,0
1531214898088,1531214898082,2411384,0.00000983,1930.00000000,0
1531214947462,1531214947458,2411385,0.00000983,4522.00000000,0
1531214947573,1531214947570,2411386,0.00000983,134.00000000,0
1531214948659,1531214948654,2411387,0.00000981,510.00000000,1
1531214948659,1531214948654,2411388,0.00000980,444.00000000,1
1531214954273,1531214954270,2411389,0.00000984,138.00000000,0
1531214954384,1531214954379,2411390,0.00000984,115.00000000,0
1531214967087,1531214967082,2411391,0.00000981,2922.00000000,0
1531214968577,1531214968572,2411392,0.00000984,1169.00000000,0
1531214968838,1531214968834,2411393,0.00000984,1753.00000000,0
1531214977090,1531214977085,2411394,0.00000981,1227.00000000,0
1531214981301,1531214981294,2411395,0.00000984,795.00000000,0
1531214981549,1531214981545,2411396,0.00000984,393.00000000,0
1531214981549,1531214981545,2411397,0.00000985,39.00000000,0
1531214991072,1531214991068,2411398,0.00000984,237.00000000,0
1531214991174,1531214991170,2411399,0.00000984,2153.00000000,0
1531214994540,1531214994536,2411400,0.00000985,465.00000000,0
1531214998514,1531214998510,2411401,0.00000984,675.00000000,0
1531214998610,1531214998606,2411402,0.00000984,744.00000000,0
1531215007412,1531215007408,2411403,0.00000984,165.00000000,0
1531215007677,1531215007673,2411404,0.00000984,14.00000000,0
1531215014892,1531215014888,2411405,0.00000984,936.00000000,0
1531215015150,1531215015146,2411406,0.00000984,2624.00000000,0
1531215018666,1531215018662,2411407,0.00000983,2376.00000000,0
1531215018906,1531215018903,2411408,0.00000983,807.00000000,0
1531215023345,1531215023342,2411409,0.00000980,7812.00000000,1
1531215031249,1531215031246,2411410,0.00000980,570.00000000,1
1531215043223,1531215043219,2411411,0.00000981,1740.00000000,0
1531215043316,1531215043311,2411412,0.00000981,1092.00000000,0
1531215043334,1531215043329,2411413,0.00000984,353.00000000,0
1531215043334,1531215043329,2411414,0.00000985,739.00000000,0
1531215046466,1531215046461,2411415,0.00000985,5.00000000,0
1531215048098,1531215048094,2411416,0.00000981,1284.00000000,0
1531215050147,1531215050144,2411417,0.00000985,198.00000000,0
1531215050253,1531215050248,2411418,0.00000985,1086.00000000,0
1531215056823,1531215056819,2411419,0.00000983,247.00000000,0
1531215057074,1531215057071,2411420,0.00000983,283.00000000,0
1531215059750,1531215059745,2411421,0.00000983,179.00000000,0
1531215059858,1531215059853,2411422,0.00000983,258.00000000,0
1531215059858,1531215059853,2411423,0.00000985,530.00000000,0
1531215062264,1531215062259,2411424,0.00000981,669.00000000,0
1531215062272,1531215062267,2411425,0.00000981,668.00000000,0
1531215062287,1531215062284,2411426,0.00000981,668.00000000,0
1531215062334,1531215062313,2411427,0.00000981,249.00000000,0
1531215063097,1531215063093,2411428,0.00000981,1046.00000000,0
1531215065130,1531215065125,2411429,0.00000985,2040.00000000,0
1531215065236,1531215065232,2411430,0.00000985,1260.00000000,0
1531215081010,1531215081005,2411431,0.00000983,565.00000000,0
1531215081129,1531215081125,2411432,0.00000983,835.00000000,0
1531215081791,1531215081786,2411433,0.00000980,911.00000000,1
1531215081801,1531215081797,2411434,0.00000980,614.00000000,1
1531215081863,1531215081859,2411435,0.00000980,5000.00000000,1
1531215084549,1531215084544,2411436,0.00000980,1493.00000000,1
1531215086972,1531215086968,2411437,0.00000983,874.00000000,0
1531215087081,1531215087078,2411438,0.00000983,46.00000000,0
1531215103243,1531215103239,2411439,0.00000981,340.00000000,0
1531215107341,1531215107337,2411440,0.00000985,64.00000000,0
1531215107607,1531215107602,2411441,0.00000985,276.00000000,0
1531215111280,1531215111276,2411442,0.00000981,813.00000000,1
1531215111280,1531215111276,2411443,0.00000980,83.00000000,1
1531215112254,1531215112249,2411444,0.00000980,168.00000000,1
1531215118059,1531215118055,2411445,0.00000981,164.00000000,0
1531215118159,1531215118155,2411446,0.00000981,339.00000000,0
1531215124078,1531215124075,2411447,0.00000980,800.00000000,1
1531215131176,1531215131172,2411448,0.00000980,806.00000000,1
1531215139680,1531215139677,2411449,0.00000982,812.00000000,0
1531215144944,1531215144940,2411450,0.00000983,830.00000000,0
1531215145065,1531215145060,2411451,0.00000983,112.00000000,0
1531215159713,1531215159709,2411452,0.00000980,362.00000000,1
1531215160805,1531215160801,2411453,0.00000981,1435.00000000,0
1531215161060,1531215161057,2411454,0.00000981,165.00000000,0
1531215163750,1531215163746,2411455,0.00000983,53.00000000,0
1531215166330,1531215166325,2411456,0.00000983,610.00000000,0
1531215174194,1531215174190,2411457,0.00000982,464.00000000,0
1531215174317,1531215174313,2411458,0.00000982,157.00000000,0
1531215189944,1531215189940,2411459,0.00000981,1231.00000000,0
1531215190061,1531215190057,2411460,0.00000981,211.00000000,0
1531215206187,1531215206183,2411461,0.00000983,149.00000000,0
1531215206187,1531215206183,2411462,0.00000985,182.00000000,0
1531215296624,1531215296620,2411463,0.00000985,301.00000000,0
1531215304918,1531215304915,2411464,0.00000983,156.00000000,0
1531215305026,1531215305022,2411465,0.00000983,78.00000000,0
1531215311347,1531215311342,2411466,0.00000985,1200.00000000,0
1531215331760,1531215331755,2411467,0.00000982,37.00000000,0
1531215331868,1531215331864,2411468,0.00000982,733.00000000,0
1531215337159,1531215337155,2411469,0.00000981,863.00000000,1
1531215340304,1531215340301,2411470,0.00000981,1293.00000000,1
1531215342866,1531215342861,2411471,0.00000981,66.00000000,0
1531215342973,1531215342969,2411472,0.00000981,614.00000000,0
1531215357554,1531215357550,2411473,0.00000983,812.00000000,0
1531215377482,1531215377477,2411474,0.00000982,500.00000000,0
1531215389907,1531215389904,2411475,0.00000981,689.00000000,0
1531215390010,1531215390006,2411476,0.00000981,1333.00000000,0
1531215401167,1531215401162,2411477,0.00000980,297.00000000,1
1531215405488,1531215405485,2411478,0.00000982,1208.00000000,0
1531215405592,1531215405587,2411479,0.00000982,1092.00000000,0
1531215417613,1531215417609,2411480,0.00000985,130.00000000,0
1531215424104,1531215424101,2411481,0.00000981,2300.00000000,0
1531215425654,1531215425650,2411482,0.00000985,700.00000000,0
1531215425751,1531215425747,2411483,0.00000985,1600.00000000,0
1531215431212,1531215431208,2411484,0.00000982,1600.00000000,0
1531215434073,1531215434069,2411485,0.00000984,1253.00000000,0
1531215434175,1531215434171,2411486,0.00000984,347.00000000,0
1531215437224,1531215437219,2411487,0.00000981,400.00000000,1
1531215437480,1531215437477,2411488,0.00000981,130.00000000,1
1531215449614,1531215449610,2411489,0.00000984,13.00000000,0
1531215470708,1531215470703,2411490,0.00000980,121.00000000,1
1531215478661,1531215478657,2411491,0.00000984,487.00000000,0
1531215478732,1531215478726,2411492,0.00000984,529.00000000,1
1531215512711,1531215512707,2411493,0.00000982,198.00000000,0
1531215512711,1531215512707,2411494,0.00000983,639.00000000,0
1531215512711,1531215512707,2411495,0.00000984,104.00000000,0
1531215555823,1531215555820,2411496,0.00000983,35.00000000,0
1531215580281,1531215580278,2411497,0.00000983,3.00000000,0
1531215591782,1531215591778,2411498,0.00000981,1025.00000000,1
1531215596310,1531215596307,2411499,0.00000983,560.00000000,0
1531215635108,1531215635105,2411500,0.00000983,530.00000000,0
1531215678321,1531215678316,2411501,0.00000983,656.00000000,0
1531215694686,1531215694680,2411502,0.00000981,1699.00000000,1
1531215694686,1531215694680,2411503,0.00000980,9792.00000000,1
1531215694686,1531215694680,2411504,0.00000979,16663.00000000,1
1531215694686,1531215694680,2411505,0.00000978,12305.00000000,1
1531215698129,1531215698125,2411506,0.00000980,500.00000000,1
1531215699604,1531215699600,2411507,0.00000983,529.00000000,0
1531215705863,1531215705858,2411508,0.00000983,5647.00000000,0
1531215706794,1531215706790,2411509,0.00000978,38245.00000000,1
1531215708975,1531215708971,2411510,0.00000978,4208.00000000,1
1531215708975,1531215708971,2411511,0.00000977,1126.00000000,1
1531215708975,1531215708971,2411512,0.00000976,313.00000000,1
1531215708976,1531215708971,2411513,0.00000976,145.00000000,1
1531215708997,1531215708993,2411514,0.00000977,1300.00000000,0
1531215709840,1531215709836,2411515,0.00000978,500.00000000,1
1531215711797,1531215711794,2411516,0.00000977,141.00000000,0
1531215711816,1531215711812,2411517,0.00000977,359.00000000,0
1531215714029,1531215714024,2411518,0.00000978,595.00000000,1
1531215720103,1531215720100,2411519,0.00000978,221.00000000,1
1531215751430,1531215751426,2411520,0.00000978,255.00000000,0
1531215759500,1531215759496,2411521,0.00000978,108.00000000,0
1531215760153,1531215760150,2411522,0.00000978,102.00000000,0
1531215762647,1531215762643,2411523,0.00000976,986.00000000,1
1531215844586,1531215844582,2411524,0.00000975,154.00000000,1
1531215875158,1531215875152,2411525,0.00000975,3088.00000000,1
1531215893361,1531215893354,2411526,0.00000974,1197.00000000,1
1531215893361,1531215893354,2411527,0.00000973,1130.00000000,1
1531215893361,1531215893354,2411528,0.00000972,9183.00000000,1
1531215904314,1531215904310,2411529,0.00000976,1281.00000000,0
1531215908193,1531215908190,2411530,0.00000972,6235.00000000,1
1531215911229,1531215911224,2411531,0.00000973,172.00000000,1
1531215911229,1531215911224,2411532,0.00000972,1907.00000000,1
1531215924561,1531215924557,2411533,0.00000972,1125.00000000,1
1531215924561,1531215924557,2411534,0.00000971,2551.00000000,1
1531215924561,1531215924557,2411535,0.00000970,6674.00000000,1
1531215924561,1531215924557,2411536,0.00000970,1469.00000000,1
1531215924562,1531215924557,2411537,0.00000970,487.00000000,1
1531215924584,1531215924579,2411538,0.00000971,2610.00000000,0
1531215924600,1531215924596,2411539,0.00000975,818.00000000,0
1531215924600,1531215924596,2411540,0.00000976,1792.00000000,0
1531215929638,1531215929635,2411541,0.00000975,2914.00000000,1
1531215929638,1531215929635,2411542,0.00000972,500.00000000,1
1531215929638,1531215929635,2411543,0.00000970,10334.00000000,1
1531215931377,1531215931373,2411544,0.00000972,200.00000000,1
1531215933143,1531215933139,2411545,0.00000972,187.00000000,1
1531215933222,1531215933219,2411546,0.00000976,1025.00000000,0
1531215933402,1531215933398,2411547,0.00000972,313.00000000,1
1531215933402,1531215933398,2411548,0.00000971,17.00000000,1
1531215951556,1531215951551,2411549,0.00000971,105.00000000,1
1531215952164,1531215952160,2411550,0.00000971,313.00000000,1
1531215980482,1531215980479,2411551,0.00000971,436.00000000,1
1531216006202,1531216006196,2411552,0.00000970,1501.00000000,1
1531216023199,1531216023194,2411553,0.00000970,562.00000000,1
1531216024494,1531216024491,2411554,0.00000973,418.00000000,0
1531216084943,1531216084939,2411555,0.00000973,24.00000000,0
1531216086605,1531216086600,2411556,0.00000972,102.00000000,1
1531216087061,1531216087056,2411557,0.00000973,27.00000000,0
1531216141568,1531216141564,2411558,0.00000972,17.00000000,0
1531216187154,1531216187150,2411559,0.00000972,1370.00000000,0
1531216217727,1531216217723,2411560,0.00000971,2378.00000000,1
1531216220067,1531216220063,2411561,0.00000972,1024.00000000,0
1531216222085,1531216222081,2411562,0.00000971,4014.00000000,1
1531216227188,1531216227185,2411563,0.00000971,1559.00000000,1
1531216263697,1531216263692,2411564,0.00000972,658.00000000,0
1531216286547,1531216286542,2411565,0.00000972,1049.00000000,0
1531216321323,1531216321321,2411566,0.00000970,541.00000000,1
1531216323277,1531216323273,2411567,0.00000970,830.00000000,1
1531216382409,1531216382406,2411568,0.00000971,500.00000000,0
1531216393773,1531216393769,2411569,0.00000972,5385.00000000,0
1531216400693,1531216400690,2411570,0.00000971,1722.00000000,1
1531216429494,1531216429489,2411571,0.00000971,1099.00000000,1
1531216437946,1531216437943,2411572,0.00000971,425.00000000,1
1531216440247,1531216440243,2411573,0.00000971,574.00000000,1
1531216444009,1531216444006,2411574,0.00000972,773.00000000,0
1531216444124,1531216444121,2411575,0.00000971,299.00000000,1
1531216446922,1531216446918,2411576,0.00000971,216.00000000,0
1531216446922,1531216446918,2411577,0.00000972,358.00000000,0
1531216477545,1531216477540,2411578,0.00000972,675.00000000,0
1531216482874,1531216482870,2411579,0.00000972,318.00000000,0
1531216492951,1531216492947,2411580,0.00000972,2220.00000000,0
1531216520219,1531216520216,2411581,0.00000970,1903.00000000,1
1531216521762,1531216521758,2411582,0.00000972,600.00000000,0
1531216525273,1531216525270,2411583,0.00000970,512.00000000,1
1531216526630,1531216526626,2411584,0.00000970,500.00000000,1
1531216528836,1531216528832,2411585,0.00000972,464.00000000,0
1531216546580,1531216546576,2411586,0.00000970,6470.00000000,1
1531216591716,1531216591713,2411587,0.00000970,284.00000000,1
1531216597773,1531216597769,2411588,0.00000972,9.00000000,0
1531216598430,1531216598425,2411589,0.00000972,16.00000000,0
1531216603185,1531216603180,2411590,0.00000972,2755.00000000,0
1531216617812,1531216617809,2411591,0.00000971,46.00000000,0
1531216617919,1531216617914,2411592,0.00000971,654.00000000,0
1531216621469,1531216621466,2411593,0.00000970,1950.00000000,1
1531216628363,1531216628360,2411594,0.00000972,2305.00000000,0
1531216628455,1531216628451,2411595,0.00000972,7795.00000000,0
1531216633773,1531216633769,2411596,0.00000970,586.00000000,1
1531216681547,1531216681542,2411597,0.00000970,16599.00000000,1
1531216683901,1531216683896,2411598,0.00000970,403.00000000,1
1531216705105,1531216705100,2411599,0.00000970,1396.00000000,1
1531216705105,1531216705100,2411600,0.00000969,3793.00000000,1
1531216706939,1531216706936,2411601,0.00000972,1099.00000000,0
1531216709297,1531216709293,2411602,0.00000969,1098.00000000,1
1531216722070,1531216722067,2411603,0.00000970,625.00000000,1
1531216725130,1531216725127,2411604,0.00000972,490.00000000,0
1531216736802,1531216736798,2411605,0.00000972,427.00000000,0
1531216736802,1531216736798,2411606,0.00000973,669.00000000,0
1531216739815,1531216739811,2411607,0.00000969,313.00000000,1
1531216741778,1531216741773,2411608,0.00000969,1095.00000000,1
1531216741791,1531216741786,2411609,0.00000973,123.00000000,0
1531216759814,1531216759810,2411610,0.00000969,230.00000000,1
1531216760088,1531216760084,2411611,0.00000969,313.00000000,1
1531216773773,1531216773768,2411612,0.00000969,7390.00000000,1
1531216773773,1531216773768,2411613,0.00000968,110.00000000,1
1531216777390,1531216777386,2411614,0.00000972,123.00000000,0
1531216785356,1531216785352,2411615,0.00000972,500.00000000,0
1531216785372,1531216785368,2411616,0.00000972,535.00000000,1
1531216785374,1531216785370,2411617,0.00000968,103.00000000,1
1531216785374,1531216785370,2411618,0.00000967,432.00000000,1
1531216791037,1531216791033,2411619,0.00000967,200.00000000,1
1531216795091,1531216795086,2411620,0.00000967,330.00000000,1
1531216800129,1531216800125,2411621,0.00000967,1948.00000000,1
1531216801572,1531216801568,2411622,0.00000967,424.00000000,1
1531216807195,1531216807192,2411623,0.00000970,722.00000000,0
1531216809314,1531216809310,2411624,0.00000970,207.00000000,0
1531216819445,1531216819441,2411625,0.00000970,58.00000000,0
1531216834963,1531216834959,2411626,0.00000968,1001.00000000,1
1531216839360,1531216839357,2411627,0.00000968,940.00000000,1
1531216847078,1531216847073,2411628,0.00000968,1364.00000000,1
1531216859615,1531216859610,2411629,0.00000968,4310.00000000,1
1531216859615,1531216859610,2411630,0.00000967,1155.00000000,1
1531216859615,1531216859610,2411631,0.00000966,57167.00000000,1
1531216860959,1531216860954,2411632,0.00000970,2.00000000,0
1531216891013,1531216891008,2411633,0.00000969,155.00000000,0
1531216897414,1531216897410,2411634,0.00000970,3784.00000000,0
1531216901108,1531216901103,2411635,0.00000971,206.00000000,0
1531216902960,1531216902956,2411636,0.00000971,489.00000000,0
1531216914348,1531216914344,2411637,0.00000966,6460.00000000,1
1531216922220,1531216922200,2411638,0.00000967,3075.00000000,1
1531216922934,1531216922931,2411639,0.00000967,523.00000000,1
1531216926593,1531216926589,2411640,0.00000969,1523.00000000,0
1531216929289,1531216929284,2411641,0.00000966,1048.00000000,1
1531216929289,1531216929284,2411642,0.00000965,8971.00000000,1
1531216929451,1531216929448,2411643,0.00000969,396.00000000,0
1531216935990,1531216935987,2411644,0.00000968,203.00000000,0
1531216936133,1531216936129,2411645,0.00000968,729.00000000,0
1531216942706,1531216942702,2411646,0.00000967,500.00000000,1
1531216942770,1531216942766,2411647,0.00000967,3902.00000000,0
1531216943004,1531216943000,2411648,0.00000967,1130.00000000,0
1531216943021,1531216943016,2411649,0.00000967,3464.00000000,0
1531216943766,1531216943763,2411650,0.00000967,4.00000000,0
1531216946395,1531216946390,2411651,0.00000969,3481.00000000,0
1531216946500,1531216946496,2411652,0.00000969,684.00000000,0
1531216946500,1531216946496,2411653,0.00000970,4835.00000000,0
1531216959930,1531216959926,2411654,0.00000969,3220.00000000,0
1531216960036,1531216960032,2411655,0.00000969,334.00000000,0
1531216967138,1531216967134,2411656,0.00000970,1200.00000000,0
1531216976866,1531216976862,2411657,0.00000967,1128.00000000,0
1531216977189,1531216977183,2411658,0.00000967,5592.00000000,0
1531216980953,1531216980948,2411659,0.00000970,5043.00000000,0
1531216981055,1531216981049,2411660,0.00000970,1677.00000000,0
1531216985306,1531216985300,2411661,0.00000969,1024.00000000,0
1531216985428,1531216985424,2411662,0.00000969,276.00000000,0
1531216985428,1531216985424,2411663,0.00000970,736.00000000,0
1531216985523,1531216985518,2411664,0.00000970,86.00000000,0
1531216985523,1531216985518,2411665,0.00000971,202.00000000,0
1531216988793,1531216988789,2411666,0.00000971,4120.00000000,0
1531216991682,1531216991678,2411667,0.00000971,2.00000000,0
1531216994146,1531216994143,2411668,0.00000970,481.00000000,1
1531217021859,1531217021855,2411669,0.00000968,1135.00000000,0
1531217053052,1531217053048,2411670,0.00000967,825.00000000,1
1531217060658,1531217060653,2411671,0.00000966,4995.00000000,1
1531217063085,1531217063081,2411672,0.00000967,70.00000000,0
1531217063085,1531217063081,2411673,0.00000968,151.00000000,0
1531217063087,1531217063082,2411674,0.00000968,211.00000000,0
1531217069315,1531217069311,2411675,0.00000968,122.00000000,0
1531217072869,1531217072864,2411676,0.00000968,1041.00000000,0
1531217082298,1531217082294,2411677,0.00000966,1650.00000000,1
1531217092248,1531217092243,2411678,0.00000969,3300.00000000,0
1531217092507,1531217092502,2411679,0.00000969,100.00000000,0
1531217097993,1531217097990,2411680,0.00000968,8024.00000000,0
1531217098100,1531217098095,2411681,0.00000968,5.00000000,0
1531217098100,1531217098095,2411682,0.00000970,1591.00000000,0
1531217098338,1531217098334,2411683,0.00000970,2269.00000000,0
1531217098338,1531217098334,2411684,0.00000971,4164.00000000,0
1531217098947,1531217098944,2411685,0.00000971,5735.00000000,0
1531217106129,1531217106125,2411686,0.00000968,7761.00000000,0
1531217109689,1531217109685,2411687,0.00000968,1.00000000,0
1531217109689,1531217109685,2411688,0.00000971,7628.00000000,0
1531217109810,1531217109806,2411689,0.00000971,133.00000000,0
1531217122248,1531217122243,2411690,0.00000970,4733.00000000,0
1531217122492,1531217122488,2411691,0.00000970,1847.00000000,0
1531217133861,1531217133857,2411692,0.00000968,1419.00000000,0
1531217135893,1531217135888,2411693,0.00000969,757.00000000,0
1531217136002,1531217135997,2411694,0.00000969,4329.00000000,0
1531217149280,1531217149276,2411695,0.00000971,530.00000000,0
1531217151266,1531217151262,2411696,0.00000969,2460.00000000,0
1531217153498,1531217153494,2411697,0.00000971,2221.00000000,0
1531217153593,1531217153589,2411698,0.00000971,239.00000000,0
1531217153927,1531217153921,2411699,0.00000968,1805.00000000,0
1531217158606,1531217158601,2411700,0.00000970,1795.00000000,0
1531217158705,1531217158701,2411701,0.00000970,2413.00000000,0
1531217176359,1531217176355,2411702,0.00000969,6132.00000000,0
1531217179273,1531217179269,2411703,0.00000971,1422.00000000,0
1531217179377,1531217179373,2411704,0.00000971,4710.00000000,0
1531217186972,1531217186968,2411705,0.00000967,118.00000000,1
1531217189594,1531217189591,2411706,0.00000967,531.00000000,1
1531217192416,1531217192411,2411707,0.00000970,1305.00000000,0
1531217192512,1531217192509,2411708,0.00000970,1513.00000000,0
1531217199364,1531217199358,2411709,0.00000971,2.00000000,0
1531217203025,1531217203022,2411710,0.00000968,901.00000000,1
1531217203452,1531217203448,2411711,0.00000970,603.00000000,0
1531217203550,1531217203545,2411712,0.00000970,7.00000000,0
1531217215145,1531217215140,2411713,0.00000969,209.00000000,0
1531217215364,1531217215360,2411714,0.00000969,2091.00000000,0
1531217218644,1531217218641,2411715,0.00000971,1160.00000000,0
1531217218738,1531217218733,2411716,0.00000971,1140.00000000,0
1531217222805,1531217222798,2411717,0.00000967,436.00000000,1
1531217224382,1531217224378,2411718,0.00000970,4694.00000000,0
1531217224485,1531217224480,2411719,0.00000970,826.00000000,0
1531217231885,1531217231881,2411720,0.00000969,712.00000000,0
1531217236484,1531217236480,2411721,0.00000969,3255.00000000,0
1531217236739,1531217236735,2411722,0.00000969,943.00000000,0
1531217236739,1531217236735,2411723,0.00000971,712.00000000,0
1531217239269,1531217239265,2411724,0.00000969,1353.00000000,0
1531217241438,1531217241434,2411725,0.00000971,133.00000000,0
1531217242538,1531217242533,2411726,0.00000971,1220.00000000,0
1531217245838,1531217245832,2411727,0.00000967,357.00000000,1
1531217247887,1531217247881,2411728,0.00000971,639.00000000,0
1531217250975,1531217250971,2411729,0.00000971,212.00000000,0
1531217259689,1531217259684,2411730,0.00000968,2392.00000000,0
1531217260279,1531217260275,2411731,0.00000968,1348.00000000,0
1531217262133,1531217262128,2411732,0.00000971,2232.00000000,0
1531217262233,1531217262227,2411733,0.00000971,100.00000000,0
1531217262233,1531217262227,2411734,0.00000973,1408.00000000,0
1531217262678,1531217262674,2411735,0.00000973,318.00000000,0
1531217306012,1531217306008,2411736,0.00000970,182.00000000,0
1531217308571,1531217308566,2411737,0.00000970,1539.00000000,0
1531217308826,1531217308821,2411738,0.00000970,77.00000000,0
1531217308826,1531217308821,2411739,0.00000972,182.00000000,0
1531217331541,1531217331538,2411740,0.00000970,5247.00000000,0
1531217331541,1531217331538,2411741,0.00000972,4.00000000,0
1531217333604,1531217333598,2411742,0.00000972,61.00000000,0
1531217340688,1531217340682,2411743,0.00000969,492.00000000,1
1531217346074,1531217346070,2411744,0.00000970,5048.00000000,0
1531217360974,1531217360970,2411745,0.00000972,574.00000000,0
1531217360974,1531217360970,2411746,0.00000974,417.00000000,0
1531217364184,1531217364180,2411747,0.00000970,128.00000000,1
1531217371612,1531217371608,2411748,0.00000970,78.00000000,1
1531217371612,1531217371608,2411749,0.00000969,331.00000000,1
1531217374314,1531217374310,2411750,0.00000968,2920.00000000,0
1531217378760,1531217378755,2411751,0.00000969,2085.00000000,0
1531217378880,1531217378874,2411752,0.00000969,835.00000000,0
1531217388443,1531217388439,2411753,0.00000968,3845.00000000,0
1531217390132,1531217390128,2411754,0.00000969,88.00000000,0
1531217390247,1531217390242,2411755,0.00000969,3757.00000000,0
1531217391809,1531217391805,2411756,0.00000967,1728.00000000,0
1531217437516,1531217437512,2411757,0.00000967,13300.00000000,1
1531217457864,1531217457859,2411758,0.00000968,760.00000000,1
1531217495186,1531217495180,2411759,0.00000969,25.00000000,0
1531217514046,1531217514041,2411760,0.00000969,858.00000000,0
1531217549644,1531217549641,2411761,0.00000971,1287.00000000,0
1531217553104,1531217553101,2411762,0.00000970,1346.00000000,1
1531217563492,1531217563486,2411763,0.00000971,1346.00000000,0
1531217568096,1531217568089,2411764,0.00000969,2950.00000000,1
1531217575513,1531217575508,2411765,0.00000970,1777.00000000,0
1531217575764,1531217575760,2411766,0.00000971,412.00000000,0
1531217575872,1531217575867,2411767,0.00000971,88.00000000,0
1531217580465,1531217580461,2411768,0.00000970,1426.00000000,0
1531217580562,1531217580558,2411769,0.00000970,1930.00000000,0
1531217581732,1531217581727,2411770,0.00000971,381.00000000,0
1531217581773,1531217581770,2411771,0.00000971,533.00000000,1
1531217581999,1531217581993,2411772,0.00000972,233.00000000,0
1531217582106,1531217582101,2411773,0.00000972,148.00000000,0
1531217582188,1531217582184,2411774,0.00000969,337.00000000,1
1531217587934,1531217587930,2411775,0.00000969,695.00000000,1
1531217601407,1531217601403,2411776,0.00000969,650.00000000,1
1531217603661,1531217603656,2411777,0.00000970,1095.00000000,1
1531217613289,1531217613284,2411778,0.00000971,484.00000000,0
1531217619534,1531217619529,2411779,0.00000971,1817.00000000,0
1531217647272,1531217647268,2411780,0.00000972,103.00000000,0
1531217678662,1531217678658,2411781,0.00000970,1473.00000000,0
1531217693616,1531217693611,2411782,0.00000971,510.00000000,0
1531217702421,1531217702416,2411783,0.00000970,4037.00000000,1
1531217731723,1531217731719,2411784,0.00000970,720.00000000,0
1531217733794,1531217733790,2411785,0.00000971,14.00000000,0
1531217736610,1531217736605,2411786,0.00000969,313.00000000,1
1531217755781,1531217755776,2411787,0.00000970,3400.00000000,0
1531217757297,1531217757294,2411788,0.00000970,14521.00000000,0
1531217764645,1531217764639,2411789,0.00000971,573.00000000,0
1531217780588,1531217780584,2411790,0.00000971,427.00000000,0
1531217780692,1531217780687,2411791,0.00000971,283.00000000,0
1531217786749,1531217786744,2411792,0.00000971,816.00000000,0
1531217786858,1531217786854,2411793,0.00000971,3024.00000000,0
1531217798508,1531217798504,2411794,0.00000970,319.00000000,0
1531217798620,1531217798616,2411795,0.00000970,3681.00000000,0
1531217813953,1531217813948,2411796,0.00000970,2500.00000000,1
1531217818622,1531217818618,2411797,0.00000971,1419.00000000,1
1531217822322,1531217822318,2411798,0.00000970,222.00000000,0
1531217828243,1531217828239,2411799,0.00000971,75.00000000,0
1531217828337,1531217828333,2411800,0.00000971,147.00000000,0
1531217833866,1531217833862,2411801,0.00000971,877.00000000,0
1531217833974,1531217833969,2411802,0.00000971,722.00000000,0
1531217833974,1531217833969,2411803,0.00000972,222.00000000,0
1531217837401,1531217837398,2411804,0.00000970,3520.00000000,0
1531217839322,1531217839317,2411805,0.00000971,1000.00000000,0
1531217839845,1531217839841,2411806,0.00000972,615.00000000,0
1531217839845,1531217839841,2411807,0.00000974,187.00000000,0
1531217839965,1531217839960,2411808,0.00000974,198.00000000,0
1531217842770,1531217842766,2411809,0.00000974,765.00000000,0
1531217842877,1531217842871,2411810,0.00000974,894.00000000,0
1531217842877,1531217842871,2411811,0.00000975,1255.00000000,0
1531217842877,1531217842871,2411812,0.00000976,606.00000000,0
1531217846319,1531217846314,2411813,0.00000972,773.00000000,0
1531217850241,1531217850237,2411814,0.00000973,799.00000000,0
1531217850346,1531217850342,2411815,0.00000973,773.00000000,0
1531217850439,1531217850435,2411816,0.00000973,232.00000000,0
1531217850692,1531217850688,2411817,0.00000973,541.00000000,0
1531217862894,1531217862889,2411818,0.00000971,2264.00000000,0
1531217863001,1531217862996,2411819,0.00000971,236.00000000,0
1531217864977,1531217864973,2411820,0.00000973,47.00000000,0
1531217864977,1531217864973,2411821,0.00000974,5.00000000,0
1531217874310,1531217874305,2411822,0.00000973,150.00000000,0
1531217874568,1531217874563,2411823,0.00000973,110.00000000,0
1531217877445,1531217877441,2411824,0.00000972,2347.00000000,0
1531217877687,1531217877683,2411825,0.00000972,153.00000000,0
1531217880551,1531217880546,2411826,0.00000973,2750.00000000,0
1531217882629,1531217882622,2411827,0.00000971,704.00000000,0
1531217894233,1531217894229,2411828,0.00000975,1.00000000,0
1531217901505,1531217901499,2411829,0.00000971,733.00000000,1
1531217902359,1531217902354,2411830,0.00000971,80.00000000,1
1531217902909,1531217902904,2411831,0.00000971,68.00000000,1
1531217903361,1531217903355,2411832,0.00000971,26.00000000,1
1531217903969,1531217903964,2411833,0.00000969,81.00000000,1
1531217904674,1531217904670,2411834,0.00000969,24.00000000,1
1531217905076,1531217905070,2411835,0.00000969,45.00000000,1
1531217905752,1531217905749,2411836,0.00000970,67.00000000,1
1531217906367,1531217906363,2411837,0.00000970,43.00000000,1
1531217914121,1531217914117,2411838,0.00000972,892.00000000,1
1531217930175,1531217930170,2411839,0.00000969,999.00000000,1
1531217930175,1531217930170,2411840,0.00000968,1203.00000000,1
1531217931750,1531217931744,2411841,0.00000968,403.00000000,1
1531217947096,1531217947091,2411842,0.00000967,530.00000000,1
1531217958366,1531217958361,2411843,0.00000969,598.00000000,0
1531217962247,1531217962243,2411844,0.00000970,443.00000000,1
1531217988057,1531217988053,2411845,0.00000970,1742.00000000,0
1531218015092,1531218015086,2411846,0.00000970,2959.00000000,1
1531218024544,1531218024539,2411847,0.00000971,2009.00000000,0
1531218027135,1531218027129,2411848,0.00000969,823.00000000,1
1531218038341,1531218038336,2411849,0.00000968,2268.00000000,0
1531218039592,1531218039588,2411850,0.00000971,937.00000000,0
1531218039695,1531218039692,2411851,0.00000971,1331.00000000,0
1531218048336,1531218048331,2411852,0.00000969,2760.00000000,0
1531218049840,1531218049835,2411853,0.00000971,772.00000000,0
1531218049840,1531218049835,2411854,0.00000972,437.00000000,0
1531218049946,1531218049941,2411855,0.00000972,1551.00000000,0
1531218071339,1531218071335,2411856,0.00000968,1999.00000000,0
1531218076066,1531218076064,2411857,0.00000971,115.00000000,0
1531218076318,1531218076314,2411858,0.00000971,1884.00000000,0
1531218080093,1531218080089,2411859,0.00000969,682.00000000,1
1531218085429,1531218085424,2411860,0.00000968,1298.00000000,0
1531218091009,1531218091005,2411861,0.00000973,455.00000000,0
1531218091288,1531218091283,2411862,0.00000973,132.00000000,0
1531218091288,1531218091283,2411863,0.00000975,213.00000000,0
1531218091288,1531218091283,2411864,0.00000976,498.00000000,0
1531218100341,1531218100336,2411865,0.00000970,920.00000000,0
1531218100979,1531218100974,2411866,0.00000973,263.00000000,0
1531218103129,1531218103126,2411867,0.00000973,590.00000000,0
1531218103228,1531218103224,2411868,0.00000973,330.00000000,0
1531218109566,1531218109562,2411869,0.00000969,1.00000000,1
1531218138427,1531218138423,2411870,0.00000972,13211.00000000,0
1531218138427,1531218138423,2411871,0.00000973,55534.00000000,0
1531218138696,1531218138691,2411872,0.00000973,500.00000000,1
1531218170088,1531218170085,2411873,0.00000971,1731.00000000,1
1531218177901,1531218177898,2411874,0.00000974,1.00000000,0
1531218181125,1531218181122,2411875,0.00000974,447.00000000,0
1531218205607,1531218205603,2411876,0.00000971,1958.00000000,0
1531218207138,1531218207135,2411877,0.00000971,702.00000000,0
1531218208234,1531218208230,2411878,0.00000975,422.00000000,0
1531218208341,1531218208336,2411879,0.00000975,498.00000000,0
1531218208341,1531218208336,2411880,0.00000976,1038.00000000,0
1531218208624,1531218208620,2411881,0.00000976,530.00000000,0
1531218212520,1531218212517,2411882,0.00000973,1170.00000000,0
1531218212721,1531218212715,2411883,0.00000975,184.00000000,0
1531218214013,1531218214009,2411884,0.00000975,634.00000000,0
1531218214013,1531218214009,2411885,0.00000976,458.00000000,0
1531218214122,1531218214116,2411886,0.00000976,42.00000000,0
1531218214122,1531218214116,2411887,0.00000977,36.00000000,0
1531218220428,1531218220423,2411888,0.00000977,679.00000000,0
1531218221361,1531218221355,2411889,0.00000974,120.00000000,0
1531218221421,1531218221418,2411890,0.00000973,820.00000000,1
1531218224094,1531218224089,2411891,0.00000973,1.00000000,0
1531218224094,1531218224089,2411892,0.00000974,69.00000000,0
1531218224195,1531218224191,2411893,0.00000974,50.00000000,0
1531218237683,1531218237675,2411894,0.00000974,346.00000000,0
1531218237948,1531218237944,2411895,0.00000974,184.00000000,0
1531218239885,1531218239881,2411896,0.00000972,2000.00000000,1
1531218262703,1531218262697,2411897,0.00000974,170.00000000,0
1531218275162,1531218275158,2411898,0.00000972,133.00000000,1
1531218277324,1531218277320,2411899,0.00000976,451.00000000,0
1531218288585,1531218288581,2411900,0.00000974,225.00000000,0
1531218291194,1531218291190,2411901,0.00000973,1330.00000000,0
1531218303447,1531218303442,2411902,0.00000974,411.00000000,0
1531218317688,1531218317684,2411903,0.00000974,500.00000000,0
1531218317688,1531218317684,2411904,0.00000975,237.00000000,0
1531218317787,1531218317783,2411905,0.00000975,149.00000000,0
1531218338279,1531218338274,2411906,0.00000974,200.00000000,0
1531218356300,1531218356296,2411907,0.00000973,1555.00000000,1
1531218385332,1531218385326,2411908,0.00000973,1832.00000000,1
1531218417488,1531218417485,2411909,0.00000973,1000.00000000,0
1531218444975,1531218444969,2411910,0.00000974,134.00000000,0
1531218448343,1531218448339,2411911,0.00000973,1217.00000000,0
1531218473348,1531218473344,2411912,0.00000973,1074.00000000,0
1531218512517,1531218512513,2411913,0.00000974,804.00000000,0
1531218526383,1531218526379,2411914,0.00000972,263.00000000,1
1531218571356,1531218571352,2411915,0.00000973,1411.00000000,0
1531218571591,1531218571587,2411916,0.00000974,500.00000000,0
1531218579123,1531218579118,2411917,0.00000973,176.00000000,1
1531218579124,1531218579120,2411918,0.00000973,286.00000000,1
1531218581414,1531218581409,2411919,0.00000974,5042.00000000,0
1531218594175,1531218594171,2411920,0.00000973,2200.00000000,1
1531218601863,1531218601858,2411921,0.00000974,1609.00000000,0
1531218606012,1531218606007,2411922,0.00000973,1630.00000000,1
1531218643886,1531218643881,2411923,0.00000974,1395.00000000,0
1531218645351,1531218645347,2411924,0.00000973,679.00000000,1
1531218665289,1531218665282,2411925,0.00000975,5.00000000,0
1531218675392,1531218675388,2411926,0.00000973,530.00000000,1
1531218699918,1531218699914,2411927,0.00000974,1038.00000000,1
1531218705858,1531218705855,2411928,0.00000973,358.00000000,1
1531218723984,1531218723979,2411929,0.00000974,1673.00000000,0
1531218725397,1531218725393,2411930,0.00000973,1017.00000000,1
1531218741276,1531218741271,2411931,0.00000973,1252.00000000,1
1531218742535,1531218742530,2411932,0.00000975,495.00000000,0
1531218751027,1531218751022,2411933,0.00000974,1221.00000000,0
1531218752643,1531218752637,2411934,0.00000976,17.00000000,0
1531218766813,1531218766808,2411935,0.00000973,530.00000000,1
1531218768396,1531218768392,2411936,0.00000975,107.00000000,0
1531218768502,1531218768498,2411937,0.00000975,1127.00000000,0
1531218771436,1531218771430,2411938,0.00000974,5300.00000000,0
1531218774000,1531218773995,2411939,0.00000975,500.00000000,0
1531218774000,1531218773995,2411940,0.00000976,93.00000000,0
1531218774000,1531218773995,2411941,0.00000977,4007.00000000,0
1531218774111,1531218774105,2411942,0.00000977,700.00000000,0
1531218784057,1531218784053,2411943,0.00000977,1607.00000000,0
1531218792351,1531218792346,2411944,0.00000977,1379.00000000,0
1531218824311,1531218824306,2411945,0.00000977,14273.00000000,0
1531218824344,1531218824339,2411946,0.00000977,6197.00000000,1
1531218824347,1531218824343,2411947,0.00000977,11709.00000000,1
1531218825786,1531218825778,2411948,0.00000976,500.00000000,0
1531218827441,1531218827436,2411949,0.00000973,5697.00000000,1
1531218864084,1531218864079,2411950,0.00000976,1126.00000000,0
1531218899450,1531218899444,2411951,0.00000976,2879.00000000,0
1531218903838,1531218903832,2411952,0.00000978,708.00000000,0
1531218903936,1531218903931,2411953,0.00000978,2171.00000000,0
1531218906416,1531218906411,2411954,0.00000975,1760.00000000,1
1531218906896,1531218906890,2411955,0.00000975,530.00000000,1
1531218911453,1531218911450,2411956,0.00000976,10210.00000000,0
1531218915087,1531218915081,2411957,0.00000978,5132.00000000,0
1531218915087,1531218915081,2411958,0.00000979,400.00000000,0
1531218915087,1531218915081,2411959,0.00000980,3368.00000000,0
1531218915343,1531218915337,2411960,0.00000981,415.00000000,0
1531218915343,1531218915337,2411961,0.00000982,895.00000000,0
1531218919537,1531218919534,2411962,0.00000980,500.00000000,0
1531218922075,1531218922071,2411963,0.00000978,206.00000000,1
1531218923605,1531218923599,2411964,0.00000982,1476.00000000,0
1531218935254,1531218935249,2411965,0.00000982,1127.00000000,0
1531218935353,1531218935348,2411966,0.00000982,202.00000000,0
1531218945453,1531218945447,2411967,0.00000979,9750.00000000,0
1531218948097,1531218948092,2411968,0.00000979,1207.00000000,0
1531218949985,1531218949979,2411969,0.00000981,7722.00000000,0
1531218949985,1531218949979,2411970,0.00000982,213.00000000,0
1531218949985,1531218949979,2411971,0.00000984,134.00000000,0
1531218949985,1531218949979,2411972,0.00000985,795.00000000,0
1531218949985,1531218949979,2411973,0.00000987,775.00000000,0
1531218950088,1531218950082,2411974,0.00000984,111.00000000,0
1531218955515,1531218955511,2411975,0.00000980,814.00000000,1
1531218959603,1531218959599,2411976,0.00000984,530.00000000,0
1531218963749,1531218963744,2411977,0.00000978,4012.00000000,1
1531218964600,1531218964596,2411978,0.00000978,448.00000000,0
1531218965422,1531218965412,2411979,0.00000984,3691.00000000,0
1531218965520,1531218965515,2411980,0.00000984,769.00000000,0
1531218969253,1531218969248,2411981,0.00000979,6000.00000000,0
1531218972365,1531218972361,2411982,0.00000981,800.00000000,1
1531218972382,1531218972377,2411983,0.00000983,632.00000000,0
1531218972382,1531218972377,2411984,0.00000986,130.00000000,0
1531218972382,1531218972377,2411985,0.00000987,614.00000000,0
1531218972382,1531218972377,2411986,0.00000988,2075.00000000,0
1531218972482,1531218972476,2411987,0.00000987,218.00000000,0
1531218972482,1531218972476,2411988,0.00000988,1875.00000000,0
1531218972482,1531218972476,2411989,0.00000989,254.00000000,0
1531218972482,1531218972476,2411990,0.00000990,202.00000000,0
1531218972624,1531218972619,2411991,0.00000981,167.00000000,1
1531218972648,1531218972643,2411992,0.00000981,125.00000000,1
1531218973965,1531218973960,2411993,0.00000982,180.00000000,1
1531218974509,1531218974504,2411994,0.00000982,800.00000000,1
1531218977561,1531218977555,2411995,0.00000982,306.00000000,1
1531218980516,1531218980512,2411996,0.00000986,179.00000000,0
1531218984708,1531218984704,2411997,0.00000982,624.00000000,1
1531218985089,1531218985085,2411998,0.00000986,980.00000000,0
1531218995545,1531218995541,2411999,0.00000985,1117.00000000,1
1531218996761,1531218996756,2412000,0.00000985,2133.00000000,1
1531218996772,1531218996768,2412001,0.00000985,2133.00000000,1
1531218996797,1531218996793,2412002,0.00000985,221.00000000,1
1531218998266,1531218998261,2412003,0.00000987,1201.00000000,0
1531219000090,1531219000084,2412004,0.00000985,498.00000000,1
1531219010654,1531219010649,2412005,0.00000985,1865.00000000,1
1531219012084,1531219012081,2412006,0.00000988,624.00000000,0
1531219018174,1531219018168,2412007,0.00000988,500.00000000,0
1531219018174,1531219018168,2412008,0.00000990,5500.00000000,0
1531219025148,1531219025144,2412009,0.00000986,1144.00000000,0
1531219028037,1531219028032,2412010,0.00000986,319.00000000,0
1531219028141,1531219028137,2412011,0.00000986,321.00000000,0
1531219032564,1531219032558,2412012,0.00000990,102.00000000,0
1531219034884,1531219034879,2412013,0.00000989,500.00000000,0
1531219039470,1531219039466,2412014,0.00000989,100.00000000,0
1531219039470,1531219039466,2412015,0.00000990,345.00000000,0
1531219039574,1531219039570,2412016,0.00000990,155.00000000,0
1531219049892,1531219049888,2412017,0.00000988,131.00000000,0
1531219049992,1531219049988,2412018,0.00000988,544.00000000,0
1531219049992,1531219049988,2412019,0.00000989,4759.00000000,0
1531219055954,1531219055949,2412020,0.00000989,1175.00000000,0
1531219055954,1531219055949,2412021,0.00000990,23696.00000000,0
1531219057162,1531219057159,2412022,0.00000990,1117.00000000,1
1531219057532,1531219057525,2412023,0.00000990,1035.00000000,1
1531219061043,1531219061038,2412024,0.00000990,106.00000000,1
1531219062465,1531219062463,2412025,0.00000990,6305.00000000,1
1531219062591,1531219062586,2412026,0.00000990,422.00000000,1
1531219062718,1531219062714,2412027,0.00000990,28.00000000,1
1531219067032,1531219067028,2412028,0.00000990,400.00000000,1
1531219068341,1531219068337,2412029,0.00000990,1153.00000000,1
1531219070419,1531219070415,2412030,0.00000990,530.00000000,1
1531219070468,1531219070462,2412031,0.00000990,2252.00000000,1
1531219072848,1531219072845,2412032,0.00000990,200.00000000,0
1531219074267,1531219074262,2412033,0.00000990,1683.00000000,0
1531219077165,1531219077161,2412034,0.00000989,123.00000000,1
1531219083912,1531219083908,2412035,0.00000990,349.00000000,0
1531219092502,1531219092498,2412036,0.00000989,331.00000000,1
1531219098691,1531219098687,2412037,0.00000989,169.00000000,1
1531219098691,1531219098687,2412038,0.00000988,1972.00000000,1
1531219100192,1531219100186,2412039,0.00000988,144.00000000,1
1531219100531,1531219100527,2412040,0.00000990,4600.00000000,0
1531219102764,1531219102762,2412041,0.00000988,433.00000000,1
1531219102782,1531219102778,2412042,0.00000987,123.00000000,1
1531219103308,1531219103304,2412043,0.00000987,530.00000000,1
1531219105466,1531219105460,2412044,0.00000987,206.00000000,1
1531219105483,1531219105475,2412045,0.00000987,639.00000000,1
1531219106341,1531219106336,2412046,0.00000989,144.00000000,0
1531219106801,1531219106797,2412047,0.00000987,6133.00000000,1
1531219109828,1531219109823,2412048,0.00000987,169.00000000,1
1531219115186,1531219115180,2412049,0.00000986,2637.00000000,1
1531219117823,1531219117818,2412050,0.00000986,530.00000000,1
1531219121616,1531219121610,2412051,0.00000987,677.00000000,0
1531219121717,1531219121710,2412052,0.00000987,1085.00000000,0
1531219121726,1531219121723,2412053,0.00000987,857.00000000,0
1531219121726,1531219121723,2412054,0.00000989,25.00000000,0
1531219121726,1531219121723,2412055,0.00000990,652.00000000,0
1531219121726,1531219121723,2412056,0.00000991,303.00000000,0
1531219121726,1531219121723,2412057,0.00000992,105.00000000,0
1531219123242,1531219123236,2412058,0.00000990,529.00000000,1
1531219123514,1531219123510,2412059,0.00000990,1.00000000,1
1531219123757,1531219123753,2412060,0.00000988,529.00000000,0
1531219128798,1531219128792,2412061,0.00000987,496.00000000,1
1531219128798,1531219128792,2412062,0.00000986,648.00000000,1
1531219128798,1531219128792,2412063,0.00000985,27350.00000000,1
1531219129178,1531219129173,2412064,0.00000985,4548.00000000,0
1531219129592,1531219129588,2412065,0.00000984,496.00000000,1
1531219136663,1531219136657,2412066,0.00000985,4803.00000000,0
1531219136849,1531219136845,2412067,0.00000985,140.00000000,0
1531219136911,1531219136907,2412068,0.00000985,411.00000000,0
1531219140067,1531219140061,2412069,0.00000984,530.00000000,1
1531219141471,1531219141465,2412070,0.00000984,6061.00000000,1
1531219141756,1531219141751,2412071,0.00000984,697.00000000,1
1531219147249,1531219147244,2412072,0.00000985,2500.00000000,0
1531219155179,1531219155175,2412073,0.00000985,22.00000000,0
