event_time,trade_time,trade_id,price,quantity,maker
1531210374764,1531210374759,2622113,0.00003354,61.00000000,0
1531210380101,1531210380097,2622114,0.00003344,1447.00000000,1
1531210476018,1531210476014,2622115,0.00003347,596.00000000,1
1531210476018,1531210476014,2622116,0.00003346,748.00000000,1
1531210476018,1531210476014,2622117,0.00003340,156.00000000,1
1531210477592,1531210477589,2622118,0.00003340,15.00000000,1
1531210652592,1531210652587,2622119,0.00003354,165.00000000,0
1531210652592,1531210652587,2622120,0.00003370,133.00000000,0
1531210692432,1531210692428,2622121,0.00003340,55.00000000,1
1531210871694,1531210871689,2622122,0.00003356,7.00000000,1
1531210955713,1531210955710,2622123,0.00003356,1.00000000,1
1531210988256,1531210988251,2622124,0.00003356,223.00000000,1
1531210988256,1531210988251,2622125,0.00003355,370.00000000,1
1531211057364,1531211057360,2622126,0.00003360,6.00000000,0
1531211062254,1531211062249,2622127,0.00003360,654.00000000,0
1531211073112,1531211073106,2622128,0.00003353,4.00000000,1
1531211078769,1531211078765,2622129,0.00003353,234.00000000,1
1531211083272,1531211083268,2622130,0.00003353,65.00000000,0
1531211168198,1531211168195,2622131,0.00003353,32.00000000,0
1531211189134,1531211189130,2622132,0.00003353,33.00000000,0
1531211252212,1531211252207,2622133,0.00003353,32.00000000,0
1531211272210,1531211272206,2622134,0.00003353,33.00000000,0
1531211293189,1531211293185,2622135,0.00003353,32.00000000,0
1531211442263,1531211442258,2622136,0.00003353,11.00000000,0
1531211442263,1531211442258,2622137,0.00003358,21.00000000,0
1531211464164,1531211464160,2622138,0.00003358,32.00000000,0
1531211477206,1531211477203,2622139,0.00003356,33.00000000,0
1531211484210,1531211484206,2622140,0.00003356,33.00000000,0
1531211496627,1531211496622,2622141,0.00003355,50.00000000,0
1531211510267,1531211510262,2622142,0.00003355,411.00000000,0
1531211510267,1531211510262,2622143,0.00003359,92.00000000,0
1531211523956,1531211523952,2622144,0.00003346,2.00000000,1
1531211544297,1531211544293,2622145,0.00003346,301.00000000,1
1531211544297,1531211544293,2622146,0.00003345,95.00000000,1
1531211666323,1531211666318,2622147,0.00003345,29.00000000,1
1531211689212,1531211689207,2622148,0.00003359,31.00000000,0
1531211709167,1531211709163,2622149,0.00003346,207.00000000,1
1531211709167,1531211709163,2622150,0.00003345,114.00000000,1
1531211709167,1531211709163,2622151,0.00003331,347.00000000,1
1531211711229,1531211711225,2622152,0.00003358,65.00000000,0
1531211712216,1531211712211,2622153,0.00003357,32.00000000,0
1531211747048,1531211747044,2622154,0.00003350,32.00000000,0
1531211772080,1531211772074,2622155,0.00003350,33.00000000,0
1531211793965,1531211793959,2622156,0.00003350,32.00000000,0
1531211809219,1531211809218,2622157,0.00003337,239.00000000,1
1531211809219,1531211809218,2622158,0.00003331,261.00000000,1
1531211811198,1531211811194,2622159,0.00003350,32.00000000,0
1531211834152,1531211834147,2622160,0.00003350,33.00000000,0
1531211844079,1531211844075,2622161,0.00003350,7.00000000,0
1531211870451,1531211870448,2622162,0.00003350,32.00000000,0
1531211873114,1531211873111,2622163,0.00003350,33.00000000,0
1531211876803,1531211876799,2622164,0.00003331,3.00000000,1
1531211893154,1531211893148,2622165,0.00003350,32.00000000,0
1531211916177,1531211916172,2622166,0.00003350,33.00000000,0
1531211945087,1531211945083,2622167,0.00003350,32.00000000,0
1531211957155,1531211957151,2622168,0.00003350,33.00000000,0
1531211978689,1531211978684,2622169,0.00003350,33.00000000,0
1531212000164,1531212000159,2622170,0.00003350,32.00000000,0
1531212023237,1531212023233,2622171,0.00003350,33.00000000,0
1531212023783,1531212023779,2622172,0.00003326,3.00000000,1
1531212044631,1531212044626,2622173,0.00003345,33.00000000,0
1531212046837,1531212046834,2622174,0.00003331,184.00000000,1
1531212058469,1531212058465,2622175,0.00003345,157.00000000,0
1531212068679,1531212068674,2622176,0.00003345,32.00000000,0
1531212077239,1531212077234,2622177,0.00003331,55.00000000,1
1531212077239,1531212077234,2622178,0.00003326,445.00000000,1
1531212088199,1531212088195,2622179,0.00003345,16.00000000,0
1531212088199,1531212088195,2622180,0.00003350,17.00000000,0
1531212107172,1531212107165,2622181,0.00003350,33.00000000,0
1531212123515,1531212123512,2622182,0.00003326,3.00000000,1
1531212129147,1531212129142,2622183,0.00003350,32.00000000,0
1531212161738,1531212161734,2622184,0.00003328,4.00000000,1
1531212188792,1531212188788,2622185,0.00003330,45.00000000,0
1531212189113,1531212189109,2622186,0.00003348,32.00000000,0
1531212193229,1531212193226,2622187,0.00003331,483.00000000,1
1531212193229,1531212193226,2622188,0.00003330,17.00000000,1
1531212232044,1531212232040,2622189,0.00003330,32.00000000,1
1531212250565,1531212250561,2622190,0.00003330,1.00000000,1
1531212252793,1531212252788,2622191,0.00003331,40.00000000,0
1531212273062,1531212273057,2622192,0.00003345,32.00000000,0
1531212295107,1531212295103,2622193,0.00003347,32.00000000,0
1531212341122,1531212341116,2622194,0.00003345,32.00000000,0
1531212362153,1531212362147,2622195,0.00003339,32.00000000,0
1531212376607,1531212376602,2622196,0.00003330,2.00000000,1
1531212459016,1531212459011,2622197,0.00003330,4.00000000,1
1531212626270,1531212626266,2622198,0.00003335,32.00000000,0
1531212669387,1531212669382,2622199,0.00003335,32.00000000,0
1531212730062,1531212730056,2622200,0.00003335,32.00000000,0
1531212791062,1531212791057,2622201,0.00003334,32.00000000,0
1531212795815,1531212795811,2622202,0.00003334,46.00000000,0
1531212798963,1531212798959,2622203,0.00003335,49.00000000,0
1531212822566,1531212822562,2622204,0.00003339,239.00000000,0
1531212861152,1531212861148,2622205,0.00003339,388.00000000,1
1531212861737,1531212861732,2622206,0.00003339,135.00000000,1
1531212869021,1531212869018,2622207,0.00003331,1.00000000,1
1531212874113,1531212874109,2622208,0.00003339,32.00000000,0
1531212904336,1531212904332,2622209,0.00003331,8.00000000,1
1531212918175,1531212918170,2622210,0.00003335,32.00000000,0
1531212940621,1531212940617,2622211,0.00003335,79.00000000,0
1531212940621,1531212940617,2622212,0.00003339,1421.00000000,0
1531212961862,1531212961859,2622213,0.00003339,635.00000000,0
1531212970148,1531212970143,2622214,0.00003342,239.00000000,0
1531212970148,1531212970143,2622215,0.00003347,138.00000000,0
1531212970148,1531212970143,2622216,0.00003349,405.00000000,0
1531212970148,1531212970143,2622217,0.00003371,75.00000000,0
1531212970148,1531212970143,2622218,0.00003375,4343.00000000,0
1531212974372,1531212974367,2622219,0.00003335,3.00000000,1
1531212981957,1531212981954,2622220,0.00003375,60.00000000,0
1531212982181,1531212982177,2622221,0.00003375,54.00000000,0
1531212982304,1531212982298,2622222,0.00003375,45.00000000,0
1531212984209,1531212984206,2622223,0.00003345,32.00000000,1
1531213034115,1531213034109,2622224,0.00003347,12.00000000,1
1531213067397,1531213067394,2622225,0.00003358,238.00000000,1
1531213067397,1531213067394,2622226,0.00003352,9.00000000,1
1531213069300,1531213069297,2622227,0.00003371,237.00000000,0
1531213069300,1531213069297,2622228,0.00003377,2557.00000000,0
1531213159325,1531213159321,2622229,0.00003377,1670.00000000,0
1531213159350,1531213159346,2622230,0.00003377,126.00000000,1
1531213159350,1531213159347,2622231,0.00003377,126.00000000,1
1531213159385,1531213159381,2622232,0.00003377,196.00000000,1
1531213159413,1531213159409,2622233,0.00003377,186.00000000,1
1531213159457,1531213159452,2622234,0.00003379,30.00000000,0
1531213159457,1531213159452,2622235,0.00003387,81.00000000,0
1531213159457,1531213159452,2622236,0.00003392,96.00000000,0
1531213169101,1531213169096,2622237,0.00003377,74.00000000,1
1531213178906,1531213178901,2622238,0.00003378,225.00000000,1
1531213188739,1531213188735,2622239,0.00003379,84.00000000,1
1531213204923,1531213204919,2622240,0.00003392,1926.00000000,0
1531213204946,1531213204940,2622241,0.00003392,28.00000000,1
1531213205576,1531213205572,2622242,0.00003392,59.00000000,1
1531213209991,1531213209985,2622243,0.00003393,1.00000000,1
1531213210562,1531213210557,2622244,0.00003393,90.00000000,1
1531213216195,1531213216193,2622245,0.00003393,32.00000000,1
1531213238105,1531213238099,2622246,0.00003392,33.00000000,1
1531213261190,1531213261185,2622247,0.00003392,32.00000000,1
1531213325579,1531213325575,2622248,0.00003394,33.00000000,0
1531213335389,1531213335384,2622249,0.00003385,278.00000000,1
1531213357230,1531213357224,2622250,0.00003383,85.00000000,1
1531213389335,1531213389332,2622251,0.00003393,111.00000000,0
1531213396669,1531213396664,2622252,0.00003393,23.00000000,1
1531213396669,1531213396664,2622253,0.00003382,1182.00000000,1
1531213397092,1531213397087,2622254,0.00003382,64.00000000,0
1531213461995,1531213461988,2622255,0.00003380,652.00000000,1
1531213461995,1531213461988,2622256,0.00003378,224.00000000,1
1531213461995,1531213461988,2622257,0.00003364,42.00000000,1
1531213461995,1531213461988,2622258,0.00003361,595.00000000,1
1531213463284,1531213463280,2622259,0.00003361,303.00000000,1
1531213510439,1531213510434,2622260,0.00003363,75.00000000,1
1531213523713,1531213523709,2622261,0.00003394,149.00000000,0
1531213527425,1531213527421,2622262,0.00003394,70.00000000,0
1531213534218,1531213534212,2622263,0.00003394,28.00000000,0
1531213539527,1531213539524,2622264,0.00003363,8.00000000,1
1531213542246,1531213542243,2622265,0.00003394,116.00000000,0
1531213568172,1531213568166,2622266,0.00003363,172.00000000,1
1531213568172,1531213568166,2622267,0.00003360,418.00000000,1
1531213571088,1531213571084,2622268,0.00003377,64.00000000,0
1531213640165,1531213640159,2622269,0.00003375,32.00000000,0
1531213657963,1531213657960,2622270,0.00003375,30.00000000,0
1531213677631,1531213677626,2622271,0.00003375,271.00000000,0
1531213682353,1531213682348,2622272,0.00003364,2.00000000,1
1531213700158,1531213700152,2622273,0.00003377,100.00000000,0
1531213700687,1531213700681,2622274,0.00003377,254.00000000,0
1531213700687,1531213700681,2622275,0.00003393,255.00000000,0
1531213700687,1531213700681,2622276,0.00003395,282.00000000,0
1531213700687,1531213700681,2622277,0.00003396,31.00000000,0
1531213700687,1531213700681,2622278,0.00003404,87.00000000,0
1531213700687,1531213700681,2622279,0.00003420,93.00000000,0
1531213700687,1531213700681,2622280,0.00003429,69.00000000,0
1531213700687,1531213700681,2622281,0.00003431,76.00000000,0
1531213700687,1531213700681,2622282,0.00003434,898.00000000,0
1531213700687,1531213700681,2622283,0.00003435,281.00000000,0
1531213700758,1531213700753,2622284,0.00003435,201.00000000,0
1531213702176,1531213702171,2622285,0.00003379,3.00000000,1
1531213703575,1531213703570,2622286,0.00003433,100.00000000,0
1531213704804,1531213704799,2622287,0.00003380,3.00000000,1
1531213704931,1531213704927,2622288,0.00003433,62.00000000,0
1531213704931,1531213704927,2622289,0.00003434,192.00000000,0
1531213705702,1531213705697,2622290,0.00003398,160.00000000,1
1531213706189,1531213706184,2622291,0.00003427,100.00000000,0
1531213709165,1531213709159,2622292,0.00003425,100.00000000,0
1531213709431,1531213709426,2622293,0.00003425,152.00000000,0
1531213712644,1531213712639,2622294,0.00003427,60.00000000,0
1531213712644,1531213712639,2622295,0.00003435,563.00000000,0
1531213712842,1531213712838,2622296,0.00003435,239.00000000,0
1531213713212,1531213713207,2622297,0.00003425,35.00000000,1
1531213713309,1531213713305,2622298,0.00003425,65.00000000,1
1531213715089,1531213715084,2622299,0.00003435,1256.00000000,0
1531213715220,1531213715216,2622300,0.00003435,100.00000000,0
1531213730323,1531213730318,2622301,0.00003425,45.00000000,0
1531213760187,1531213760180,2622302,0.00003399,126.00000000,1
1531213760187,1531213760180,2622303,0.00003395,2098.00000000,1
1531213760187,1531213760180,2622304,0.00003392,124.00000000,1
1531213760187,1531213760180,2622305,0.00003391,1754.00000000,1
1531213760187,1531213760180,2622306,0.00003388,37.00000000,1
1531213794014,1531213794010,2622307,0.00003380,178.00000000,1
1531213803996,1531213803992,2622308,0.00003374,1039.00000000,1
1531213806603,1531213806600,2622309,0.00003380,63.00000000,0
1531213820821,1531213820817,2622310,0.00003373,138.00000000,0
1531213835781,1531213835775,2622311,0.00003381,63.00000000,0
1531213930257,1531213930252,2622312,0.00003367,32.00000000,1
1531213952057,1531213952052,2622313,0.00003371,32.00000000,1
1531213971200,1531213971195,2622314,0.00003364,32.00000000,1
1531213993194,1531213993191,2622315,0.00003369,33.00000000,1
1531214011189,1531214011183,2622316,0.00003364,33.00000000,1
1531214053164,1531214053161,2622317,0.00003365,32.00000000,1
1531214064857,1531214064852,2622318,0.00003386,25.00000000,0
1531214075140,1531214075136,2622319,0.00003365,32.00000000,1
1531214120178,1531214120173,2622320,0.00003368,227.00000000,1
1531214121111,1531214121107,2622321,0.00003368,228.00000000,1
1531214130068,1531214130062,2622322,0.00003368,11.00000000,1
1531214163117,1531214163112,2622323,0.00003370,201.00000000,1
1531214248285,1531214248281,2622324,0.00003370,32.00000000,1
1531214269059,1531214269057,2622325,0.00003370,33.00000000,1
1531214309445,1531214309440,2622326,0.00003363,40.00000000,1
1531214331045,1531214331042,2622327,0.00003366,32.00000000,1
1531214351053,1531214351048,2622328,0.00003372,33.00000000,1
1531214371060,1531214371055,2622329,0.00003372,32.00000000,1
1531214377222,1531214377217,2622330,0.00003372,129.00000000,1
1531214377222,1531214377217,2622331,0.00003370,237.00000000,1
1531214377242,1531214377239,2622332,0.00003370,134.00000000,0
1531214416871,1531214416866,2622333,0.00003380,236.00000000,0
1531214416871,1531214416866,2622334,0.00003386,753.00000000,0
1531214455239,1531214455235,2622335,0.00003369,32.00000000,1
1531214496243,1531214496238,2622336,0.00003369,32.00000000,1
1531214518278,1531214518274,2622337,0.00003369,32.00000000,1
1531214535355,1531214535351,2622338,0.00003386,1.00000000,0
1531214541049,1531214541046,2622339,0.00003369,33.00000000,1
1531214542214,1531214542210,2622340,0.00003369,32.00000000,1
1531214578367,1531214578364,2622341,0.00003369,16.00000000,1
1531214579712,1531214579707,2622342,0.00003369,12.00000000,1
1531214580353,1531214580348,2622343,0.00003369,32.00000000,1
1531214603398,1531214603394,2622344,0.00003369,16.00000000,1
1531214603398,1531214603394,2622345,0.00003362,17.00000000,1
1531214623057,1531214623054,2622346,0.00003360,32.00000000,1
1531214623182,1531214623177,2622347,0.00003360,32.00000000,1
1531214641048,1531214641044,2622348,0.00003360,32.00000000,1
1531214647804,1531214647799,2622349,0.00003360,2.00000000,1
1531214652167,1531214652163,2622350,0.00003360,85.00000000,1
1531214657679,1531214657675,2622351,0.00003360,33.00000000,1
1531214662058,1531214662054,2622352,0.00003360,138.00000000,1
1531214669844,1531214669840,2622353,0.00003363,237.00000000,1
1531214687076,1531214687072,2622354,0.00003359,298.00000000,1
1531214697177,1531214697173,2622355,0.00003359,297.00000000,1
1531214730153,1531214730145,2622356,0.00003349,32.00000000,1
1531214760093,1531214760089,2622357,0.00003349,61.00000000,1
1531214765535,1531214765532,2622358,0.00003349,8.00000000,1
1531214793285,1531214793281,2622359,0.00003349,230.00000000,1
1531214793285,1531214793281,2622360,0.00003348,46.00000000,1
1531214824086,1531214824083,2622361,0.00003348,33.00000000,1
1531214826256,1531214826252,2622362,0.00003359,37.00000000,0
1531214829184,1531214829181,2622363,0.00003356,238.00000000,0
1531214862424,1531214862420,2622364,0.00003356,65.00000000,0
1531214871762,1531214871758,2622365,0.00003343,239.00000000,1
1531214871762,1531214871758,2622366,0.00003335,46.00000000,1
1531214872992,1531214872988,2622367,0.00003356,1.00000000,0
1531214880152,1531214880147,2622368,0.00003356,32.00000000,0
1531214902184,1531214902179,2622369,0.00003355,33.00000000,0
1531214922162,1531214922157,2622370,0.00003355,32.00000000,0
1531214941066,1531214941063,2622371,0.00003354,33.00000000,0
1531214963059,1531214963054,2622372,0.00003351,33.00000000,0
1531214986215,1531214986210,2622373,0.00003351,32.00000000,0
1531215007824,1531215007820,2622374,0.00003351,33.00000000,0
1531215008823,1531215008818,2622375,0.00003349,33.00000000,0
1531215043458,1531215043455,2622376,0.00003349,32.00000000,0
1531215047016,1531215047012,2622377,0.00003349,60.00000000,0
1531215048063,1531215048060,2622378,0.00003349,32.00000000,0
1531215132179,1531215132174,2622379,0.00003338,32.00000000,1
1531215153441,1531215153436,2622380,0.00003349,32.00000000,0
1531215194148,1531215194144,2622381,0.00003348,32.00000000,0
1531215236146,1531215236143,2622382,0.00003348,32.00000000,0
1531215336495,1531215336490,2622383,0.00003346,75.00000000,0
1531215336529,1531215336526,2622384,0.00003346,202.00000000,0
1531215336554,1531215336549,2622385,0.00003346,202.00000000,0
1531215336560,1531215336557,2622386,0.00003346,141.00000000,0
1531215336597,1531215336592,2622387,0.00003346,202.00000000,0
1531215344597,1531215344594,2622388,0.00003338,9.00000000,1
1531215368560,1531215368555,2622389,0.00003346,14.00000000,0
1531215371308,1531215371303,2622390,0.00003346,32.00000000,0
1531215405931,1531215405928,2622391,0.00003338,28.00000000,1
1531215431502,1531215431496,2622392,0.00003346,1.00000000,0
1531215454101,1531215454097,2622393,0.00003346,32.00000000,0
1531215577089,1531215577084,2622394,0.00003346,32.00000000,0
1531215624108,1531215624105,2622395,0.00003346,32.00000000,0
1531215687058,1531215687054,2622396,0.00003346,32.00000000,0
1531215690128,1531215690123,2622397,0.00003338,170.00000000,1
1531215692262,1531215692258,2622398,0.00003335,65.00000000,1
1531215731548,1531215731544,2622399,0.00003330,6.00000000,1
1531215746248,1531215746245,2622400,0.00003330,166.00000000,1
1531215789059,1531215789055,2622401,0.00003329,32.00000000,0
1531215796937,1531215796933,2622402,0.00003327,1943.00000000,1
1531215796937,1531215796933,2622403,0.00003326,46.00000000,1
1531215796937,1531215796933,2622404,0.00003325,242.00000000,1
1531215797137,1531215797131,2622405,0.00003323,880.00000000,1
1531215799138,1531215799133,2622406,0.00003322,1094.00000000,1
1531215800150,1531215800147,2622407,0.00003317,100.00000000,1
1531215801144,1531215801140,2622408,0.00003315,157.00000000,1
1531215804121,1531215804117,2622409,0.00003319,61.00000000,0
1531215808048,1531215808045,2622410,0.00003316,32.00000000,0
1531215815256,1531215815252,2622411,0.00003309,30.00000000,0
1531215818333,1531215818328,2622412,0.00003306,100.00000000,0
1531215833051,1531215833047,2622413,0.00003313,32.00000000,0
1531215850838,1531215850834,2622414,0.00003303,62.00000000,1
1531215851046,1531215851042,2622415,0.00003313,32.00000000,0
1531215851983,1531215851979,2622416,0.00003303,31.00000000,1
1531215863055,1531215863051,2622417,0.00003313,177.00000000,0
1531215863055,1531215863051,2622418,0.00003324,1004.00000000,0
1531215863055,1531215863051,2622419,0.00003325,780.00000000,0
1531215927929,1531215927926,2622420,0.00003320,32.00000000,0
1531215948892,1531215948887,2622421,0.00003296,3082.00000000,1
1531215950736,1531215950732,2622422,0.00003294,1.00000000,1
1531215994951,1531215994948,2622423,0.00003320,1.00000000,0
1531216004040,1531216004035,2622424,0.00003296,416.00000000,1
1531216004139,1531216004133,2622425,0.00003295,1378.00000000,0
1531216004753,1531216004749,2622426,0.00003295,1655.00000000,0
1531216004753,1531216004749,2622427,0.00003320,28.00000000,0
1531216004753,1531216004749,2622428,0.00003325,4855.00000000,0
1531216009402,1531216009398,2622429,0.00003325,1.00000000,0
1531216048365,1531216048362,2622430,0.00003296,123.00000000,1
1531216048365,1531216048362,2622431,0.00003292,46.00000000,1
1531216049171,1531216049167,2622432,0.00003292,37.00000000,0
1531216112875,1531216112872,2622433,0.00003291,62.00000000,1
1531216181937,1531216181934,2622434,0.00003307,30.00000000,0
1531216312373,1531216312370,2622435,0.00003290,33.00000000,1
1531216339152,1531216339147,2622436,0.00003290,158.00000000,1
1531216436394,1531216436391,2622437,0.00003291,185.00000000,1
1531216458425,1531216458421,2622438,0.00003291,57.00000000,1
1531216464237,1531216464233,2622439,0.00003291,30.00000000,0
1531216482414,1531216482409,2622440,0.00003291,411.00000000,0
1531216484625,1531216484621,2622441,0.00003297,7.00000000,0
1531216484875,1531216484872,2622442,0.00003297,11.00000000,0
1531216484978,1531216484973,2622443,0.00003297,7.00000000,0
1531216485034,1531216485029,2622444,0.00003297,13.00000000,0
1531216485188,1531216485184,2622445,0.00003297,8.00000000,0
1531216485224,1531216485220,2622446,0.00003297,22.00000000,0
1531216485325,1531216485321,2622447,0.00003297,17.00000000,0
1531216485464,1531216485459,2622448,0.00003297,7.00000000,0
1531216485669,1531216485665,2622449,0.00003297,13.00000000,0
1531216485748,1531216485743,2622450,0.00003297,11.00000000,0
1531216485787,1531216485783,2622451,0.00003297,8.00000000,0
1531216485884,1531216485880,2622452,0.00003297,16.00000000,0
1531216485959,1531216485955,2622453,0.00003297,7.00000000,0
1531216486175,1531216486170,2622454,0.00003297,7.00000000,0
1531216486323,1531216486318,2622455,0.00003297,7.00000000,0
1531216486388,1531216486384,2622456,0.00003297,13.00000000,0
1531216486445,1531216486440,2622457,0.00003297,7.00000000,0
1531216486538,1531216486533,2622458,0.00003297,10.00000000,0
1531216486651,1531216486647,2622459,0.00003297,9.00000000,0
1531216486752,1531216486748,2622460,0.00003297,6.00000000,0
1531216486879,1531216486876,2622461,0.00003297,27.00000000,0
1531216487076,1531216487073,2622462,0.00003297,6.00000000,0
1531216487160,1531216487156,2622463,0.00003297,3.00000000,0
1531216487160,1531216487156,2622464,0.00003304,6.00000000,0
1531216487250,1531216487244,2622465,0.00003304,10.00000000,0
1531216487450,1531216487445,2622466,0.00003304,13.00000000,0
1531216487616,1531216487611,2622467,0.00003304,9.00000000,0
1531216487696,1531216487692,2622468,0.00003304,11.00000000,0
1531216487743,1531216487740,2622469,0.00003304,10.00000000,0
1531216487865,1531216487861,2622470,0.00003304,12.00000000,0
1531216487997,1531216487992,2622471,0.00003304,7.00000000,0
1531216488060,1531216488057,2622472,0.00003304,28.00000000,0
1531216488706,1531216488702,2622473,0.00003304,9.00000000,0
1531216488826,1531216488822,2622474,0.00003304,18.00000000,0
1531216522952,1531216522949,2622475,0.00003304,130.00000000,0
1531216562264,1531216562261,2622476,0.00003291,165.00000000,1
1531216581738,1531216581735,2622477,0.00003304,288.00000000,0
1531216591750,1531216591746,2622478,0.00003304,1.00000000,0
1531216621186,1531216621183,2622479,0.00003304,194.00000000,0
1531216627365,1531216627360,2622480,0.00003304,44.00000000,0
1531216665498,1531216665495,2622481,0.00003304,192.00000000,0
1531216665533,1531216665530,2622482,0.00003304,192.00000000,0
1531216679395,1531216679389,2622483,0.00003304,9.00000000,0
1531216857982,1531216857979,2622484,0.00003304,1.00000000,0
1531216859952,1531216859947,2622485,0.00003304,60.00000000,0
1531216860271,1531216860266,2622486,0.00003304,56.00000000,0
1531216969025,1531216969021,2622487,0.00003307,32.00000000,0
1531216969025,1531216969021,2622488,0.00003308,61.00000000,0
1531216969025,1531216969021,2622489,0.00003309,209.00000000,0
1531217111532,1531217111528,2622490,0.00003309,32.00000000,0
1531217186613,1531217186608,2622491,0.00003304,175.00000000,1
1531217186613,1531217186608,2622492,0.00003303,24.00000000,1
1531217229287,1531217229282,2622493,0.00003303,218.00000000,1
1531217229287,1531217229282,2622494,0.00003291,939.00000000,1
1531217229287,1531217229282,2622495,0.00003290,475.00000000,1
1531217229287,1531217229282,2622496,0.00003286,761.00000000,1
1531217229287,1531217229282,2622497,0.00003284,308.00000000,1
1531217229287,1531217229282,2622498,0.00003276,51.00000000,1
1531217229287,1531217229282,2622499,0.00003275,838.00000000,1
1531217229300,1531217229296,2622500,0.00003275,3935.00000000,0
1531217229323,1531217229318,2622501,0.00003282,191.00000000,0
1531217229323,1531217229318,2622502,0.00003282,191.00000000,0
1531217229347,1531217229342,2622503,0.00003276,191.00000000,1
1531217229357,1531217229353,2622504,0.00003282,171.00000000,0
1531217230142,1531217230138,2622505,0.00003317,241.00000000,0
1531217230142,1531217230138,2622506,0.00003322,386.00000000,0
1531217230413,1531217230408,2622507,0.00003278,757.00000000,1
1531217245028,1531217245024,2622508,0.00003279,31.00000000,1
1531217285236,1531217285232,2622509,0.00003281,62.00000000,1
1531217302169,1531217302164,2622510,0.00003281,33.00000000,1
1531217346366,1531217346362,2622511,0.00003281,975.00000000,1
1531217353875,1531217353870,2622512,0.00003282,8119.00000000,0
1531217355198,1531217355192,2622513,0.00003276,244.00000000,1
1531217355198,1531217355192,2622514,0.00003275,541.00000000,1
1531217355198,1531217355192,2622515,0.00003274,645.00000000,1
1531217374268,1531217374265,2622516,0.00003276,290.00000000,1
1531217388512,1531217388507,2622517,0.00003286,316.00000000,0
1531217391269,1531217391266,2622518,0.00003286,8.00000000,0
1531217408481,1531217408476,2622519,0.00003280,2434.00000000,0
1531217408482,1531217408477,2622520,0.00003280,2434.00000000,0
1531217408482,1531217408477,2622521,0.00003280,1696.00000000,0
1531217408483,1531217408478,2622522,0.00003280,2434.00000000,0
1531217408493,1531217408489,2622523,0.00003280,1002.00000000,0
1531217408728,1531217408722,2622524,0.00003286,392.00000000,0
1531217441914,1531217441910,2622525,0.00003284,1717.00000000,0
1531217444167,1531217444162,2622526,0.00003284,2.00000000,0
1531217444167,1531217444162,2622527,0.00003285,31.00000000,0
1531217448931,1531217448925,2622528,0.00003285,857.00000000,0
1531217465107,1531217465104,2622529,0.00003284,33.00000000,0
1531217474544,1531217474539,2622530,0.00003283,160.00000000,0
1531217474689,1531217474684,2622531,0.00003284,304.00000000,0
1531217474740,1531217474735,2622532,0.00003284,726.00000000,0
1531217475493,1531217475487,2622533,0.00003285,1004.00000000,0
1531217485077,1531217485073,2622534,0.00003285,33.00000000,0
1531217503093,1531217503088,2622535,0.00003285,33.00000000,0
1531217523304,1531217523298,2622536,0.00003285,34.00000000,0
1531217546171,1531217546167,2622537,0.00003283,67.00000000,0
1531217564020,1531217564016,2622538,0.00003283,2.00000000,0
1531217566109,1531217566104,2622539,0.00003283,70.00000000,0
1531217588271,1531217588268,2622540,0.00003283,69.00000000,0
1531217588302,1531217588298,2622541,0.00003283,73.00000000,0
1531217647212,1531217647207,2622542,0.00003285,138.00000000,0
1531217647433,1531217647428,2622543,0.00003285,50.00000000,0
1531217666312,1531217666309,2622544,0.00003285,179.00000000,0
1531217666341,1531217666337,2622545,0.00003285,179.00000000,0
1531217668073,1531217668068,2622546,0.00003285,88.00000000,0
1531217669178,1531217669174,2622547,0.00003285,87.00000000,0
1531217690050,1531217690046,2622548,0.00003285,215.00000000,0
1531217690421,1531217690416,2622549,0.00003285,215.00000000,0
1531217691009,1531217691004,2622550,0.00003285,216.00000000,0
1531217691102,1531217691097,2622551,0.00003285,6641.00000000,0
1531217693448,1531217693443,2622552,0.00003289,31.00000000,0
1531217706156,1531217706151,2622553,0.00003283,160.00000000,1
1531217706156,1531217706151,2622554,0.00003281,4006.00000000,1
1531217706156,1531217706151,2622555,0.00003280,28096.00000000,1
1531217706156,1531217706151,2622556,0.00003279,1063.00000000,1
1531217706156,1531217706151,2622557,0.00003278,5708.00000000,1
1531217706156,1531217706151,2622558,0.00003268,305.00000000,1
1531217706156,1531217706151,2622559,0.00003267,6347.00000000,1
1531217706157,1531217706151,2622560,0.00003267,1000.00000000,1
1531217706196,1531217706192,2622561,0.00003273,305.00000000,0
1531217706335,1531217706331,2622562,0.00003273,244.00000000,0
1531217739762,1531217739757,2622563,0.00003274,188.00000000,1
1531217739879,1531217739874,2622564,0.00003274,98.00000000,1
1531217739907,1531217739903,2622565,0.00003274,70.00000000,0
1531217741183,1531217741178,2622566,0.00003269,316.00000000,1
1531217742085,1531217742081,2622567,0.00003269,70.00000000,1
1531217743782,1531217743778,2622568,0.00003269,116.00000000,1
1531217743814,1531217743809,2622569,0.00003269,564.00000000,1
1531217744168,1531217744162,2622570,0.00003269,149.00000000,1
1531217763454,1531217763449,2622571,0.00003296,160.00000000,0
1531217763454,1531217763449,2622572,0.00003298,61.00000000,0
1531217763454,1531217763449,2622573,0.00003299,31.00000000,0
1531217763454,1531217763449,2622574,0.00003304,651.00000000,0
1531217764048,1531217764043,2622575,0.00003304,5.00000000,0
1531217764048,1531217764043,2622576,0.00003305,31.00000000,0
1531217764048,1531217764043,2622577,0.00003314,66.00000000,0
1531217764048,1531217764043,2622578,0.00003315,31.00000000,0
1531217764048,1531217764043,2622579,0.00003320,176.00000000,0
1531217786761,1531217786757,2622580,0.00003286,143.00000000,1
1531217787005,1531217787000,2622581,0.00003286,46.00000000,1
1531217789509,1531217789505,2622582,0.00003287,45.00000000,0
1531217790062,1531217790057,2622583,0.00003281,274.00000000,1
1531217790062,1531217790057,2622584,0.00003271,27.00000000,1
1531217798486,1531217798481,2622585,0.00003285,36.00000000,0
1531217830061,1531217830056,2622586,0.00003283,62.00000000,0
1531217830061,1531217830056,2622587,0.00003284,167.00000000,0
1531217830676,1531217830671,2622588,0.00003284,164.00000000,0
1531217850939,1531217850935,2622589,0.00003272,62.00000000,1
1531217871558,1531217871554,2622590,0.00003272,33.00000000,1
1531217876136,1531217876131,2622591,0.00003286,1.00000000,0
1531217922594,1531217922589,2622592,0.00003286,66.00000000,0
1531217931045,1531217931042,2622593,0.00003286,117.00000000,0
1531217933062,1531217933057,2622594,0.00003286,59.00000000,0
1531217935656,1531217935652,2622595,0.00003289,24.00000000,0
1531217992045,1531217992040,2622596,0.00003287,114.00000000,0
1531218027670,1531218027666,2622597,0.00003283,30.00000000,0
1531218040439,1531218040436,2622598,0.00003281,104.00000000,0
1531218058664,1531218058660,2622599,0.00003281,30.00000000,0
1531218061748,1531218061744,2622600,0.00003280,188.00000000,0
1531218086110,1531218086105,2622601,0.00003279,148.00000000,0
1531218086225,1531218086221,2622602,0.00003279,148.00000000,0
1531218089952,1531218089948,2622603,0.00003279,1305.00000000,0
1531218116203,1531218116199,2622604,0.00003278,62.00000000,0
1531218123147,1531218123143,2622605,0.00003277,465.00000000,0
1531218123289,1531218123284,2622606,0.00003277,162.00000000,0
1531218123330,1531218123327,2622607,0.00003277,604.00000000,0
1531218123375,1531218123371,2622608,0.00003277,301.00000000,0
1531218125621,1531218125618,2622609,0.00003277,3.00000000,0
1531218134606,1531218134602,2622610,0.00003277,2333.00000000,0
1531218140503,1531218140497,2622611,0.00003275,2084.00000000,1
1531218140503,1531218140497,2622612,0.00003274,3589.00000000,1
1531218141502,1531218141497,2622613,0.00003272,149.00000000,1
1531218143121,1531218143114,2622614,0.00003272,396.00000000,0
1531218143363,1531218143359,2622615,0.00003271,93.00000000,1
1531218143422,1531218143418,2622616,0.00003272,1073.00000000,0
1531218144134,1531218144130,2622617,0.00003272,313.00000000,0
1531218144591,1531218144586,2622618,0.00003272,313.00000000,0
1531218145726,1531218145722,2622619,0.00003271,535.00000000,0
1531218146097,1531218146092,2622620,0.00003271,1153.00000000,0
1531218146097,1531218146092,2622621,0.00003272,415.00000000,0
1531218146812,1531218146807,2622622,0.00003272,465.00000000,0
1531218147249,1531218147243,2622623,0.00003272,921.00000000,0
1531218147249,1531218147243,2622624,0.00003273,81.00000000,0
1531218155193,1531218155187,2622625,0.00003267,33.00000000,1
1531218175260,1531218175255,2622626,0.00003267,27.00000000,1
1531218175305,1531218175302,2622627,0.00003266,4.00000000,0
1531218267899,1531218267894,2622628,0.00003272,2083.00000000,1
1531218267899,1531218267894,2622629,0.00003271,1310.00000000,1
1531218269232,1531218269228,2622630,0.00003271,167.00000000,1
1531218269280,1531218269276,2622631,0.00003271,276.00000000,1
1531218269280,1531218269276,2622632,0.00003270,244.00000000,1
1531218269280,1531218269276,2622633,0.00003266,253.00000000,1
1531218270311,1531218270305,2622634,0.00003264,81.00000000,1
1531218270311,1531218270305,2622635,0.00003259,34.00000000,1
1531218270311,1531218270305,2622636,0.00003258,977.00000000,1
1531218283766,1531218283762,2622637,0.00003275,3.00000000,0
1531218336891,1531218336887,2622638,0.00003266,62.00000000,1
1531218342214,1531218342208,2622639,0.00003266,95.00000000,1
1531218371396,1531218371391,2622640,0.00003266,1080.00000000,1
1531218376095,1531218376091,2622641,0.00003262,170.00000000,1
1531218376402,1531218376397,2622642,0.00003265,154.00000000,1
1531218378393,1531218378388,2622643,0.00003265,150.00000000,1
1531218382055,1531218382050,2622644,0.00003273,135.00000000,0
1531218387558,1531218387552,2622645,0.00003269,37.00000000,0
1531218406556,1531218406551,2622646,0.00003268,30.00000000,0
1531218411751,1531218411746,2622647,0.00003256,90.00000000,1
1531218411751,1531218411746,2622648,0.00003252,31.00000000,1
1531218411751,1531218411746,2622649,0.00003250,149.00000000,1
1531218416779,1531218416775,2622650,0.00003252,5.00000000,1
1531218423756,1531218423751,2622651,0.00003264,162.00000000,0
1531218423815,1531218423810,2622652,0.00003264,148.00000000,0
1531218423860,1531218423856,2622653,0.00003264,176.00000000,0
1531218423951,1531218423947,2622654,0.00003264,202.00000000,0
1531218431674,1531218431670,2622655,0.00003259,34.00000000,0
1531218434642,1531218434635,2622656,0.00003264,259.00000000,0
1531218434681,1531218434677,2622657,0.00003264,396.00000000,0
1531218434865,1531218434860,2622658,0.00003263,313.00000000,0
1531218434928,1531218434923,2622659,0.00003263,162.00000000,0
1531218435538,1531218435532,2622660,0.00003263,340.00000000,0
1531218439359,1531218439353,2622661,0.00003261,740.00000000,0
1531218439359,1531218439353,2622662,0.00003262,221.00000000,0
1531218439607,1531218439604,2622663,0.00003262,148.00000000,0
1531218439645,1531218439640,2622664,0.00003262,162.00000000,0
1531218439810,1531218439806,2622665,0.00003262,409.00000000,0
1531218440028,1531218440024,2622666,0.00003262,713.00000000,0
1531218440081,1531218440077,2622667,0.00003262,273.00000000,0
1531218440127,1531218440123,2622668,0.00003262,492.00000000,0
1531218440613,1531218440609,2622669,0.00003262,231.00000000,0
1531218441931,1531218441927,2622670,0.00003262,9.00000000,0
1531218445383,1531218445377,2622671,0.00003262,388.00000000,0
1531218454497,1531218454492,2622672,0.00003264,244.00000000,0
1531218461321,1531218461317,2622673,0.00003262,1077.00000000,0
1531218470058,1531218470055,2622674,0.00003262,1.00000000,0
1531218475037,1531218475033,2622675,0.00003261,313.00000000,0
1531218478680,1531218478676,2622676,0.00003261,306.00000000,0
1531218479691,1531218479687,2622677,0.00003261,306.00000000,0
1531218480696,1531218480691,2622678,0.00003261,303.00000000,0
1531218486640,1531218486637,2622679,0.00003261,7.00000000,0
1531218488818,1531218488813,2622680,0.00003257,63.00000000,1
1531218493880,1531218493874,2622681,0.00003257,122.00000000,1
1531218493880,1531218493874,2622682,0.00003253,94.00000000,1
1531218495275,1531218495270,2622683,0.00003260,128.00000000,0
1531218495287,1531218495282,2622684,0.00003260,128.00000000,0
1531218495309,1531218495305,2622685,0.00003260,128.00000000,0
1531218495345,1531218495340,2622686,0.00003253,128.00000000,1
1531218495366,1531218495361,2622687,0.00003260,128.00000000,0
1531218495424,1531218495419,2622688,0.00003260,185.00000000,0
1531218498931,1531218498927,2622689,0.00003260,452.00000000,0
1531218499021,1531218499016,2622690,0.00003260,852.00000000,0
1531218516256,1531218516252,2622691,0.00003254,80.00000000,1
1531218516284,1531218516279,2622692,0.00003254,175.00000000,1
1531218522806,1531218522801,2622693,0.00003258,255.00000000,0
1531218522806,1531218522801,2622694,0.00003259,1079.00000000,0
1531218522876,1531218522871,2622695,0.00003259,409.00000000,0
1531218522917,1531218522912,2622696,0.00003259,231.00000000,0
1531218522988,1531218522984,2622697,0.00003259,396.00000000,0
1531218523150,1531218523146,2622698,0.00003259,33.00000000,0
1531218535581,1531218535577,2622699,0.00003261,245.00000000,0
1531218545350,1531218545344,2622700,0.00003258,34.00000000,0
1531218563057,1531218563054,2622701,0.00003257,33.00000000,0
1531218567617,1531218567611,2622702,0.00003257,58.00000000,0
1531218584043,1531218584039,2622703,0.00003256,34.00000000,0
1531218593100,1531218593096,2622704,0.00003256,30.00000000,0
1531218607054,1531218607049,2622705,0.00003255,33.00000000,0
1531218629053,1531218629046,2622706,0.00003254,34.00000000,0
1531218633422,1531218633418,2622707,0.00003259,245.00000000,0
1531218649054,1531218649049,2622708,0.00003253,33.00000000,0
1531218672144,1531218672139,2622709,0.00003252,34.00000000,0
1531218679122,1531218679118,2622710,0.00003251,2.00000000,0
1531218692555,1531218692550,2622711,0.00003251,33.00000000,0
1531218693737,1531218693734,2622712,0.00003251,2091.00000000,1
1531218693737,1531218693734,2622713,0.00003250,321.00000000,1
1531218703740,1531218703734,2622714,0.00003249,148.00000000,0
1531218703964,1531218703960,2622715,0.00003249,148.00000000,0
1531218712065,1531218712061,2622716,0.00003249,33.00000000,0
1531218713519,1531218713514,2622717,0.00003249,1762.00000000,0
1531218713962,1531218713958,2622718,0.00003247,735.00000000,1
1531218713962,1531218713958,2622719,0.00003246,31.00000000,1
1531218714030,1531218714024,2622720,0.00003245,175.00000000,0
1531218714185,1531218714179,2622721,0.00003245,308.00000000,0
1531218714223,1531218714217,2622722,0.00003245,1659.00000000,0
1531218714460,1531218714455,2622723,0.00003245,104.00000000,0
1531218714467,1531218714463,2622724,0.00003245,591.00000000,0
1531218714469,1531218714465,2622725,0.00003245,102.00000000,0
1531218714555,1531218714549,2622726,0.00003245,3056.00000000,0
1531218716441,1531218716436,2622727,0.00003254,245.00000000,0
1531218731722,1531218731718,2622728,0.00003277,61.00000000,0
1531218775928,1531218775922,2622729,0.00003268,128.00000000,1
1531218800917,1531218800912,2622730,0.00003263,31.00000000,1
1531218803698,1531218803691,2622731,0.00003268,66.00000000,0
1531218814081,1531218814076,2622732,0.00003268,33.00000000,0
1531218815074,1531218815069,2622733,0.00003268,33.00000000,0
1531218851785,1531218851780,2622734,0.00003263,213.00000000,1
1531218851785,1531218851780,2622735,0.00003249,62.00000000,1
1531218851785,1531218851780,2622736,0.00003245,2094.00000000,1
1531218851793,1531218851788,2622737,0.00003245,211.00000000,0
1531218851799,1531218851794,2622738,0.00003245,2288.00000000,0
1531218851834,1531218851830,2622739,0.00003272,211.00000000,0
1531218851880,1531218851877,2622740,0.00003244,211.00000000,1
1531218869401,1531218869396,2622741,0.00003271,2.00000000,0
1531218873361,1531218873351,2622742,0.00003244,806.00000000,1
1531218873361,1531218873351,2622743,0.00003243,118.00000000,1
1531218873361,1531218873351,2622744,0.00003241,292.00000000,1
1531218873361,1531218873351,2622745,0.00003238,1034.00000000,1
1531218873361,1531218873351,2622746,0.00003234,2473.00000000,1
1531218873361,1531218873351,2622747,0.00003233,76.00000000,1
1531218873361,1531218873351,2622748,0.00003232,50.00000000,1
1531218873361,1531218873351,2622749,0.00003231,191.00000000,1
1531218873361,1531218873351,2622750,0.00003228,1860.00000000,1
1531218873361,1531218873351,2622751,0.00003224,32.00000000,1
1531218873361,1531218873351,2622752,0.00003222,34.00000000,1
1531218873361,1531218873351,2622753,0.00003220,192.00000000,1
1531218873361,1531218873351,2622754,0.00003215,43.00000000,1
1531218873361,1531218873351,2622755,0.00003212,7000.00000000,1
1531218873361,1531218873351,2622756,0.00003211,518.00000000,1
1531218873361,1531218873351,2622757,0.00003209,266.00000000,1
1531218874063,1531218874057,2622758,0.00003242,1686.00000000,0
1531218874476,1531218874471,2622759,0.00003250,62.00000000,0
1531218876511,1531218876507,2622760,0.00003247,245.00000000,0
1531218877315,1531218877311,2622761,0.00003246,126.00000000,0
1531218882411,1531218882404,2622762,0.00003237,32.00000000,1
1531218882575,1531218882570,2622763,0.00003247,1.00000000,0
1531218882575,1531218882570,2622764,0.00003250,129.00000000,0
1531218882575,1531218882570,2622765,0.00003252,192.00000000,0
1531218882575,1531218882570,2622766,0.00003255,213.00000000,0
1531218895213,1531218895209,2622767,0.00003252,33.00000000,0
1531218917057,1531218917052,2622768,0.00003247,31.00000000,0
1531218917057,1531218917052,2622769,0.00003252,2.00000000,0
1531218921884,1531218921882,2622770,0.00003242,63.00000000,1
1531218923262,1531218923258,2622771,0.00003252,49.00000000,0
1531218924880,1531218924875,2622772,0.00003242,1.00000000,1
1531218939188,1531218939184,2622773,0.00003252,34.00000000,0
1531218959176,1531218959172,2622774,0.00003252,33.00000000,0
1531218976447,1531218976442,2622775,0.00003251,34.00000000,0
1531218982216,1531218982212,2622776,0.00003252,34.00000000,0
1531218992691,1531218992686,2622777,0.00003252,2154.00000000,0
1531218994443,1531218994438,2622778,0.00003253,875.00000000,0
1531218995444,1531218995440,2622779,0.00003255,245.00000000,0
1531218998026,1531218998021,2622780,0.00003254,439.00000000,0
1531218999450,1531218999445,2622781,0.00003256,63.00000000,0
1531219001142,1531219001137,2622782,0.00003259,33.00000000,0
1531219001237,1531219001231,2622783,0.00003259,29.00000000,0
1531219002448,1531219002444,2622784,0.00003260,292.00000000,0
1531219003710,1531219003708,2622785,0.00003261,43.00000000,0
1531219006531,1531219006526,2622786,0.00003264,250.00000000,0
1531219039597,1531219039592,2622787,0.00003266,31.00000000,0
1531219108894,1531219108890,2622788,0.00003274,16.00000000,0
1531219128992,1531219128988,2622789,0.00003274,33.00000000,0
1531219129941,1531219129936,2622790,0.00003274,9.00000000,0
1531219129941,1531219129936,2622791,0.00003275,24.00000000,0
1531219148636,1531219148633,2622792,0.00003275,15.00000000,0
1531219168583,1531219168578,2622793,0.00003275,15.00000000,0
1531219234135,1531219234131,2622794,0.00003275,12.00000000,0
1531219271105,1531219271101,2622795,0.00003291,33.00000000,0
1531219277973,1531219277969,2622796,0.00003278,95.00000000,1
1531219293065,1531219293060,2622797,0.00003290,33.00000000,0
1531219321629,1531219321624,2622798,0.00003277,6.00000000,1
1531219322539,1531219322534,2622799,0.00003277,8.00000000,1
1531219323130,1531219323126,2622800,0.00003277,18.00000000,1
1531219324250,1531219324246,2622801,0.00003277,29.00000000,1
1531219324823,1531219324818,2622802,0.00003277,9.00000000,1
1531219325362,1531219325358,2622803,0.00003277,9.00000000,1
1531219326214,1531219326210,2622804,0.00003277,8.00000000,1
1531219326895,1531219326890,2622805,0.00003277,13.00000000,1
1531219327802,1531219327799,2622806,0.00003277,7.00000000,1
1531219328419,1531219328413,2622807,0.00003277,22.00000000,1
1531219329084,1531219329079,2622808,0.00003277,7.00000000,1
1531219329836,1531219329833,2622809,0.00003277,7.00000000,1
1531219330476,1531219330471,2622810,0.00003277,18.00000000,1
1531219330966,1531219330964,2622811,0.00003277,11.00000000,1
1531219331825,1531219331820,2622812,0.00003277,10.00000000,1
1531219332060,1531219332055,2622813,0.00003290,33.00000000,0
1531219332619,1531219332614,2622814,0.00003277,10.00000000,1
1531219333374,1531219333368,2622815,0.00003277,7.00000000,1
1531219334173,1531219334168,2622816,0.00003277,22.00000000,1
1531219334806,1531219334801,2622817,0.00003277,11.00000000,1
1531219335641,1531219335637,2622818,0.00003277,9.00000000,1
1531219336541,1531219336537,2622819,0.00003277,2.00000000,1
1531219336541,1531219336537,2622820,0.00003275,11.00000000,1
1531219337407,1531219337402,2622821,0.00003275,13.00000000,1
1531219338387,1531219338382,2622822,0.00003275,9.00000000,1
1531219339211,1531219339206,2622823,0.00003275,7.00000000,1
1531219339666,1531219339662,2622824,0.00003275,7.00000000,1
1531219340816,1531219340811,2622825,0.00003275,16.00000000,1
1531219341659,1531219341655,2622826,0.00003275,10.00000000,1
1531219342288,1531219342283,2622827,0.00003275,8.00000000,1
1531219342939,1531219342935,2622828,0.00003275,17.00000000,1
1531219343793,1531219343788,2622829,0.00003275,9.00000000,1
1531219344341,1531219344336,2622830,0.00003275,6.00000000,1
1531219344341,1531219344336,2622831,0.00003253,1.00000000,1
1531219344982,1531219344977,2622832,0.00003253,13.00000000,1
1531219345846,1531219345841,2622833,0.00003253,28.00000000,1
1531219346444,1531219346438,2622834,0.00003252,13.00000000,1
1531219346719,1531219346713,2622835,0.00003276,33.00000000,0
1531219346977,1531219346969,2622836,0.00003252,15.00000000,1
1531219347514,1531219347508,2622837,0.00003252,29.00000000,1
1531219347533,1531219347529,2622838,0.00003252,11.00000000,1
1531219348605,1531219348601,2622839,0.00003252,11.00000000,1
1531219348723,1531219348718,2622840,0.00003266,68.00000000,0
1531219349330,1531219349324,2622841,0.00003252,8.00000000,1
1531219349922,1531219349916,2622842,0.00003252,12.00000000,1
1531219350533,1531219350529,2622843,0.00003252,7.00000000,1
1531219373106,1531219373102,2622844,0.00003276,9.00000000,0
1531219373106,1531219373102,2622845,0.00003291,24.00000000,0
1531219394212,1531219394206,2622846,0.00003291,14.00000000,0
1531219394212,1531219394206,2622847,0.00003305,19.00000000,0
1531219416047,1531219416041,2622848,0.00003271,7.00000000,1
1531219416784,1531219416778,2622849,0.00003271,8.00000000,1
1531219417255,1531219417249,2622850,0.00003269,12.00000000,1
1531219417899,1531219417895,2622851,0.00003269,10.00000000,1
1531219418746,1531219418741,2622852,0.00003270,22.00000000,1
1531219419214,1531219419210,2622853,0.00003270,27.00000000,1
1531219437051,1531219437047,2622854,0.00003304,33.00000000,0
1531219443915,1531219443909,2622855,0.00003304,3.00000000,0
1531219459059,1531219459053,2622856,0.00003304,33.00000000,0
1531219479055,1531219479049,2622857,0.00003304,33.00000000,0
1531219502094,1531219502089,2622858,0.00003304,33.00000000,0
1531219513300,1531219513296,2622859,0.00003304,1.00000000,0
1531219525066,1531219525060,2622860,0.00003304,33.00000000,0
1531219546055,1531219546049,2622861,0.00003304,33.00000000,0
1531219568043,1531219568038,2622862,0.00003304,33.00000000,0
1531219568522,1531219568517,2622863,0.00003304,40.00000000,0
1531219574579,1531219574574,2622864,0.00003304,33.00000000,0
1531219574579,1531219574574,2622865,0.00003307,48.00000000,0
1531219607423,1531219607418,2622866,0.00003280,1535.00000000,1
1531219608458,1531219608453,2622867,0.00003305,33.00000000,0
1531219647852,1531219647847,2622868,0.00003275,2921.00000000,1
1531219647852,1531219647847,2622869,0.00003274,5806.00000000,1
1531219703887,1531219703882,2622870,0.00003298,3.00000000,0
1531219733447,1531219733442,2622871,0.00003291,127.00000000,0
1531219763014,1531219763009,2622872,0.00003277,5.00000000,1
1531219791553,1531219791548,2622873,0.00003286,33.00000000,0
1531219807957,1531219807953,2622874,0.00003288,2.00000000,0
1531219815016,1531219815011,2622875,0.00003277,131.00000000,1
1531219816657,1531219816653,2622876,0.00003277,107.00000000,1
1531219844649,1531219844647,2622877,0.00003266,568.00000000,1
1531219845886,1531219845881,2622878,0.00003265,272.00000000,1
1531219854521,1531219854517,2622879,0.00003261,245.00000000,1
1531219859394,1531219859388,2622880,0.00003266,48.00000000,0
1531219874881,1531219874877,2622881,0.00003263,1964.00000000,0
1531219930773,1531219930767,2622882,0.00003254,63.00000000,1
1531219944927,1531219944922,2622883,0.00003265,2.00000000,0
1531220013263,1531220013258,2622884,0.00003267,244.00000000,0
1531220013263,1531220013258,2622885,0.00003271,62.00000000,0
1531220026146,1531220026144,2622886,0.00003255,33.00000000,1
1531220042329,1531220042324,2622887,0.00003255,32.00000000,1
1531220046140,1531220046135,2622888,0.00003255,33.00000000,1
1531220067147,1531220067142,2622889,0.00003255,34.00000000,1
1531220085982,1531220085976,2622890,0.00003272,82.00000000,0
1531220092047,1531220092042,2622891,0.00003255,33.00000000,1
1531220112823,1531220112818,2622892,0.00003270,18.00000000,0
1531220114062,1531220114058,2622893,0.00003255,34.00000000,1
1531220135055,1531220135050,2622894,0.00003256,34.00000000,1
1531220157109,1531220157103,2622895,0.00003255,33.00000000,1
1531220167599,1531220167593,2622896,0.00003269,3.00000000,0
1531220206147,1531220206143,2622897,0.00003255,33.00000000,1
1531220309182,1531220309178,2622898,0.00003257,33.00000000,1
1531220309901,1531220309896,2622899,0.00003257,33.00000000,1
1531220322598,1531220322595,2622900,0.00003268,11.00000000,0
1531220328193,1531220328190,2622901,0.00003257,33.00000000,1
1531220336677,1531220336671,2622902,0.00003257,20.00000000,1
1531220349258,1531220349256,2622903,0.00003257,33.00000000,1
1531220368169,1531220368164,2622904,0.00003259,33.00000000,1
1531220390166,1531220390160,2622905,0.00003259,33.00000000,1
1531220413164,1531220413159,2622906,0.00003260,34.00000000,1
1531220415462,1531220415456,2622907,0.00003271,61.00000000,0
1531220457052,1531220457048,2622908,0.00003260,33.00000000,1
1531220478463,1531220478457,2622909,0.00003260,32.00000000,1
1531220480057,1531220480054,2622910,0.00003260,34.00000000,1
1531220499213,1531220499209,2622911,0.00003258,33.00000000,1
1531220508077,1531220508072,2622912,0.00003269,21.00000000,0
1531220540042,1531220540035,2622913,0.00003258,33.00000000,1
1531220562177,1531220562173,2622914,0.00003258,34.00000000,1
1531220607172,1531220607166,2622915,0.00003258,33.00000000,1
1531220633084,1531220633080,2622916,0.00003258,34.00000000,1
1531220656064,1531220656058,2622917,0.00003258,33.00000000,1
1531220658224,1531220658220,2622918,0.00003258,33.00000000,1
1531220667576,1531220667570,2622919,0.00003257,93.00000000,1
1531220679219,1531220679214,2622920,0.00003250,33.00000000,1
1531220704064,1531220704060,2622921,0.00003249,33.00000000,1
1531220726105,1531220726099,2622922,0.00003249,33.00000000,1
1531220748136,1531220748131,2622923,0.00003249,33.00000000,1
1531220759075,1531220759069,2622924,0.00003249,147.00000000,1
1531220759075,1531220759069,2622925,0.00003247,125.00000000,1
1531220781239,1531220781234,2622926,0.00003257,6.00000000,0
1531220820362,1531220820355,2622927,0.00003246,50.00000000,1
1531220820362,1531220820355,2622928,0.00003244,13.00000000,1
1531220829061,1531220829057,2622929,0.00003257,33.00000000,0
1531220835564,1531220835559,2622930,0.00003257,206.00000000,0
1531220836598,1531220836592,2622931,0.00003257,338.00000000,1
1531220841911,1531220841905,2622932,0.00003258,2.00000000,0
1531220852064,1531220852059,2622933,0.00003252,33.00000000,1
1531220918918,1531220918914,2622934,0.00003252,33.00000000,1
1531220937061,1531220937056,2622935,0.00003252,33.00000000,1
1531220963813,1531220963808,2622936,0.00003258,31.00000000,0
1531220963813,1531220963808,2622937,0.00003262,307.00000000,0
1531220963813,1531220963808,2622938,0.00003279,66.00000000,0
1531220963813,1531220963808,2622939,0.00003287,10.00000000,0
1531220967388,1531220967383,2622940,0.00003253,22.00000000,1
1531220968125,1531220968120,2622941,0.00003253,9.00000000,1
1531220977519,1531220977514,2622942,0.00003255,33.00000000,1
1531220979173,1531220979167,2622943,0.00003258,34.00000000,1
1531220994134,1531220994129,2622944,0.00003262,23.00000000,1
1531221002379,1531221002374,2622945,0.00003262,33.00000000,1
1531221024250,1531221024244,2622946,0.00003262,33.00000000,1
1531221025196,1531221025190,2622947,0.00003262,33.00000000,1
1531221026002,1531221025998,2622948,0.00003262,123.00000000,1
1531221026002,1531221025998,2622949,0.00003254,201.00000000,1
1531221065071,1531221065066,2622950,0.00003257,33.00000000,1
1531221065095,1531221065090,2622951,0.00003257,33.00000000,1
1531221073625,1531221073618,2622952,0.00003257,179.00000000,1
1531221087057,1531221087052,2622953,0.00003250,33.00000000,1
1531221126169,1531221126164,2622954,0.00003250,33.00000000,1
1531221147196,1531221147191,2622955,0.00003250,33.00000000,1
1531221167217,1531221167210,2622956,0.00003250,34.00000000,1
1531221188166,1531221188160,2622957,0.00003250,33.00000000,1
1531221194993,1531221194988,2622958,0.00003260,91.00000000,0
1531221207153,1531221207147,2622959,0.00003250,25.00000000,1
1531221207153,1531221207147,2622960,0.00003239,8.00000000,1
1531221227157,1531221227153,2622961,0.00003247,33.00000000,1
1531221246067,1531221246062,2622962,0.00003247,34.00000000,1
1531221265852,1531221265849,2622963,0.00003247,63.00000000,1
1531221289089,1531221289083,2622964,0.00003247,613.00000000,1
1531221314092,1531221314086,2622965,0.00003244,216.00000000,1
1531221314579,1531221314573,2622966,0.00003244,156.00000000,1
1531221314989,1531221314984,2622967,0.00003243,217.00000000,1
1531221335951,1531221335947,2622968,0.00003243,209.00000000,1
1531221369551,1531221369548,2622969,0.00003259,11.00000000,0
1531221434001,1531221433996,2622970,0.00003259,1.00000000,0
1531221451239,1531221451235,2622971,0.00003259,22.00000000,0
1531221451765,1531221451760,2622972,0.00003259,254.00000000,1
1531221470100,1531221470094,2622973,0.00003260,22.00000000,0
1531221470100,1531221470094,2622974,0.00003261,29.00000000,0
1531221533153,1531221533149,2622975,0.00003261,33.00000000,0
1531221575047,1531221575043,2622976,0.00003261,33.00000000,0
1531221596877,1531221596874,2622977,0.00003261,33.00000000,0
1531221620057,1531221620055,2622978,0.00003261,33.00000000,0
1531221638059,1531221638055,2622979,0.00003261,33.00000000,0
1531221659050,1531221659046,2622980,0.00003261,33.00000000,0
1531221679053,1531221679050,2622981,0.00003261,33.00000000,0
1531221699054,1531221699050,2622982,0.00003261,42.00000000,0
1531221707698,1531221707693,2622983,0.00003261,3.00000000,0
1531221719046,1531221719041,2622984,0.00003261,34.00000000,0
1531221741070,1531221741064,2622985,0.00003261,18.00000000,0
1531221741070,1531221741064,2622986,0.00003264,15.00000000,0
1531221761059,1531221761052,2622987,0.00003264,33.00000000,0
1531221779141,1531221779136,2622988,0.00003248,57.00000000,1
1531221780372,1531221780367,2622989,0.00003264,14.00000000,0
1531221780372,1531221780367,2622990,0.00003279,671.00000000,0
1531221786765,1531221786761,2622991,0.00003276,33.00000000,0
1531221799062,1531221799057,2622992,0.00003267,33.00000000,0
1531221810466,1531221810460,2622993,0.00003254,45.00000000,1
1531221821058,1531221821054,2622994,0.00003267,33.00000000,0
1531221840156,1531221840150,2622995,0.00003267,33.00000000,0
1531221861061,1531221861056,2622996,0.00003267,33.00000000,0
1531221865462,1531221865458,2622997,0.00003267,1.00000000,0
1531221880496,1531221880491,2622998,0.00003267,111.00000000,0
1531221880496,1531221880491,2622999,0.00003276,227.00000000,0
1531221884127,1531221884122,2623000,0.00003271,33.00000000,0
1531221885575,1531221885571,2623001,0.00003271,211.00000000,0
1531221885575,1531221885571,2623002,0.00003275,127.00000000,0
1531221914816,1531221914811,2623003,0.00003273,1.00000000,0
1531221941079,1531221941074,2623004,0.00003275,1.00000000,0
1531221967644,1531221967639,2623005,0.00003273,69.00000000,0
1531221977562,1531221977557,2623006,0.00003273,3.00000000,0
1531221999059,1531221999056,2623007,0.00003273,9.00000000,0
1531222005121,1531222005115,2623008,0.00003273,33.00000000,0
1531222026083,1531222026078,2623009,0.00003272,33.00000000,0
1531222099798,1531222099797,2623010,0.00003274,1.00000000,0
1531222200129,1531222200126,2623011,0.00003276,33.00000000,0
1531222245073,1531222245067,2623012,0.00003272,33.00000000,0
1531222250753,1531222250752,2623013,0.00003265,1103.00000000,1
1531222259918,1531222259913,2623014,0.00003260,245.00000000,1
1531222262307,1531222262303,2623015,0.00003262,245.00000000,0
1531222287222,1531222287216,2623016,0.00003261,33.00000000,1
1531222343313,1531222343309,2623017,0.00003266,33.00000000,0
1531222431162,1531222431158,2623018,0.00003270,33.00000000,0
1531222469154,1531222469152,2623019,0.00003258,3.00000000,1
1531222504473,1531222504469,2623020,0.00003270,152.00000000,0
1531222546206,1531222546202,2623021,0.00003270,33.00000000,0
1531222568236,1531222568232,2623022,0.00003269,33.00000000,0
1531222573940,1531222573937,2623023,0.00003258,242.00000000,1
1531222582412,1531222582407,2623024,0.00003262,50.00000000,0
1531222634177,1531222634174,2623025,0.00003262,195.00000000,0
1531222639416,1531222639413,2623026,0.00003280,2.00000000,0
1531222640826,1531222640821,2623027,0.00003280,2.00000000,0
1531222680807,1531222680803,2623028,0.00003276,103.00000000,0
1531222680807,1531222680803,2623029,0.00003277,219.00000000,0
1531222688003,1531222687999,2623030,0.00003276,324.00000000,0
1531222698928,1531222698923,2623031,0.00003270,12.00000000,0
1531222699012,1531222699008,2623032,0.00003256,245.00000000,1
1531222787238,1531222787235,2623033,0.00003243,103.00000000,1
1531222790003,1531222789996,2623034,0.00003243,1995.00000000,1
1531222790003,1531222789996,2623035,0.00003241,375.00000000,1
1531222790003,1531222789996,2623036,0.00003237,1700.00000000,1
1531222790003,1531222789996,2623037,0.00003236,125.00000000,1
1531222790003,1531222789996,2623038,0.00003227,175.00000000,1
1531222790003,1531222789996,2623039,0.00003226,1688.00000000,1
1531222790003,1531222789996,2623040,0.00003224,77.00000000,1
1531222790003,1531222789996,2623041,0.00003223,32.00000000,1
1531222790003,1531222789996,2623042,0.00003218,432.00000000,1
1531222793709,1531222793706,2623043,0.00003214,34.00000000,1
1531222794802,1531222794798,2623044,0.00003218,248.00000000,1
1531222800815,1531222800811,2623045,0.00003212,1091.00000000,1
1531222801815,1531222801810,2623046,0.00003213,1423.00000000,1
1531222801815,1531222801810,2623047,0.00003210,318.00000000,1
1531222803170,1531222803166,2623048,0.00003213,32.00000000,1
1531222803270,1531222803267,2623049,0.00003213,162.00000000,1
1531222803270,1531222803267,2623050,0.00003210,1065.00000000,1
1531222804892,1531222804889,2623051,0.00003210,162.00000000,1
1531222811127,1531222811123,2623052,0.00003222,224.00000000,0
1531222827852,1531222827848,2623053,0.00003208,81.00000000,1
1531222828717,1531222828712,2623054,0.00003207,32.00000000,1
1531222828840,1531222828836,2623055,0.00003209,81.00000000,0
1531222828840,1531222828836,2623056,0.00003210,19.00000000,0
1531222831611,1531222831607,2623057,0.00003210,100.00000000,0
1531222833701,1531222833699,2623058,0.00003210,131.00000000,0
1531222842633,1531222842629,2623059,0.00003204,64.00000000,1
1531222844062,1531222844060,2623060,0.00003223,32.00000000,0
1531222844062,1531222844060,2623061,0.00003224,183.00000000,0
1531222844595,1531222844591,2623062,0.00003224,215.00000000,0
1531222853193,1531222853189,2623063,0.00003212,64.00000000,0
1531222853193,1531222853189,2623064,0.00003213,36.00000000,0
1531222855497,1531222855493,2623065,0.00003204,88.00000000,1
1531222855497,1531222855493,2623066,0.00003203,51.00000000,1
1531222855715,1531222855712,2623067,0.00003202,1078.00000000,1
1531222856798,1531222856795,2623068,0.00003201,226.00000000,1
1531222858094,1531222858089,2623069,0.00003200,35.00000000,1
1531222858095,1531222858089,2623070,0.00003200,4995.00000000,1
1531222858095,1531222858089,2623071,0.00003200,488.00000000,1
1531222859093,1531222859090,2623072,0.00003198,18.00000000,1
1531222859653,1531222859651,2623073,0.00003198,1.00000000,1
1531222859707,1531222859704,2623074,0.00003198,357.00000000,1
1531222859928,1531222859925,2623075,0.00003193,10.00000000,1
1531222859928,1531222859925,2623076,0.00003193,2913.00000000,1
1531222860133,1531222860129,2623077,0.00003190,5480.00000000,0
1531222860524,1531222860520,2623078,0.00003185,49.00000000,1
1531222860648,1531222860644,2623079,0.00003185,34.00000000,1
1531222860803,1531222860800,2623080,0.00003185,86.00000000,1
1531222862116,1531222862114,2623081,0.00003183,12.00000000,1
1531222862226,1531222862222,2623082,0.00003183,974.00000000,1
1531222863070,1531222863066,2623083,0.00003181,18.00000000,1
1531222863708,1531222863705,2623084,0.00003181,46.00000000,1
1531222863889,1531222863885,2623085,0.00003184,3.00000000,0
1531222864579,1531222864575,2623086,0.00003183,88.00000000,0
1531222864579,1531222864575,2623087,0.00003184,74.00000000,0
1531222864781,1531222864778,2623088,0.00003189,35.00000000,0
1531222864781,1531222864778,2623089,0.00003190,465.00000000,0
1531222865147,1531222865146,2623090,0.00003190,35.00000000,0
1531222865163,1531222865159,2623091,0.00003195,3.00000000,1
1531222865261,1531222865258,2623092,0.00003195,26.00000000,1
1531222866118,1531222866115,2623093,0.00003176,83.00000000,1
1531222866245,1531222866241,2623094,0.00003180,3.00000000,0
1531222866542,1531222866539,2623095,0.00003180,1484.00000000,0
1531222869180,1531222869176,2623096,0.00003200,250.00000000,0
1531222869206,1531222869202,2623097,0.00003200,191.00000000,0
1531222869206,1531222869202,2623098,0.00003221,63.00000000,0
1531222869206,1531222869202,2623099,0.00003229,194.00000000,0
1531222869227,1531222869224,2623100,0.00003230,53.00000000,1
1531222870124,1531222870119,2623101,0.00003178,3.00000000,1
1531222880008,1531222880003,2623102,0.00003237,27.00000000,0
1531222880079,1531222880076,2623103,0.00003237,22.00000000,0
1531222880122,1531222880118,2623104,0.00003237,10.00000000,0
1531222880197,1531222880196,2623105,0.00003237,7.00000000,0
1531222881632,1531222881628,2623106,0.00003203,3.00000000,1
1531222884012,1531222884008,2623107,0.00003204,32.00000000,1
1531222885718,1531222885715,2623108,0.00003215,63.00000000,1
1531222889758,1531222889757,2623109,0.00003206,190.00000000,1
1531222893029,1531222893026,2623110,0.00003233,12.00000000,0
1531222893086,1531222893081,2623111,0.00003233,8.00000000,0
1531222893154,1531222893150,2623112,0.00003233,7.00000000,0
1531222893188,1531222893184,2623113,0.00003233,9.00000000,0
1531222893261,1531222893257,2623114,0.00003233,17.00000000,0
1531222893311,1531222893308,2623115,0.00003233,8.00000000,0
1531222893670,1531222893667,2623116,0.00003233,10.00000000,0
1531222893712,1531222893708,2623117,0.00003233,16.00000000,0
1531222893769,1531222893765,2623118,0.00003233,7.00000000,0
1531222893832,1531222893827,2623119,0.00003233,7.00000000,0
1531222893869,1531222893866,2623120,0.00003233,9.00000000,0
1531222893919,1531222893915,2623121,0.00003233,13.00000000,0
1531222894123,1531222894120,2623122,0.00003232,13.00000000,0
1531222894269,1531222894266,2623123,0.00003232,9.00000000,0
1531222894380,1531222894377,2623124,0.00003232,11.00000000,0
1531222894496,1531222894493,2623125,0.00003232,22.00000000,0
1531222894898,1531222894895,2623126,0.00003232,7.00000000,0
1531222895047,1531222895043,2623127,0.00003232,10.00000000,0
1531222895096,1531222895092,2623128,0.00003232,10.00000000,0
1531222895177,1531222895173,2623129,0.00003232,11.00000000,0
1531222895193,1531222895188,2623130,0.00003232,18.00000000,0
1531222895800,1531222895797,2623131,0.00003232,7.00000000,0
1531222895905,1531222895901,2623132,0.00003232,7.00000000,0
1531222895973,1531222895968,2623133,0.00003232,22.00000000,0
1531222896125,1531222896122,2623134,0.00003232,8.00000000,0
1531222896183,1531222896178,2623135,0.00003232,7.00000000,0
1531222896234,1531222896231,2623136,0.00003232,13.00000000,0
1531222896718,1531222896715,2623137,0.00003232,9.00000000,0
1531222897185,1531222897180,2623138,0.00003232,6.00000000,0
1531222897185,1531222897180,2623139,0.00003233,23.00000000,0
1531222897231,1531222897226,2623140,0.00003233,9.00000000,0
1531222897417,1531222897411,2623141,0.00003233,18.00000000,0
1531222897477,1531222897474,2623142,0.00003233,8.00000000,0
1531222897537,1531222897532,2623143,0.00003233,6.00000000,0
1531222897931,1531222897928,2623144,0.00003233,217.00000000,0
1531222901859,1531222901856,2623145,0.00003214,32.00000000,0
1531222902780,1531222902776,2623146,0.00003208,32.00000000,1
1531222904083,1531222904080,2623147,0.00003231,66.00000000,1
1531222910079,1531222910075,2623148,0.00003222,66.00000000,0
1531222910079,1531222910075,2623149,0.00003223,32.00000000,0
1531222942194,1531222942190,2623150,0.00003223,32.00000000,0
1531222943322,1531222943319,2623151,0.00003255,2.00000000,0
1531222963002,1531222962998,2623152,0.00003208,63.00000000,1
1531222982811,1531222982807,2623153,0.00003225,63.00000000,0
1531222982811,1531222982807,2623154,0.00003232,19.00000000,0
1531222987044,1531222987040,2623155,0.00003231,63.00000000,0
1531222987044,1531222987040,2623156,0.00003232,12.00000000,0
1531223045113,1531223045109,2623157,0.00003208,96.00000000,1
1531223062886,1531223062883,2623158,0.00003240,3.00000000,0
1531223189868,1531223189864,2623159,0.00003230,9.00000000,0
1531223189936,1531223189932,2623160,0.00003230,22.00000000,0
1531223189985,1531223189982,2623161,0.00003230,28.00000000,0
1531223190087,1531223190083,2623162,0.00003230,13.00000000,0
1531223195555,1531223195551,2623163,0.00003230,7.00000000,0
1531223195604,1531223195600,2623164,0.00003230,12.00000000,0
1531223195670,1531223195667,2623165,0.00003230,2.00000000,0
1531223195670,1531223195667,2623166,0.00003231,6.00000000,0
1531223195717,1531223195714,2623167,0.00003231,11.00000000,0
1531223196000,1531223195995,2623168,0.00003231,11.00000000,0
1531223196039,1531223196035,2623169,0.00003231,15.00000000,0
1531223196168,1531223196165,2623170,0.00003230,13.00000000,0
1531223224284,1531223224277,2623171,0.00003207,32.00000000,1
1531223224284,1531223224277,2623172,0.00003204,1714.00000000,1
1531223224284,1531223224277,2623173,0.00003203,127.00000000,1
1531223224284,1531223224277,2623174,0.00003202,126.00000000,1
1531223224284,1531223224277,2623175,0.00003201,250.00000000,1
1531223224284,1531223224277,2623176,0.00003200,1549.00000000,1
1531223224284,1531223224277,2623177,0.00003192,93.00000000,1
1531223224284,1531223224277,2623178,0.00003189,598.00000000,1
1531223224284,1531223224277,2623179,0.00003188,1312.00000000,1
1531223231353,1531223231351,2623180,0.00003210,100.00000000,0
1531223235669,1531223235664,2623181,0.00003207,426.00000000,0
1531223237095,1531223237091,2623182,0.00003204,100.00000000,0
1531223247276,1531223247275,2623183,0.00003195,32.00000000,1
1531223247515,1531223247512,2623184,0.00003195,968.00000000,1
1531223257696,1531223257691,2623185,0.00003190,313.00000000,0
1531223257705,1531223257702,2623186,0.00003190,1397.00000000,0
1531223257710,1531223257706,2623187,0.00003190,4.00000000,0
1531223258029,1531223258025,2623188,0.00003191,2.00000000,0
1531223260249,1531223260245,2623189,0.00003191,91.00000000,0
1531223260249,1531223260245,2623190,0.00003194,58.00000000,0
1531223270190,1531223270187,2623191,0.00003191,131.00000000,1
1531223270190,1531223270187,2623192,0.00003190,166.00000000,1
1531223270599,1531223270595,2623193,0.00003190,296.00000000,1
1531223286390,1531223286387,2623194,0.00003182,64.00000000,1
1531223297187,1531223297184,2623195,0.00003196,131.00000000,0
1531223297187,1531223297184,2623196,0.00003205,2.00000000,0
1531223335208,1531223335204,2623197,0.00003198,63.00000000,0
1531223335208,1531223335204,2623198,0.00003205,50.00000000,0
1531223372557,1531223372554,2623199,0.00003202,781.00000000,0
1531223374053,1531223374052,2623200,0.00003198,37.00000000,0
1531223393048,1531223393046,2623201,0.00003201,124.00000000,0
1531223410522,1531223410518,2623202,0.00003201,651.00000000,0
1531223426693,1531223426688,2623203,0.00003201,312.00000000,0
1531223427680,1531223427679,2623204,0.00003201,312.00000000,0
1531223446566,1531223446563,2623205,0.00003212,62.00000000,0
1531223476266,1531223476261,2623206,0.00003210,110.00000000,0
1531223496910,1531223496906,2623207,0.00003211,109.00000000,0
1531223497928,1531223497924,2623208,0.00003210,80.00000000,1
1531223550088,1531223550083,2623209,0.00003210,87.00000000,0
1531223661049,1531223661046,2623210,0.00003207,62.00000000,0
1531223661809,1531223661806,2623211,0.00003207,2338.00000000,0
1531223662806,1531223662803,2623212,0.00003208,375.00000000,0
1531223664817,1531223664813,2623213,0.00003210,331.00000000,0
1531223676137,1531223676133,2623214,0.00003213,3.00000000,0
1531223684053,1531223684050,2623215,0.00003213,68.00000000,0
1531223684296,1531223684292,2623216,0.00003213,242.00000000,0
1531223685808,1531223685804,2623217,0.00003214,1412.00000000,0
1531223728053,1531223728050,2623218,0.00003213,70.00000000,1
1531223748054,1531223748051,2623219,0.00003214,64.00000000,1
1531223749616,1531223749613,2623220,0.00003214,32.00000000,1
1531223787107,1531223787104,2623221,0.00003223,32.00000000,0
1531223807060,1531223807055,2623222,0.00003227,77.00000000,0
1531223827068,1531223827064,2623223,0.00003217,64.00000000,1
1531223847186,1531223847181,2623224,0.00003217,32.00000000,1
1531223859185,1531223859182,2623225,0.00003227,39.00000000,0
1531223862205,1531223862201,2623226,0.00003227,1.00000000,0
1531223974341,1531223974337,2623227,0.00003220,5.00000000,0
1531224008159,1531224008153,2623228,0.00003220,13.00000000,0
1531224010153,1531224010149,2623229,0.00003220,62.00000000,0
1531224049676,1531224049672,2623230,0.00003207,189.00000000,1
1531224049676,1531224049672,2623231,0.00003203,52.00000000,1
1531224169893,1531224169890,2623232,0.00003219,1.00000000,0
1531224256199,1531224256196,2623233,0.00003219,42.00000000,0
1531224284193,1531224284191,2623234,0.00003219,44.00000000,0
1531224320908,1531224320906,2623235,0.00003219,102.00000000,0
1531224357190,1531224357186,2623236,0.00003219,25.00000000,1
1531224363566,1531224363563,2623237,0.00003210,1116.00000000,0
1531224365088,1531224365085,2623238,0.00003210,1.00000000,0
1531224367005,1531224367003,2623239,0.00003214,248.00000000,0
1531224407144,1531224407140,2623240,0.00003226,93.00000000,0
1531224450405,1531224450401,2623241,0.00003224,192.00000000,0
1531224453178,1531224453175,2623242,0.00003230,7.00000000,0
1531224481013,1531224481010,2623243,0.00003230,66.00000000,0
1531224485012,1531224485008,2623244,0.00003233,247.00000000,0
1531224491836,1531224491832,2623245,0.00003244,102.00000000,0
1531224491932,1531224491927,2623246,0.00003244,144.00000000,0
1531224494340,1531224494337,2623247,0.00003232,25.00000000,1
1531224494915,1531224494911,2623248,0.00003246,78.00000000,0
1531224494941,1531224494938,2623249,0.00003246,76.00000000,1
1531224495165,1531224495162,2623250,0.00003251,62.00000000,0
1531224495283,1531224495279,2623251,0.00003251,103.00000000,1
1531224555333,1531224555330,2623252,0.00003236,17.00000000,1
1531224555752,1531224555749,2623253,0.00003236,18.00000000,1
1531224556389,1531224556386,2623254,0.00003236,21.00000000,1
1531224556714,1531224556714,2623255,0.00003233,18.00000000,1
1531224557239,1531224557237,2623256,0.00003233,34.00000000,1
1531224557778,1531224557775,2623257,0.00003233,110.00000000,1
1531224558177,1531224558178,2623258,0.00003233,15.00000000,1
1531224558716,1531224558712,2623259,0.00003233,58.00000000,1
1531224559185,1531224559182,2623260,0.00003233,27.00000000,1
1531224559538,1531224559535,2623261,0.00003233,24.00000000,1
1531224560016,1531224560012,2623262,0.00003233,15.00000000,1
1531224560645,1531224560642,2623263,0.00003233,36.00000000,1
1531224561008,1531224561004,2623264,0.00003233,25.00000000,1
1531224561694,1531224561689,2623265,0.00003232,16.00000000,1
1531224562297,1531224562300,2623266,0.00003232,58.00000000,1
1531224562624,1531224562621,2623267,0.00003232,55.00000000,1
1531224563265,1531224563260,2623268,0.00003232,23.00000000,1
1531224563842,1531224563838,2623269,0.00003232,37.00000000,1
1531224564502,1531224564498,2623270,0.00003232,16.00000000,1
1531224564861,1531224564858,2623271,0.00003232,17.00000000,1
1531224564861,1531224564858,2623272,0.00003231,37.00000000,1
1531224565203,1531224565198,2623273,0.00003231,14.00000000,1
1531224565621,1531224565621,2623274,0.00003231,64.00000000,1
1531224566291,1531224566291,2623275,0.00003231,32.00000000,1
1531224566666,1531224566666,2623276,0.00003231,22.00000000,1
1531224567567,1531224567564,2623277,0.00003231,55.00000000,1
1531224567953,1531224567949,2623278,0.00003231,22.00000000,1
1531224568492,1531224568490,2623279,0.00003231,20.00000000,1
1531224568923,1531224568926,2623280,0.00003231,79.00000000,1
1531224569396,1531224569392,2623281,0.00003231,45.00000000,1
1531224569616,1531224569614,2623282,0.00003231,96.00000000,1
1531224570004,1531224569999,2623283,0.00003231,93.00000000,1
1531224570665,1531224570661,2623284,0.00003231,18.00000000,1
1531224571069,1531224571066,2623285,0.00003231,45.00000000,1
1531224571400,1531224571396,2623286,0.00003231,15.00000000,1
1531224572004,1531224572000,2623287,0.00003231,37.00000000,1
1531224572461,1531224572459,2623288,0.00003231,16.00000000,1
1531224572817,1531224572813,2623289,0.00003231,24.00000000,1
1531224573316,1531224573315,2623290,0.00003231,22.00000000,1
1531224573696,1531224573693,2623291,0.00003231,19.00000000,1
1531224574169,1531224574166,2623292,0.00003231,29.00000000,1
1531224582767,1531224582763,2623293,0.00003231,197.00000000,1
1531224594025,1531224594022,2623294,0.00003243,1.00000000,0
1531224597885,1531224597883,2623295,0.00003233,47.00000000,1
1531224598256,1531224598252,2623296,0.00003233,44.00000000,1
1531224598864,1531224598859,2623297,0.00003233,34.00000000,1
1531224599387,1531224599384,2623298,0.00003233,44.00000000,1
1531224599868,1531224599863,2623299,0.00003233,23.00000000,1
1531224599868,1531224599863,2623300,0.00003231,62.00000000,1
1531224599868,1531224599863,2623301,0.00003230,9.00000000,1
1531224600458,1531224600454,2623302,0.00003230,17.00000000,1
1531224600958,1531224600954,2623303,0.00003230,14.00000000,1
1531224601034,1531224601029,2623304,0.00003230,20.00000000,1
1531224601575,1531224601578,2623305,0.00003230,26.00000000,1
1531224602049,1531224602050,2623306,0.00003230,37.00000000,1
1531224602438,1531224602434,2623307,0.00003230,18.00000000,1
1531224602892,1531224602889,2623308,0.00003230,16.00000000,1
1531224603267,1531224603265,2623309,0.00003230,16.00000000,1
1531224603763,1531224603759,2623310,0.00003230,15.00000000,1
1531224604296,1531224604292,2623311,0.00003230,37.00000000,1
1531224604747,1531224604743,2623312,0.00003230,26.00000000,1
1531224605196,1531224605194,2623313,0.00003230,18.00000000,1
1531224605623,1531224605620,2623314,0.00003230,25.00000000,1
1531224606042,1531224606037,2623315,0.00003230,15.00000000,1
1531224606452,1531224606449,2623316,0.00003230,27.00000000,1
1531224606849,1531224606845,2623317,0.00003230,37.00000000,1
1531224607342,1531224607339,2623318,0.00003230,15.00000000,1
1531224607920,1531224607916,2623319,0.00003230,38.00000000,1
1531224608242,1531224608239,2623320,0.00003230,15.00000000,1
1531224635203,1531224635201,2623321,0.00003230,32.00000000,1
1531224643224,1531224643218,2623322,0.00003230,103.00000000,1
1531224643719,1531224643715,2623323,0.00003230,2087.00000000,1
1531224693869,1531224693869,2623324,0.00003230,66.00000000,1
1531224761605,1531224761602,2623325,0.00003230,711.00000000,1
1531224790733,1531224790730,2623326,0.00003230,1061.00000000,1
1531224794374,1531224794370,2623327,0.00003230,66.00000000,1
1531224807931,1531224807927,2623328,0.00003230,178.00000000,1
1531224810346,1531224810342,2623329,0.00003230,1061.00000000,1
1531224879793,1531224879791,2623330,0.00003240,55.00000000,0
1531224879793,1531224879791,2623331,0.00003241,18.00000000,0
1531224951165,1531224951162,2623332,0.00003229,247.00000000,1
1531225077875,1531225077872,2623333,0.00003226,395.00000000,0
1531225086176,1531225086172,2623334,0.00003226,1.00000000,0
1531225086176,1531225086172,2623335,0.00003227,308.00000000,0
1531225086203,1531225086199,2623336,0.00003227,928.00000000,0
1531225086473,1531225086470,2623337,0.00003227,2.00000000,0
1531225087188,1531225087186,2623338,0.00003230,247.00000000,0
1531225087250,1531225087247,2623339,0.00003227,407.00000000,1
1531225089414,1531225089411,2623340,0.00003227,49.00000000,1
1531225116112,1531225116109,2623341,0.00003234,84.00000000,1
1531225131078,1531225131075,2623342,0.00003244,4.00000000,0
1531225171493,1531225171488,2623343,0.00003241,1.00000000,0
1531225196678,1531225196674,2623344,0.00003233,247.00000000,1
1531225463637,1531225463633,2623345,0.00003243,1.00000000,0
1531225589097,1531225589100,2623346,0.00003243,3.00000000,0
1531225630714,1531225630711,2623347,0.00003244,3.00000000,0
1531225646843,1531225646839,2623348,0.00003244,1.00000000,0
1531225715891,1531225715894,2623349,0.00003244,1.00000000,0
1531225735016,1531225735013,2623350,0.00003241,32.00000000,0
1531225776477,1531225776473,2623351,0.00003237,61.00000000,1
1531226061336,1531226061332,2623352,0.00003244,75.00000000,0
1531226064098,1531226064098,2623353,0.00003245,246.00000000,0
1531226069982,1531226069980,2623354,0.00003251,103.00000000,0
1531226069982,1531226069980,2623355,0.00003252,205.00000000,0
1531226078704,1531226078701,2623356,0.00003252,1.00000000,0
1531226088662,1531226088659,2623357,0.00003252,8.00000000,0
1531226295370,1531226295366,2623358,0.00003242,1273.00000000,1
1531226317213,1531226317209,2623359,0.00003242,1903.00000000,1
1531226369447,1531226369442,2623360,0.00003244,42.00000000,1
1531226406703,1531226406698,2623361,0.00003244,541.00000000,1
1531226435276,1531226435278,2623362,0.00003252,3.00000000,0
1531226714809,1531226714805,2623363,0.00003252,28.00000000,0
1531226714809,1531226714805,2623364,0.00003257,31.00000000,0
1531226714809,1531226714805,2623365,0.00003259,82.00000000,0
1531226714809,1531226714805,2623366,0.00003262,84.00000000,0
1531226714809,1531226714805,2623367,0.00003271,82.00000000,0
1531226715849,1531226715845,2623368,0.00003252,147.00000000,1
1531226717421,1531226717417,2623369,0.00003252,98.00000000,1
1531226717421,1531226717417,2623370,0.00003246,8.00000000,1
1531226929536,1531226929532,2623371,0.00003248,112.00000000,1
1531227012022,1531227012018,2623372,0.00003264,61.00000000,0
1531227012022,1531227012018,2623373,0.00003265,244.00000000,0
1531227012022,1531227012018,2623374,0.00003271,105.00000000,0
1531227012022,1531227012018,2623375,0.00003277,663.00000000,0
1531227013720,1531227013716,2623376,0.00003248,6.00000000,1
1531227133340,1531227133337,2623377,0.00003259,245.00000000,1
1531227133340,1531227133337,2623378,0.00003255,599.00000000,1
1531227133340,1531227133337,2623379,0.00003249,318.00000000,1
1531227133399,1531227133399,2623380,0.00003249,246.00000000,1
1531227156555,1531227156551,2623381,0.00003249,50.00000000,1
1531227191202,1531227191199,2623382,0.00003249,500.00000000,1
1531227249809,1531227249805,2623383,0.00003257,194.00000000,1
1531227352092,1531227352088,2623384,0.00003270,2.00000000,0
1531227446729,1531227446726,2623385,0.00003259,8.00000000,1
1531227452772,1531227452768,2623386,0.00003259,70.00000000,1
1531227453723,1531227453719,2623387,0.00003258,4.00000000,1
1531227518046,1531227518041,2623388,0.00003270,92.00000000,0
1531227519043,1531227519038,2623389,0.00003270,92.00000000,0
1531227520670,1531227520667,2623390,0.00003258,7105.00000000,1
1531227534518,1531227534513,2623391,0.00003258,238.00000000,1
1531227552050,1531227552045,2623392,0.00003270,33.00000000,0
1531227581914,1531227581909,2623393,0.00003258,20.00000000,1
1531227622968,1531227622964,2623394,0.00003258,323.00000000,1
1531227624900,1531227624896,2623395,0.00003270,25.00000000,0
1531227624900,1531227624896,2623396,0.00003276,36.00000000,0
1531227647060,1531227647056,2623397,0.00003274,33.00000000,0
1531227660237,1531227660233,2623398,0.00003274,34.00000000,0
1531227678051,1531227678046,2623399,0.00003274,33.00000000,0
1531227718494,1531227718489,2623400,0.00003274,33.00000000,0
1531227721054,1531227721051,2623401,0.00003274,34.00000000,0
1531228027206,1531228027202,2623402,0.00003260,4.00000000,1
1531228027761,1531228027759,2623403,0.00003258,1.00000000,1
1531228028745,1531228028741,2623404,0.00003258,4.00000000,1
1531228125850,1531228125846,2623405,0.00003258,83.00000000,1
1531228139725,1531228139721,2623406,0.00003268,33.00000000,0
1531228200301,1531228200298,2623407,0.00003265,33.00000000,0
1531228243996,1531228243993,2623408,0.00003257,51.00000000,1
1531228244005,1531228244000,2623409,0.00003252,51.00000000,1
1531228244030,1531228244029,2623410,0.00003252,177.00000000,1
1531228244385,1531228244381,2623411,0.00003253,51.00000000,0
1531228248207,1531228248203,2623412,0.00003252,17.00000000,1
1531228271564,1531228271561,2623413,0.00003252,7.00000000,1
1531228301263,1531228301260,2623414,0.00003261,33.00000000,0
1531228314462,1531228314458,2623415,0.00003261,34.00000000,0
1531228316051,1531228316046,2623416,0.00003261,33.00000000,0
1531228326710,1531228326706,2623417,0.00003258,34.00000000,0
1531228353624,1531228353619,2623418,0.00003258,33.00000000,0
1531228354049,1531228354046,2623419,0.00003258,33.00000000,0
1531228377122,1531228377118,2623420,0.00003258,33.00000000,0
1531228379388,1531228379387,2623421,0.00003256,674.00000000,0
1531228389154,1531228389151,2623422,0.00003265,33.00000000,0
1531228413533,1531228413528,2623423,0.00003253,1251.00000000,1
1531228413533,1531228413528,2623424,0.00003252,245.00000000,1
1531228413533,1531228413528,2623425,0.00003251,395.00000000,1
1531228413533,1531228413528,2623426,0.00003250,2610.00000000,1
1531228428078,1531228428074,2623427,0.00003265,33.00000000,0
1531228441599,1531228441594,2623428,0.00003265,33.00000000,0
1531228464243,1531228464238,2623429,0.00003265,33.00000000,0
1531228485271,1531228485266,2623430,0.00003265,33.00000000,0
1531228488136,1531228488132,2623431,0.00003265,34.00000000,0
1531228499107,1531228499104,2623432,0.00003265,33.00000000,0
1531228517131,1531228517126,2623433,0.00003265,12.00000000,0
1531228517131,1531228517126,2623434,0.00003270,21.00000000,0
1531228532253,1531228532251,2623435,0.00003270,33.00000000,0
1531228536155,1531228536151,2623436,0.00003270,33.00000000,0
1531228550386,1531228550382,2623437,0.00003270,33.00000000,0
1531228573184,1531228573179,2623438,0.00003268,33.00000000,0
1531228691104,1531228691099,2623439,0.00003270,33.00000000,0
1531228741060,1531228741056,2623440,0.00003268,33.00000000,0
1531228766197,1531228766196,2623441,0.00003264,33.00000000,0
1531228769562,1531228769555,2623442,0.00003258,275.00000000,0
1531228771417,1531228771412,2623443,0.00003257,177.00000000,0
1531228772581,1531228772577,2623444,0.00003254,131.00000000,0
1531228774035,1531228774032,2623445,0.00003251,131.00000000,1
1531228774134,1531228774128,2623446,0.00003254,1854.00000000,0
1531228775097,1531228775092,2623447,0.00003251,177.00000000,1
1531228775194,1531228775189,2623448,0.00003252,131.00000000,0
1531228776034,1531228776029,2623449,0.00003251,131.00000000,1
1531228776243,1531228776239,2623450,0.00003251,131.00000000,1
1531228776625,1531228776621,2623451,0.00003252,14.00000000,0
1531228809812,1531228809809,2623452,0.00003260,18.00000000,0
1531228809913,1531228809909,2623453,0.00003260,227.00000000,0
1531228813141,1531228813137,2623454,0.00003268,33.00000000,0
1531228885321,1531228885316,2623455,0.00003268,85.00000000,0
1531228887461,1531228887456,2623456,0.00003268,28.00000000,0
1531228888138,1531228888134,2623457,0.00003268,33.00000000,0
1531228913517,1531228913514,2623458,0.00003268,33.00000000,0
1531228947150,1531228947145,2623459,0.00003268,31.00000000,0
1531228971159,1531228971154,2623460,0.00003268,1.00000000,0
1531228971159,1531228971154,2623461,0.00003272,32.00000000,0
1531229009757,1531229009752,2623462,0.00003272,33.00000000,0
1531229067062,1531229067058,2623463,0.00003272,33.00000000,0
1531229102492,1531229102487,2623464,0.00003272,45.00000000,0
1531229185509,1531229185505,2623465,0.00003274,500.00000000,0
1531229185509,1531229185505,2623466,0.00003277,400.00000000,0
1531229185509,1531229185505,2623467,0.00003278,3505.00000000,0
1531229185509,1531229185505,2623468,0.00003291,3500.00000000,0
1531229185509,1531229185505,2623469,0.00003293,2795.00000000,0
1531229188538,1531229188533,2623470,0.00003275,33.00000000,1
1531229193103,1531229193100,2623471,0.00003276,33.00000000,1
1531229194382,1531229194378,2623472,0.00003275,211.00000000,1
1531229199606,1531229199602,2623473,0.00003261,34.00000000,1
1531229223619,1531229223614,2623474,0.00003270,244.00000000,1
1531229223619,1531229223614,2623475,0.00003264,320.00000000,1
1531229253627,1531229253619,2623476,0.00003267,2440.00000000,1
1531229253627,1531229253619,2623477,0.00003266,266.00000000,1
1531229283716,1531229283712,2623478,0.00003266,1953.00000000,1
1531229283716,1531229283712,2623479,0.00003265,46.00000000,1
1531229284522,1531229284518,2623480,0.00003265,1.00000000,1
1531229399111,1531229399105,2623481,0.00003265,33.00000000,1
1531229459191,1531229459187,2623482,0.00003265,67.00000000,1
1531229537700,1531229537695,2623483,0.00003279,3.00000000,0
1531229546291,1531229546287,2623484,0.00003267,33.00000000,1
1531229577856,1531229577851,2623485,0.00003267,45.00000000,1
1531229614445,1531229614440,2623486,0.00003279,50.00000000,0
1531229654531,1531229654527,2623487,0.00003279,4.00000000,0
1531229741412,1531229741407,2623488,0.00003276,33.00000000,0
1531229746079,1531229746076,2623489,0.00003271,2.00000000,1
1531229958070,1531229958066,2623490,0.00003271,33.00000000,1
1531229959000,1531229958994,2623491,0.00003271,33.00000000,1
1531230067210,1531230067203,2623492,0.00003271,66.00000000,1
1531230253193,1531230253188,2623493,0.00003277,3.00000000,0
1531230310657,1531230310652,2623494,0.00003277,1.00000000,0
1531230397670,1531230397669,2623495,0.00003271,144.00000000,1
1531230423097,1531230423092,2623496,0.00003271,708.00000000,1
1531230434049,1531230434044,2623497,0.00003270,1870.00000000,1
1531230435037,1531230435034,2623498,0.00003270,1838.00000000,1
1531230503148,1531230503143,2623499,0.00003275,33.00000000,0
1531230543207,1531230543202,2623500,0.00003275,33.00000000,0
1531230551190,1531230551187,2623501,0.00003270,1075.00000000,1
1531230555096,1531230555091,2623502,0.00003275,33.00000000,0
1531230567073,1531230567069,2623503,0.00003275,33.00000000,0
1531230594949,1531230594944,2623504,0.00003275,33.00000000,0
1531230595430,1531230595425,2623505,0.00003275,33.00000000,0
1531230597470,1531230597465,2623506,0.00003275,3.00000000,0
1531230600915,1531230600910,2623507,0.00003275,45.00000000,0
1531230839577,1531230839573,2623508,0.00003275,1751.00000000,0
1531230840434,1531230840429,2623509,0.00003276,33.00000000,0
1531230852038,1531230852034,2623510,0.00003276,33.00000000,0
1531230860732,1531230860729,2623511,0.00003275,2771.00000000,1
1531230870073,1531230870069,2623512,0.00003276,84.00000000,0
1531230870142,1531230870137,2623513,0.00003276,197.00000000,0
1531230870184,1531230870179,2623514,0.00003276,168.00000000,0
1531230873168,1531230873163,2623515,0.00003276,1.00000000,0
1531230907950,1531230907946,2623516,0.00003276,2.00000000,0
1531230910566,1531230910562,2623517,0.00003273,230.00000000,0
1531230910566,1531230910562,2623518,0.00003276,75.00000000,0
1531230936932,1531230936928,2623519,0.00003263,45.00000000,1
1531230993526,1531230993522,2623520,0.00003274,45.00000000,0
1531230993526,1531230993522,2623521,0.00003276,79.00000000,0
1531231025109,1531231025105,2623522,0.00003276,33.00000000,0
1531231051136,1531231051128,2623523,0.00003276,3.00000000,0
1531231112161,1531231112152,2623524,0.00003276,33.00000000,0
1531231124689,1531231124685,2623525,0.00003276,33.00000000,0
1531231127468,1531231127464,2623526,0.00003276,1.00000000,0
1531231152535,1531231152532,2623527,0.00003276,33.00000000,0
1531231200945,1531231200941,2623528,0.00003276,45.00000000,0
1531231217933,1531231217931,2623529,0.00003265,100.00000000,1
1531231229337,1531231229333,2623530,0.00003269,80.00000000,0
1531231238110,1531231238105,2623531,0.00003269,21.00000000,0
1531231239062,1531231239057,2623532,0.00003269,33.00000000,0
1531231252081,1531231252077,2623533,0.00003271,33.00000000,0
1531231265177,1531231265172,2623534,0.00003269,33.00000000,0
1531231277189,1531231277184,2623535,0.00003269,33.00000000,0
1531231290464,1531231290460,2623536,0.00003269,33.00000000,0
1531231330183,1531231330179,2623537,0.00003269,33.00000000,0
1531231343125,1531231343121,2623538,0.00003269,6.00000000,0
1531231343153,1531231343148,2623539,0.00003269,33.00000000,0
1531231413833,1531231413830,2623540,0.00003269,503.00000000,0
1531231445067,1531231445061,2623541,0.00003269,33.00000000,0
1531231458581,1531231458577,2623542,0.00003269,33.00000000,0
1531231470219,1531231470214,2623543,0.00003269,34.00000000,0
1531231501328,1531231501322,2623544,0.00003260,45.00000000,1
1531231510045,1531231510041,2623545,0.00003260,60.00000000,1
1531231517044,1531231517038,2623546,0.00003260,126.00000000,1
1531231519050,1531231519046,2623547,0.00003256,729.00000000,1
1531231520655,1531231520651,2623548,0.00003258,780.00000000,1
1531231521034,1531231521029,2623549,0.00003258,300.00000000,1
1531231524148,1531231524143,2623550,0.00003256,485.00000000,1
1531231526041,1531231526036,2623551,0.00003257,206.00000000,1
1531231527042,1531231527039,2623552,0.00003257,935.00000000,1
1531231528062,1531231528057,2623553,0.00003257,523.00000000,1
1531231530686,1531231530682,2623554,0.00003259,1080.00000000,1
1531231531693,1531231531685,2623555,0.00003259,1533.00000000,1
1531231535836,1531231535832,2623556,0.00003269,305.00000000,0
1531231547019,1531231547015,2623557,0.00003269,33.00000000,0
1531231568071,1531231568066,2623558,0.00003269,33.00000000,0
1531231643055,1531231643050,2623559,0.00003269,33.00000000,0
1531231672334,1531231672329,2623560,0.00003269,3.00000000,0
1531231707750,1531231707744,2623561,0.00003269,33.00000000,0
1531231712131,1531231712126,2623562,0.00003269,33.00000000,0
1531231762271,1531231762268,2623563,0.00003260,33.00000000,0
1531231769174,1531231769170,2623564,0.00003260,17.00000000,0
1531231769174,1531231769170,2623565,0.00003264,16.00000000,0
1531231783100,1531231783095,2623566,0.00003264,33.00000000,0
1531231799209,1531231799205,2623567,0.00003264,33.00000000,0
1531231821322,1531231821317,2623568,0.00003264,33.00000000,0
1531231843796,1531231843791,2623569,0.00003264,33.00000000,0
1531231886112,1531231886107,2623570,0.00003264,33.00000000,0
1531231886265,1531231886262,2623571,0.00003264,50.00000000,0
1531231886265,1531231886262,2623572,0.00003269,510.00000000,0
1531231908844,1531231908840,2623573,0.00003269,33.00000000,0
1531231909850,1531231909845,2623574,0.00003269,33.00000000,0
1531231929680,1531231929677,2623575,0.00003269,33.00000000,0
1531231931385,1531231931382,2623576,0.00003269,5.00000000,0
1531231971149,1531231971145,2623577,0.00003269,33.00000000,0
1531231984205,1531231984201,2623578,0.00003269,1.00000000,0
1531232102279,1531232102275,2623579,0.00003269,45.00000000,0
1531232160310,1531232160305,2623580,0.00003269,33.00000000,0
1531232287759,1531232287754,2623581,0.00003267,23.00000000,0
1531232299419,1531232299414,2623582,0.00003256,45.00000000,1
1531232346112,1531232346108,2623583,0.00003265,33.00000000,0
1531232396242,1531232396238,2623584,0.00003265,33.00000000,0
1531232419139,1531232419135,2623585,0.00003265,33.00000000,0
1531232444160,1531232444156,2623586,0.00003263,33.00000000,0
1531232472132,1531232472127,2623587,0.00003263,33.00000000,0
1531232500868,1531232500864,2623588,0.00003263,34.00000000,0
1531232508304,1531232508300,2623589,0.00003256,1289.00000000,0
1531232525058,1531232525054,2623590,0.00003262,33.00000000,0
1531232572443,1531232572439,2623591,0.00003262,12.00000000,0
1531232572443,1531232572439,2623592,0.00003263,21.00000000,0
1531232606777,1531232606772,2623593,0.00003263,33.00000000,0
1531232607766,1531232607763,2623594,0.00003263,33.00000000,0
1531232616060,1531232616056,2623595,0.00003263,33.00000000,0
1531232624804,1531232624799,2623596,0.00003255,231.00000000,1
1531232624804,1531232624799,2623597,0.00003254,964.00000000,1
1531232642869,1531232642866,2623598,0.00003254,470.00000000,1
1531232654348,1531232654344,2623599,0.00003254,62.00000000,0
1531232658874,1531232658871,2623600,0.00003254,32.00000000,0
1531232659875,1531232659871,2623601,0.00003254,32.00000000,0
1531232665755,1531232665752,2623602,0.00003253,295.00000000,1
1531232679054,1531232679050,2623603,0.00003254,33.00000000,0
1531232679667,1531232679664,2623604,0.00003254,3.00000000,0
1531232705428,1531232705423,2623605,0.00003254,32.00000000,0
1531232709280,1531232709275,2623606,0.00003254,1.00000000,0
1531232719424,1531232719417,2623607,0.00003254,2000.00000000,0
1531232751686,1531232751682,2623608,0.00003254,81.00000000,0
1531232751698,1531232751693,2623609,0.00003254,81.00000000,0
1531232751706,1531232751702,2623610,0.00003254,80.00000000,0
1531232785950,1531232785946,2623611,0.00003254,1.00000000,0
1531232812206,1531232812202,2623612,0.00003253,33.00000000,1
1531232834416,1531232834413,2623613,0.00003253,33.00000000,1
1531232862964,1531232862959,2623614,0.00003253,33.00000000,1
1531232898899,1531232898894,2623615,0.00003253,33.00000000,1
1531232923586,1531232923582,2623616,0.00003253,36.00000000,1
1531232932781,1531232932776,2623617,0.00003253,1741.00000000,1
1531232940769,1531232940766,2623618,0.00003251,33.00000000,1
1531232941196,1531232941192,2623619,0.00003251,128.00000000,1
1531232946695,1531232946691,2623620,0.00003253,307.00000000,0
1531232955690,1531232955686,2623621,0.00003253,307.00000000,0
1531232956674,1531232956671,2623622,0.00003253,307.00000000,0
1531232957561,1531232957558,2623623,0.00003250,3880.00000000,1
1531232961909,1531232961906,2623624,0.00003250,34.00000000,1
1531232964019,1531232964015,2623625,0.00003250,13476.00000000,1
1531232964860,1531232964859,2623626,0.00003247,232.00000000,1
1531232967863,1531232967859,2623627,0.00003239,70.00000000,1
1531232969855,1531232969850,2623628,0.00003237,233.00000000,1
1531232987962,1531232987958,2623629,0.00003236,218.00000000,1
1531232991860,1531232991855,2623630,0.00003235,121.00000000,1
1531233006041,1531233006037,2623631,0.00003233,192.00000000,1
1531233006132,1531233006127,2623632,0.00003233,772.00000000,1
1531233018900,1531233018896,2623633,0.00003233,121.00000000,0
1531233018900,1531233018896,2623634,0.00003234,67.00000000,0
1531233030731,1531233030727,2623635,0.00003234,1.00000000,0
1531233032072,1531233032067,2623636,0.00003228,34.00000000,1
1531233073274,1531233073270,2623637,0.00003228,335.00000000,1
1531233074031,1531233074025,2623638,0.00003227,4000.00000000,1
1531233075036,1531233075032,2623639,0.00003225,521.00000000,1
1531233076035,1531233076031,2623640,0.00003221,32.00000000,1
1531233078694,1531233078689,2623641,0.00003226,149.00000000,0
1531233082883,1531233082880,2623642,0.00003220,1091.00000000,1
1531233087878,1531233087875,2623643,0.00003218,1091.00000000,1
1531233088983,1531233088980,2623644,0.00003218,1553.00000000,1
1531233090288,1531233090286,2623645,0.00003218,1091.00000000,1
1531233091883,1531233091879,2623646,0.00003218,1372.00000000,1
1531233112685,1531233112683,2623647,0.00003224,1.00000000,0
1531233118063,1531233118061,2623648,0.00003218,34.00000000,1
1531233126157,1531233126153,2623649,0.00003218,63.00000000,1
1531233131009,1531233131005,2623650,0.00003224,55.00000000,0
1531233131031,1531233131027,2623651,0.00003224,55.00000000,0
1531233140057,1531233140054,2623652,0.00003218,34.00000000,1
1531233141084,1531233141079,2623653,0.00003224,39.00000000,0
1531233158887,1531233158883,2623654,0.00003225,1.00000000,0
1531233159675,1531233159672,2623655,0.00003225,160.00000000,0
1531233195749,1531233195745,2623656,0.00003225,34.00000000,1
1531233221995,1531233221992,2623657,0.00003225,34.00000000,1
1531233233265,1531233233262,2623658,0.00003225,1066.00000000,1
1531233247238,1531233247234,2623659,0.00003225,29.00000000,1
1531233247251,1531233247248,2623660,0.00003225,5.00000000,1
1531233271176,1531233271173,2623661,0.00003226,34.00000000,1
1531233344076,1531233344075,2623662,0.00003226,33.00000000,1
1531233354976,1531233354971,2623663,0.00003228,19.00000000,0
1531233363866,1531233363862,2623664,0.00003226,34.00000000,1
1531233364864,1531233364861,2623665,0.00003226,34.00000000,1
1531233384057,1531233384052,2623666,0.00003226,34.00000000,1
1531233404047,1531233404044,2623667,0.00003226,34.00000000,1
1531233426098,1531233426096,2623668,0.00003226,34.00000000,1
1531233429754,1531233429750,2623669,0.00003226,8.00000000,1
1531233434215,1531233434211,2623670,0.00003226,163.00000000,1
1531233448088,1531233448084,2623671,0.00003227,1050.00000000,0
1531233469055,1531233469051,2623672,0.00003224,34.00000000,1
1531233485682,1531233485679,2623673,0.00003226,300.00000000,0
1531233488041,1531233488038,2623674,0.00003224,33.00000000,1
1531233502905,1531233502901,2623675,0.00003226,20.00000000,0
1531233502905,1531233502901,2623676,0.00003227,580.00000000,0
1531233521954,1531233521952,2623677,0.00003224,2780.00000000,1
1531233522088,1531233522084,2623678,0.00003224,154.00000000,1
1531233522750,1531233522748,2623679,0.00003224,165.00000000,1
1531233527273,1531233527269,2623680,0.00003224,94.00000000,1
1531233527423,1531233527420,2623681,0.00003224,50.00000000,1
1531233528387,1531233528383,2623682,0.00003224,52.00000000,0
1531233533091,1531233533091,2623683,0.00003219,34.00000000,1
1531233556165,1531233556161,2623684,0.00003219,34.00000000,1
1531233577143,1531233577141,2623685,0.00003219,34.00000000,1
1531233581644,1531233581641,2623686,0.00003219,127.00000000,1
1531233600174,1531233600170,2623687,0.00003219,5.00000000,1
1531233600174,1531233600170,2623688,0.00003218,29.00000000,1
1531233645280,1531233645279,2623689,0.00003218,34.00000000,1
1531233647681,1531233647678,2623690,0.00003218,269.00000000,1
1531233647681,1531233647678,2623691,0.00003203,1303.00000000,1
1531233647695,1531233647690,2623692,0.00003200,9157.00000000,0
1531233648313,1531233648309,2623693,0.00003200,844.00000000,1
1531233649026,1531233649022,2623694,0.00003227,2.00000000,0
1531233691789,1531233691785,2623695,0.00003221,225.00000000,0
1531233733293,1531233733290,2623696,0.00003221,9.00000000,0
1531233733293,1531233733290,2623697,0.00003227,9.00000000,0
1531233737616,1531233737612,2623698,0.00003227,45.00000000,0
1531233744544,1531233744541,2623699,0.00003213,34.00000000,1
1531233824139,1531233824135,2623700,0.00003212,34.00000000,1
1531233824239,1531233824235,2623701,0.00003212,34.00000000,1
1531233892732,1531233892729,2623702,0.00003212,166.00000000,1
1531233893339,1531233893334,2623703,0.00003212,93.00000000,0
1531233893342,1531233893342,2623704,0.00003212,38.00000000,0
1531233901438,1531233901438,2623705,0.00003212,46.00000000,0
1531233903356,1531233903353,2623706,0.00003212,141.00000000,0
1531233911138,1531233911119,2623707,0.00003212,5.00000000,0
1531233918061,1531233918060,2623708,0.00003212,34.00000000,0
1531233944062,1531233944059,2623709,0.00003212,34.00000000,0
1531233972168,1531233972164,2623710,0.00003212,311.00000000,0
1531233972938,1531233972934,2623711,0.00003212,3179.00000000,0
1531233974105,1531233974102,2623712,0.00003214,234.00000000,0
1531233988773,1531233988769,2623713,0.00003230,34.00000000,0
1531233988850,1531233988847,2623714,0.00003230,306.00000000,1
1531234007363,1531234007359,2623715,0.00003231,183.00000000,0
1531234007548,1531234007544,2623716,0.00003231,45.00000000,0
1531234007820,1531234007817,2623717,0.00003231,5.00000000,0
1531234030161,1531234030157,2623718,0.00003231,34.00000000,1
1531234037586,1531234037583,2623719,0.00003235,62.00000000,0
1531234037586,1531234037583,2623720,0.00003239,30.00000000,0
1531234040909,1531234040905,2623721,0.00003239,62.00000000,0
1531234044192,1531234044188,2623722,0.00003239,140.00000000,0
1531234044221,1531234044220,2623723,0.00003239,312.00000000,1
1531234044233,1531234044230,2623724,0.00003239,4.00000000,1
1531234075866,1531234075864,2623725,0.00003230,46.00000000,1
1531234085187,1531234085183,2623726,0.00003243,46.00000000,0
1531234085187,1531234085183,2623727,0.00003244,232.00000000,0
1531234085187,1531234085183,2623728,0.00003245,32.00000000,0
1531234085187,1531234085183,2623729,0.00003249,369.00000000,0
1531234085187,1531234085183,2623730,0.00003251,67.00000000,0
1531234090283,1531234090279,2623731,0.00003257,45.00000000,0
1531234093163,1531234093159,2623732,0.00003257,107.00000000,1
1531234095209,1531234095206,2623733,0.00003257,48.00000000,1
1531234095209,1531234095206,2623734,0.00003252,232.00000000,1
1531234095462,1531234095456,2623735,0.00003250,157.00000000,0
1531234130028,1531234130024,2623736,0.00003248,1.00000000,0
1531234183115,1531234183111,2623737,0.00003235,222.00000000,1
1531234229044,1531234229040,2623738,0.00003236,34.00000000,1
1531234270152,1531234270149,2623739,0.00003235,11.00000000,1
1531234270152,1531234270149,2623740,0.00003232,23.00000000,1
1531234294387,1531234294383,2623741,0.00003234,23.00000000,1
1531234295152,1531234295147,2623742,0.00003234,61.00000000,1
