event_time,trade_time,trade_id,price,quantity,maker
1531210356456,1531210356452,333062,0.00000263,54928.00000000,0
1531210356933,1531210356929,333063,0.00000263,80976.00000000,1
1531210357445,1531210357441,333064,0.00000263,62659.00000000,1
1531210362461,1531210362455,333065,0.00000263,22875.00000000,0
1531210362470,1531210362466,333066,0.00000263,2100.00000000,0
1531210364310,1531210364307,333067,0.00000264,3000.00000000,0
1531210365679,1531210365675,333068,0.00000264,4500.00000000,0
1531210372563,1531210372560,333069,0.00000263,2560.00000000,0
1531210372570,1531210372566,333070,0.00000263,22103.00000000,0
1531210373496,1531210373491,333071,0.00000264,11364.00000000,0
1531210375822,1531210375817,333072,0.00000263,1157.00000000,1
1531210380895,1531210380894,333073,0.00000263,181659.00000000,1
1531210384098,1531210384095,333074,0.00000264,3000.00000000,0
1531210387865,1531210387860,333075,0.00000264,2012.00000000,0
1531210387931,1531210387926,333076,0.00000264,902.00000000,0
1531210388976,1531210388971,333077,0.00000263,954.00000000,1
1531210391820,1531210391820,333078,0.00000264,2568.00000000,0
1531210391887,1531210391884,333079,0.00000263,212868.00000000,1
1531210392520,1531210392516,333080,0.00000264,5861.00000000,0
1531210392866,1531210392861,333081,0.00000264,6072.00000000,0
1531210397591,1531210397588,333082,0.00000263,86358.00000000,1
1531210397625,1531210397621,333083,0.00000264,3000.00000000,0
1531210397626,1531210397622,333084,0.00000263,231283.00000000,1
1531210398670,1531210398665,333085,0.00000264,2365.00000000,0
1531210402582,1531210402578,333086,0.00000263,17372.00000000,1
1531210402693,1531210402688,333087,0.00000264,3244.00000000,0
1531210402709,1531210402703,333088,0.00000263,79299.00000000,0
1531210408267,1531210408262,333089,0.00000263,2731.00000000,0
1531210408275,1531210408271,333090,0.00000263,42537.00000000,0
1531210408291,1531210408285,333091,0.00000263,900.00000000,0
1531210408295,1531210408289,333092,0.00000263,800.00000000,0
1531210408732,1531210408729,333093,0.00000263,19865.00000000,0
1531210415231,1531210415227,333094,0.00000263,49405.00000000,0
1531210415827,1531210415823,333095,0.00000263,125873.00000000,0
1531210415828,1531210415824,333096,0.00000263,125873.00000000,0
1531210423234,1531210423230,333097,0.00000263,5000.00000000,0
1531210424834,1531210424831,333098,0.00000263,137896.00000000,0
1531210426493,1531210426487,333099,0.00000263,30359.00000000,0
1531210430076,1531210430072,333100,0.00000263,125128.00000000,0
1531210430478,1531210430472,333101,0.00000263,1390.00000000,1
1531210439900,1531210439893,333102,0.00000263,84423.00000000,1
1531210440966,1531210440957,333103,0.00000264,806646.00000000,0
1531210440966,1531210440957,333104,0.00000265,534881.00000000,0
1531210444058,1531210444053,333105,0.00000264,956.00000000,1
1531210451169,1531210451165,333106,0.00000264,1134.00000000,1
1531210453617,1531210453614,333107,0.00000264,7085.00000000,0
1531210459495,1531210459490,333108,0.00000264,29003.00000000,0
1531210460117,1531210460112,333109,0.00000264,8702.00000000,0
1531210460734,1531210460732,333110,0.00000264,64916.00000000,0
1531210461578,1531210461578,333111,0.00000264,287310.00000000,0
1531210461601,1531210461597,333112,0.00000264,21583.00000000,0
1531210464124,1531210464118,333113,0.00000264,87911.00000000,1
1531210464577,1531210464570,333114,0.00000264,237880.00000000,0
1531210465586,1531210465585,333115,0.00000264,1087.00000000,0
1531210465925,1531210465921,333116,0.00000264,1102.00000000,0
1531210466202,1531210466198,333117,0.00000264,50807.00000000,0
1531210476311,1531210476306,333118,0.00000265,380.00000000,0
1531210476484,1531210476480,333119,0.00000265,380.00000000,0
1531210476508,1531210476500,333120,0.00000265,380.00000000,0
1531210476804,1531210476800,333121,0.00000265,380.00000000,0
1531210476863,1531210476860,333122,0.00000265,74526.00000000,0
1531210476894,1531210476889,333123,0.00000265,380.00000000,0
1531210477256,1531210477250,333124,0.00000265,380.00000000,0
1531210477280,1531210477277,333125,0.00000265,1519.00000000,0
1531210478160,1531210478155,333126,0.00000265,1887.00000000,0
1531210478218,1531210478214,333127,0.00000265,1887.00000000,0
1531210478226,1531210478226,333128,0.00000265,380.00000000,0
1531210478526,1531210478521,333129,0.00000265,1887.00000000,0
1531210479281,1531210479276,333130,0.00000265,1887.00000000,0
1531210479356,1531210479353,333131,0.00000264,1000.00000000,1
1531210480133,1531210480127,333132,0.00000265,222575.00000000,0
1531210480213,1531210480209,333133,0.00000265,500.00000000,0
1531210480262,1531210480258,333134,0.00000265,2218.00000000,0
1531210480341,1531210480338,333135,0.00000265,755.00000000,0
1531210480364,1531210480360,333136,0.00000265,1887.00000000,0
1531210482772,1531210482772,333137,0.00000265,3787.00000000,0
1531210484865,1531210484860,333138,0.00000265,1887.00000000,0
1531210485980,1531210485974,333139,0.00000265,1887.00000000,0
1531210488413,1531210488409,333140,0.00000265,33274.00000000,0
1531210488841,1531210488836,333141,0.00000264,3809.00000000,1
1531210489557,1531210489553,333142,0.00000265,445486.00000000,0
1531210489873,1531210489869,333143,0.00000265,1130.00000000,0
1531210491400,1531210491395,333144,0.00000265,66021.00000000,0
1531210497632,1531210497629,333145,0.00000266,379.00000000,0
1531210499234,1531210499229,333146,0.00000266,22632.00000000,0
1531210499508,1531210499503,333147,0.00000266,1880.00000000,0
1531210504536,1531210504531,333148,0.00000266,3759.00000000,0
1531210510964,1531210510960,333149,0.00000265,63.00000000,1
1531210511474,1531210511470,333150,0.00000266,5747.00000000,0
1531210513028,1531210513022,333151,0.00000266,185838.00000000,0
1531210534758,1531210534755,333152,0.00000265,19380.00000000,1
1531210542415,1531210542409,333153,0.00000265,67679.00000000,1
1531210546839,1531210546834,333154,0.00000265,11829.00000000,1
1531210558366,1531210558363,333155,0.00000266,379.00000000,0
1531210558406,1531210558401,333156,0.00000266,379.00000000,0
1531210559690,1531210559685,333157,0.00000266,1880.00000000,0
1531210560163,1531210560159,333158,0.00000266,1880.00000000,0
1531210561011,1531210561007,333159,0.00000266,2291.00000000,0
1531210562464,1531210562460,333160,0.00000265,1102.00000000,1
1531210571352,1531210571348,333161,0.00000266,4801.00000000,0
1531210573881,1531210573876,333162,0.00000266,7032.00000000,0
1531210589698,1531210589693,333163,0.00000266,2574.00000000,0
1531210591970,1531210591965,333164,0.00000266,58509.00000000,0
1531210592182,1531210592177,333165,0.00000266,447.00000000,0
1531210592327,1531210592322,333166,0.00000266,523.00000000,0
1531210593451,1531210593448,333167,0.00000266,22899.00000000,0
1531210598041,1531210598038,333168,0.00000266,379.00000000,0
1531210599709,1531210599706,333169,0.00000266,1880.00000000,0
1531210604916,1531210604910,333170,0.00000265,313072.00000000,1
1531210604916,1531210604910,333171,0.00000264,787245.00000000,1
1531210612843,1531210612839,333172,0.00000265,28152.00000000,1
1531210612886,1531210612881,333173,0.00000265,727.00000000,0
1531210613099,1531210613095,333174,0.00000265,799.00000000,0
1531210613137,1531210613132,333175,0.00000265,802.00000000,0
1531210617974,1531210617970,333176,0.00000265,88316.00000000,0
1531210618867,1531210618863,333177,0.00000265,379.00000000,0
1531210621062,1531210621058,333178,0.00000265,1887.00000000,0
1531210622823,1531210622817,333179,0.00000265,2575.00000000,0
1531210625623,1531210625619,333180,0.00000265,97774.00000000,0
1531210626456,1531210626451,333181,0.00000265,15433.00000000,1
1531210633891,1531210633885,333182,0.00000265,7058.00000000,0
1531210635651,1531210635648,333183,0.00000265,1000.00000000,0
1531210637538,1531210637533,333184,0.00000265,66382.00000000,1
1531210637538,1531210637533,333185,0.00000264,127907.00000000,1
1531210637925,1531210637920,333186,0.00000265,380.00000000,0
1531210638612,1531210638608,333187,0.00000265,380.00000000,0
1531210639321,1531210639316,333188,0.00000265,1887.00000000,0
1531210641048,1531210641045,333189,0.00000265,755.00000000,0
1531210642592,1531210642586,333190,0.00000264,39826.00000000,1
1531210645404,1531210645399,333191,0.00000264,263.00000000,0
1531210645621,1531210645616,333192,0.00000264,2877.00000000,0
1531210646332,1531210646315,333193,0.00000263,324731.00000000,1
1531210646332,1531210646315,333194,0.00000262,477332.00000000,1
1531210646345,1531210646343,333195,0.00000262,23702.00000000,0
1531210646363,1531210646363,333196,0.00000264,477.00000000,0
1531210647149,1531210647146,333197,0.00000263,2303.00000000,0
1531210647193,1531210647189,333198,0.00000263,5.00000000,0
1531210647311,1531210647307,333199,0.00000263,2037.00000000,0
1531210648152,1531210648147,333200,0.00000263,2269.00000000,0
1531210648411,1531210648402,333201,0.00000263,181407.00000000,1
1531210648411,1531210648402,333202,0.00000262,1908.00000000,1
1531210648411,1531210648402,333203,0.00000261,262171.00000000,1
1531210648708,1531210648703,333204,0.00000263,7299.00000000,1
1531210648728,1531210648723,333205,0.00000263,21157.00000000,0
1531210648732,1531210648727,333206,0.00000263,33828.00000000,0
1531210649254,1531210649248,333207,0.00000263,450.00000000,0
1531210660037,1531210660031,333208,0.00000263,19011.00000000,0
1531210662602,1531210662598,333209,0.00000263,44240.00000000,0
1531210663573,1531210663570,333210,0.00000263,52826.00000000,0
1531210668378,1531210668373,333211,0.00000264,383.00000000,0
1531210669574,1531210669571,333212,0.00000264,379.00000000,0
1531210672280,1531210672276,333213,0.00000263,28152.00000000,1
1531210678527,1531210678522,333214,0.00000263,385.00000000,1
1531210679617,1531210679612,333215,0.00000263,956.00000000,1
1531210681180,1531210681175,333216,0.00000263,65850.00000000,1
1531210682938,1531210682938,333217,0.00000262,420.00000000,1
1531210690235,1531210690232,333218,0.00000262,9663.00000000,1
1531210693629,1531210693624,333219,0.00000262,300949.00000000,1
1531210693821,1531210693815,333220,0.00000261,17343.00000000,1
1531210699396,1531210699392,333221,0.00000262,1157.00000000,1
1531210700544,1531210700541,333222,0.00000262,5751.00000000,1
1531210703117,1531210703106,333223,0.00000262,231.00000000,1
1531210703117,1531210703106,333224,0.00000261,660950.00000000,1
1531210703117,1531210703106,333225,0.00000260,249928.00000000,1
1531210703658,1531210703653,333226,0.00000262,2310.00000000,0
1531210704093,1531210704089,333227,0.00000262,5507.00000000,0
1531210705052,1531210705049,333228,0.00000262,419.00000000,0
1531210707740,1531210707736,333229,0.00000260,22899.00000000,1
1531210708399,1531210708394,333230,0.00000261,496.00000000,1
1531210708399,1531210708394,333231,0.00000260,31109.00000000,1
1531210712923,1531210712920,333232,0.00000260,4551.00000000,1
1531210732934,1531210732930,333233,0.00000260,13046.00000000,1
1531210733582,1531210733578,333234,0.00000262,2337.00000000,0
1531210735485,1531210735481,333235,0.00000260,2722.00000000,1
1531210739853,1531210739848,333236,0.00000262,3816.00000000,0
1531210746606,1531210746602,333237,0.00000262,1103.00000000,0
1531210754103,1531210754099,333238,0.00000262,7139.00000000,0
1531210755702,1531210755697,333239,0.00000261,281780.00000000,1
1531210764021,1531210764017,333240,0.00000261,4573.00000000,1
1531210765087,1531210765083,333241,0.00000261,13923.00000000,1
1531210769512,1531210769503,333242,0.00000261,22584.00000000,1
1531210769512,1531210769503,333243,0.00000260,138343.00000000,1
1531210770105,1531210770102,333244,0.00000261,32772.00000000,0
1531210770284,1531210770279,333245,0.00000262,21168.00000000,0
1531210770378,1531210770374,333246,0.00000261,1254.00000000,0
1531210770458,1531210770453,333247,0.00000261,1254.00000000,0
1531210770479,1531210770476,333248,0.00000261,1053.00000000,0
1531210773148,1531210773143,333249,0.00000261,32237.00000000,0
1531210776836,1531210776833,333250,0.00000262,5232.00000000,0
1531210780662,1531210780659,333251,0.00000262,1288.00000000,0
1531210782518,1531210782512,333252,0.00000262,322.00000000,0
1531210784652,1531210784648,333253,0.00000262,80.00000000,0
1531210786603,1531210786600,333254,0.00000262,20.00000000,0
1531210788135,1531210788130,333255,0.00000262,7.00000000,0
1531210797446,1531210797445,333256,0.00000261,523.00000000,1
1531210803880,1531210803874,333257,0.00000262,3831.00000000,0
1531210804127,1531210804123,333258,0.00000261,55385.00000000,1
1531210813078,1531210813075,333259,0.00000261,35924.00000000,1
1531210814313,1531210814309,333260,0.00000261,424.00000000,1
1531210815089,1531210815083,333261,0.00000261,106407.00000000,1
1531210816675,1531210816670,333262,0.00000262,33384.00000000,0
1531210818270,1531210818265,333263,0.00000262,1.00000000,0
1531210819121,1531210819118,333264,0.00000261,3310.00000000,1
1531210820569,1531210820565,333265,0.00000261,806.00000000,1
1531210820607,1531210820603,333266,0.00000261,2732.00000000,1
1531210821133,1531210821129,333267,0.00000261,1161.00000000,1
1531210821296,1531210821291,333268,0.00000261,387.00000000,1
1531210822344,1531210822338,333269,0.00000261,79026.00000000,1
1531210824501,1531210824496,333270,0.00000261,8395.00000000,1
1531210824946,1531210824942,333271,0.00000261,2298.00000000,0
1531210825029,1531210825025,333272,0.00000261,4421.00000000,0
1531210825349,1531210825344,333273,0.00000261,10202.00000000,0
1531210827850,1531210827845,333274,0.00000262,600.00000000,0
1531210832122,1531210832116,333275,0.00000261,34513.00000000,1
1531210832122,1531210832116,333276,0.00000260,287.00000000,1
1531210833404,1531210833399,333277,0.00000261,60879.00000000,1
1531210835820,1531210835816,333278,0.00000261,13681.00000000,0
1531210836624,1531210836619,333279,0.00000261,5372.00000000,0
1531210841508,1531210841503,333280,0.00000260,193604.00000000,1
1531210842650,1531210842647,333281,0.00000261,647392.00000000,0
1531210842986,1531210842980,333282,0.00000261,11439.00000000,0
1531210842986,1531210842980,333283,0.00000262,207955.00000000,0
1531210845128,1531210845122,333284,0.00000262,126.00000000,0
1531210851548,1531210851544,333285,0.00000261,4046.00000000,1
1531210856028,1531210856023,333286,0.00000261,1015.00000000,1
1531210865499,1531210865495,333287,0.00000261,2143.00000000,1
1531210884200,1531210884197,333288,0.00000261,5500.00000000,1
1531210897419,1531210897414,333289,0.00000261,269045.00000000,1
1531210898909,1531210898905,333290,0.00000260,953.00000000,1
1531210899314,1531210899310,333291,0.00000260,943.00000000,1
1531210904672,1531210904657,333292,0.00000260,173.00000000,1
1531210907658,1531210907654,333293,0.00000261,494718.00000000,0
1531210907738,1531210907733,333294,0.00000261,33059.00000000,1
1531210916040,1531210916036,333295,0.00000261,101583.00000000,1
1531210919606,1531210919602,333296,0.00000261,1111.00000000,0
1531210919926,1531210919922,333297,0.00000260,3347.00000000,1
1531210920404,1531210920399,333298,0.00000261,16599.00000000,0
1531210922258,1531210922254,333299,0.00000261,60836.00000000,1
1531210924377,1531210924373,333300,0.00000261,422.00000000,1
1531210926530,1531210926524,333301,0.00000261,232926.00000000,1
1531210931516,1531210931512,333302,0.00000261,2300.00000000,1
1531210935404,1531210935401,333303,0.00000261,6164.00000000,1
1531210940958,1531210940953,333304,0.00000262,2457.00000000,0
1531210940977,1531210940973,333305,0.00000262,2457.00000000,0
1531210943728,1531210943722,333306,0.00000262,830531.00000000,0
1531210949043,1531210949038,333307,0.00000262,4914.00000000,1
1531210952933,1531210952927,333308,0.00000262,86714.00000000,1
1531210952965,1531210952960,333309,0.00000262,2516.00000000,0
1531210952976,1531210952976,333310,0.00000262,2511.00000000,0
1531210952978,1531210952976,333311,0.00000262,2516.00000000,0
1531210953020,1531210953020,333312,0.00000262,2516.00000000,0
1531210953715,1531210953711,333313,0.00000262,10912.00000000,0
1531210956898,1531210956894,333314,0.00000262,2494.00000000,0
1531210957106,1531210957102,333315,0.00000262,7954.00000000,0
1531210961511,1531210961507,333316,0.00000262,9188.00000000,0
1531210964785,1531210964782,333317,0.00000262,4000.00000000,0
1531210966802,1531210966802,333318,0.00000262,14150.00000000,0
1531210970550,1531210970546,333319,0.00000262,7243.00000000,1
1531210976204,1531210976200,333320,0.00000262,15347.00000000,1
1531210979157,1531210979153,333321,0.00000262,19605.00000000,1
1531210979194,1531210979189,333322,0.00000262,5573.00000000,0
1531210980365,1531210980361,333323,0.00000262,118407.00000000,0
1531210982920,1531210982915,333324,0.00000262,6577.00000000,1
1531210983451,1531210983447,333325,0.00000262,72698.00000000,1
1531210985595,1531210985591,333326,0.00000262,239371.00000000,0
1531210989691,1531210989688,333327,0.00000262,1129.00000000,1
1531210998619,1531210998614,333328,0.00000262,6504.00000000,1
1531211001654,1531211001649,333329,0.00000262,804.00000000,1
1531211004172,1531211004169,333330,0.00000262,12544.00000000,1
1531211007440,1531211007436,333331,0.00000262,15073.00000000,1
1531211011218,1531211011213,333332,0.00000262,71053.00000000,0
1531211014608,1531211014609,333333,0.00000262,4574.00000000,0
1531211022656,1531211022651,333334,0.00000262,45003.00000000,1
1531211024561,1531211024556,333335,0.00000262,1500.00000000,1
1531211030010,1531211030006,333336,0.00000262,186.00000000,1
1531211040842,1531211040838,333337,0.00000262,30477.00000000,1
1531211054205,1531211054202,333338,0.00000262,7139.00000000,0
1531211057041,1531211057038,333339,0.00000262,4519.00000000,0
1531211057328,1531211057325,333340,0.00000261,8100.00000000,1
1531211061116,1531211061110,333341,0.00000262,10988.00000000,0
1531211063319,1531211063316,333342,0.00000262,7954.00000000,0
1531211064006,1531211064001,333343,0.00000261,559.00000000,1
1531211072009,1531211072006,333344,0.00000261,21081.00000000,1
1531211085623,1531211085617,333345,0.00000262,819.00000000,0
1531211086406,1531211086401,333346,0.00000261,5291.00000000,1
1531211111258,1531211111254,333347,0.00000262,12666.00000000,0
1531211113590,1531211113582,333348,0.00000262,130089.00000000,0
1531211113590,1531211113582,333349,0.00000263,212458.00000000,0
1531211122568,1531211122565,333350,0.00000263,15880.00000000,0
1531211138439,1531211138435,333351,0.00000262,13673.00000000,1
1531211140473,1531211140470,333352,0.00000263,12586.00000000,0
1531211147143,1531211147138,333353,0.00000262,204834.00000000,1
1531211149278,1531211149274,333354,0.00000262,39414.00000000,1
1531211162719,1531211162715,333355,0.00000263,383.00000000,0
1531211163227,1531211163223,333356,0.00000263,383.00000000,0
1531211164018,1531211164019,333357,0.00000263,383.00000000,0
1531211164073,1531211164068,333358,0.00000263,383.00000000,0
1531211164315,1531211164311,333359,0.00000262,39473.00000000,1
1531211164635,1531211164631,333360,0.00000263,1902.00000000,0
1531211165144,1531211165140,333361,0.00000263,1902.00000000,0
1531211165486,1531211165483,333362,0.00000263,1902.00000000,0
1531211165834,1531211165829,333363,0.00000263,1902.00000000,0
1531211166513,1531211166509,333364,0.00000263,48311.00000000,0
1531211169331,1531211169328,333365,0.00000263,44255.00000000,0
1531211174234,1531211174229,333366,0.00000263,7112.00000000,0
1531211181308,1531211181305,333367,0.00000262,451.00000000,1
1531211182589,1531211182584,333368,0.00000263,383.00000000,0
1531211185108,1531211185105,333369,0.00000263,1902.00000000,0
1531211198414,1531211198410,333370,0.00000262,22900.00000000,1
1531211201199,1531211201196,333371,0.00000263,11961.00000000,0
1531211201218,1531211201214,333372,0.00000263,5259.00000000,0
1531211203406,1531211203402,333373,0.00000262,507230.00000000,1
1531211204385,1531211204381,333374,0.00000261,85540.00000000,1
1531211204878,1531211204875,333375,0.00000262,2574.00000000,0
1531211204921,1531211204916,333376,0.00000262,2574.00000000,0
1531211212994,1531211212988,333377,0.00000261,637493.00000000,1
1531211214201,1531211214194,333378,0.00000262,260235.00000000,0
1531211214201,1531211214194,333379,0.00000263,339765.00000000,0
1531211215912,1531211215907,333380,0.00000262,59446.00000000,1
1531211218155,1531211218151,333381,0.00000262,61468.00000000,0
1531211238016,1531211238012,333382,0.00000262,3673.00000000,1
1531211243984,1531211243979,333383,0.00000262,7901.00000000,1
1531211263552,1531211263547,333384,0.00000262,464.00000000,1
1531211269363,1531211269359,333385,0.00000262,59203.00000000,1
1531211275690,1531211275685,333386,0.00000262,30205.00000000,1
1531211277572,1531211277568,333387,0.00000262,692.00000000,1
1531211300746,1531211300742,333388,0.00000262,10.00000000,1
1531211320443,1531211320439,333389,0.00000262,19727.00000000,1
1531211336229,1531211336226,333390,0.00000262,267.00000000,1
1531211340181,1531211340177,333391,0.00000263,276065.00000000,0
1531211343332,1531211343329,333392,0.00000263,102027.00000000,0
1531211349806,1531211349802,333393,0.00000263,382.00000000,0
1531211354218,1531211354214,333394,0.00000263,4641.00000000,0
1531211384485,1531211384480,333395,0.00000263,66976.00000000,0
1531211384537,1531211384532,333396,0.00000263,2650.00000000,1
1531211386949,1531211386943,333397,0.00000263,152672.00000000,1
1531211386997,1531211386993,333398,0.00000263,2638.00000000,1
1531211413092,1531211413079,333399,0.00000264,572727.00000000,0
1531211413092,1531211413079,333400,0.00000265,414759.00000000,0
1531211413535,1531211413531,333401,0.00000266,227.00000000,0
1531211414128,1531211414123,333402,0.00000265,15880.00000000,0
1531211414727,1531211414722,333403,0.00000264,26695.00000000,1
1531211414886,1531211414882,333404,0.00000264,2304.00000000,1
1531211415265,1531211415260,333405,0.00000264,454.00000000,1
1531211415970,1531211415967,333406,0.00000264,126.00000000,1
1531211421178,1531211421174,333407,0.00000264,52555.00000000,1
1531211425570,1531211425565,333408,0.00000265,157218.00000000,0
1531211425767,1531211425766,333409,0.00000266,380.00000000,0
1531211425776,1531211425772,333410,0.00000266,380.00000000,0
1531211426200,1531211426195,333411,0.00000266,380.00000000,0
1531211427266,1531211427261,333412,0.00000266,380.00000000,0
1531211427324,1531211427320,333413,0.00000266,1880.00000000,0
1531211427325,1531211427321,333414,0.00000266,1880.00000000,0
1531211427831,1531211427827,333415,0.00000266,1880.00000000,0
1531211429027,1531211429022,333416,0.00000266,1880.00000000,0
1531211430908,1531211430901,333417,0.00000266,75658.00000000,0
1531211432222,1531211432219,333418,0.00000266,18915.00000000,0
1531211433503,1531211433499,333419,0.00000266,4728.00000000,0
1531211434624,1531211434620,333420,0.00000266,215524.00000000,0
1531211434624,1531211434620,333421,0.00000267,315441.00000000,0
1531211434644,1531211434640,333422,0.00000267,2260.00000000,1
1531211434649,1531211434645,333423,0.00000267,46994.00000000,1
1531211434675,1531211434669,333424,0.00000267,827.00000000,1
1531211434687,1531211434683,333425,0.00000267,2405.00000000,1
1531211434695,1531211434691,333426,0.00000267,10480.00000000,1
1531211434703,1531211434699,333427,0.00000267,34075.00000000,1
1531211434732,1531211434727,333428,0.00000265,5640.00000000,1
1531211437154,1531211437149,333429,0.00000266,1182.00000000,0
1531211439220,1531211439215,333430,0.00000266,57501.00000000,0
1531211439229,1531211439224,333431,0.00000266,395.00000000,0
1531211439235,1531211439232,333432,0.00000265,3751.00000000,1
1531211439256,1531211439256,333433,0.00000266,750.00000000,0
1531211442358,1531211442354,333434,0.00000266,1872.00000000,0
1531211443090,1531211443085,333435,0.00000266,137199.00000000,0
1531211443103,1531211443099,333436,0.00000266,8569.00000000,1
1531211443113,1531211443108,333437,0.00000266,2792.00000000,1
1531211443698,1531211443693,333438,0.00000266,2786.00000000,1
1531211445512,1531211445509,333439,0.00000266,22234.00000000,1
1531211445517,1531211445517,333440,0.00000266,2257.00000000,1
1531211446654,1531211446650,333441,0.00000267,3783.00000000,0
1531211449714,1531211449709,333442,0.00000267,14842.00000000,0
1531211450142,1531211450138,333443,0.00000267,70904.00000000,0
1531211454483,1531211454479,333444,0.00000266,156915.00000000,1
1531211456308,1531211456303,333445,0.00000266,5367.00000000,1
1531211456746,1531211456743,333446,0.00000266,102867.00000000,1
1531211457670,1531211457665,333447,0.00000266,15953.00000000,1
1531211459071,1531211459066,333448,0.00000266,19011.00000000,1
1531211461709,1531211461705,333449,0.00000267,274293.00000000,0
1531211461748,1531211461743,333450,0.00000267,121451.00000000,1
1531211461760,1531211461757,333451,0.00000267,16.00000000,1
1531211464863,1531211464857,333452,0.00000266,109234.00000000,1
1531211464922,1531211464918,333453,0.00000265,12217.00000000,1
1531211465173,1531211465169,333454,0.00000267,27889.00000000,0
1531211465891,1531211465888,333455,0.00000267,377.00000000,0
1531211466223,1531211466219,333456,0.00000266,3696.00000000,0
1531211466223,1531211466219,333457,0.00000267,15776.00000000,0
1531211466576,1531211466572,333458,0.00000267,377.00000000,0
1531211466628,1531211466623,333459,0.00000267,377.00000000,0
1531211466628,1531211466624,333460,0.00000267,1508.00000000,0
1531211466631,1531211466627,333461,0.00000267,377.00000000,0
1531211466732,1531211466728,333462,0.00000267,377.00000000,0
1531211466740,1531211466736,333463,0.00000267,377.00000000,0
1531211466764,1531211466757,333464,0.00000267,377.00000000,0
1531211466772,1531211466769,333465,0.00000267,377.00000000,0
1531211466798,1531211466794,333466,0.00000267,377.00000000,0
1531211467035,1531211467030,333467,0.00000267,377.00000000,0
1531211467455,1531211467451,333468,0.00000267,377.00000000,0
1531211468021,1531211468017,333469,0.00000267,1873.00000000,0
1531211468082,1531211468077,333470,0.00000267,1873.00000000,0
1531211468348,1531211468343,333471,0.00000267,1873.00000000,0
1531211468723,1531211468719,333472,0.00000267,1873.00000000,0
1531211468980,1531211468977,333473,0.00000267,1873.00000000,0
1531211469023,1531211469022,333474,0.00000267,375.00000000,0
1531211469210,1531211469205,333475,0.00000267,1873.00000000,0
1531211469455,1531211469450,333476,0.00000267,750.00000000,0
1531211469830,1531211469826,333477,0.00000267,1873.00000000,0
1531211469921,1531211469918,333478,0.00000267,1873.00000000,0
1531211470482,1531211470477,333479,0.00000267,29161.00000000,0
1531211474641,1531211474637,333480,0.00000267,1060.00000000,0
1531211475227,1531211475223,333481,0.00000267,750.00000000,0
1531211475372,1531211475369,333482,0.00000267,6934.00000000,0
1531211476421,1531211476417,333483,0.00000267,2811.00000000,0
1531211477374,1531211477369,333484,0.00000267,5853.00000000,0
1531211478935,1531211478931,333485,0.00000266,36183.00000000,1
1531211484708,1531211484704,333486,0.00000267,79315.00000000,0
1531211485883,1531211485879,333487,0.00000267,377.00000000,0
1531211486047,1531211486042,333488,0.00000267,377.00000000,0
1531211486808,1531211486802,333489,0.00000267,11306.00000000,0
1531211487594,1531211487590,333490,0.00000267,1873.00000000,0
1531211488257,1531211488253,333491,0.00000267,1873.00000000,0
1531211493042,1531211493039,333492,0.00000267,5201.00000000,0
1531211495445,1531211495440,333493,0.00000267,101056.00000000,0
1531211499253,1531211499249,333494,0.00000267,143065.00000000,1
1531211501938,1531211501932,333495,0.00000267,143065.00000000,1
1531211506289,1531211506285,333496,0.00000268,376.00000000,0
1531211506768,1531211506764,333497,0.00000268,376.00000000,0
1531211506952,1531211506946,333498,0.00000267,2482.00000000,1
1531211507196,1531211507190,333499,0.00000268,376.00000000,0
1531211507551,1531211507547,333500,0.00000267,259194.00000000,1
1531211508163,1531211508160,333501,0.00000267,1866.00000000,0
1531211508338,1531211508334,333502,0.00000267,616.00000000,0
1531211508338,1531211508334,333503,0.00000268,1250.00000000,0
1531211509978,1531211509973,333504,0.00000267,1866.00000000,0
1531211511793,1531211511788,333505,0.00000267,38642.00000000,0
1531211512364,1531211512358,333506,0.00000266,346863.00000000,1
1531211514164,1531211514161,333507,0.00000267,7490.00000000,0
1531211517849,1531211517846,333508,0.00000266,191.00000000,1
1531211518748,1531211518743,333509,0.00000266,4904.00000000,0
1531211520255,1531211520251,333510,0.00000267,135121.00000000,0
1531211520256,1531211520252,333511,0.00000267,254.00000000,0
1531211520994,1531211520989,333512,0.00000267,71786.00000000,1
1531211521851,1531211521847,333513,0.00000267,75054.00000000,1
1531211521851,1531211521847,333514,0.00000266,202354.00000000,1
1531211523285,1531211523281,333515,0.00000267,41213.00000000,0
1531211523352,1531211523349,333516,0.00000266,75054.00000000,1
1531211523382,1531211523382,333517,0.00000266,2731.00000000,0
1531211523385,1531211523382,333518,0.00000266,2725.00000000,0
1531211529868,1531211529864,333519,0.00000265,6174.00000000,1
1531211529893,1531211529889,333520,0.00000266,77062.00000000,0
1531211533346,1531211533341,333521,0.00000266,57327.00000000,1
1531211536919,1531211536914,333522,0.00000266,29165.00000000,1
1531211537744,1531211537740,333523,0.00000266,11842.00000000,1
1531211537766,1531211537761,333524,0.00000266,25461.00000000,0
1531211537884,1531211537878,333525,0.00000266,16675.00000000,0
1531211539994,1531211539989,333526,0.00000266,118414.00000000,0
1531211540022,1531211540017,333527,0.00000267,118414.00000000,0
1531211540050,1531211540046,333528,0.00000265,5643.00000000,1
1531211543234,1531211543229,333529,0.00000265,48.00000000,1
1531211543851,1531211543842,333530,0.00000265,462738.00000000,1
1531211545694,1531211545690,333531,0.00000265,1061.00000000,0
1531211546010,1531211546005,333532,0.00000264,864059.00000000,1
1531211549444,1531211549435,333533,0.00000264,90247.00000000,1
1531211553323,1531211553317,333534,0.00000264,91039.00000000,1
1531211553323,1531211553317,333535,0.00000263,346419.00000000,1
1531211555536,1531211555528,333536,0.00000263,482898.00000000,1
1531211555560,1531211555555,333537,0.00000263,7779.00000000,0
1531211556588,1531211556583,333538,0.00000263,2479.00000000,0
1531211557187,1531211557183,333539,0.00000263,1772.00000000,0
1531211557502,1531211557498,333540,0.00000262,750.00000000,1
1531211557784,1531211557779,333541,0.00000262,226.00000000,1
1531211558308,1531211558302,333542,0.00000263,598365.00000000,0
1531211560689,1531211560684,333543,0.00000263,28044.00000000,0
1531211560843,1531211560839,333544,0.00000263,106693.00000000,0
1531211561807,1531211561804,333545,0.00000263,29468.00000000,0
1531211562178,1531211562174,333546,0.00000263,187139.00000000,0
1531211563338,1531211563335,333547,0.00000263,230541.00000000,0
1531211564223,1531211564219,333548,0.00000263,187140.00000000,0
1531211565709,1531211565704,333549,0.00000263,54684.00000000,0
1531211576898,1531211576893,333550,0.00000264,3971.00000000,0
1531211581982,1531211581978,333551,0.00000263,1500.00000000,1
1531211607197,1531211607194,333552,0.00000263,1153.00000000,1
1531211610348,1531211610341,333553,0.00000263,47320.00000000,1
1531211610348,1531211610341,333554,0.00000262,290958.00000000,1
1531211611324,1531211611319,333555,0.00000263,534.00000000,0
1531211613701,1531211613696,333556,0.00000263,3333.00000000,1
1531211614709,1531211614704,333557,0.00000263,3201.00000000,1
1531211624203,1531211624189,333558,0.00000262,27198.00000000,1
1531211624606,1531211624606,333559,0.00000263,1130.00000000,0
1531211627634,1531211627630,333560,0.00000262,45698.00000000,1
1531211630712,1531211630707,333561,0.00000263,500.00000000,0
1531211635217,1531211635212,333562,0.00000263,38022.00000000,0
1531211635309,1531211635304,333563,0.00000263,3332.00000000,0
1531211641549,1531211641546,333564,0.00000262,5853.00000000,1
1531211642631,1531211642626,333565,0.00000263,103725.00000000,0
1531211642707,1531211642704,333566,0.00000263,2227.00000000,0
1531211643785,1531211643780,333567,0.00000262,420.00000000,1
1531211647508,1531211647504,333568,0.00000262,386.00000000,1
1531211655558,1531211655554,333569,0.00000262,17638.00000000,1
1531211658337,1531211658334,333570,0.00000262,6817.00000000,1
1531211671491,1531211671487,333571,0.00000262,232542.00000000,1
1531211672619,1531211672615,333572,0.00000262,28741.00000000,1
1531211673368,1531211673363,333573,0.00000262,48773.00000000,0
1531211684790,1531211684787,333574,0.00000262,449.00000000,1
1531211696289,1531211696285,333575,0.00000262,42546.00000000,1
1531211699165,1531211699165,333576,0.00000262,26289.00000000,1
1531211699198,1531211699194,333577,0.00000261,26289.00000000,1
1531211699198,1531211699194,333578,0.00000261,1481.00000000,1
1531211699206,1531211699204,333579,0.00000261,26289.00000000,1
1531211699717,1531211699717,333580,0.00000262,3964.00000000,0
1531211700719,1531211700715,333581,0.00000262,1103.00000000,0
1531211702293,1531211702288,333582,0.00000261,20693.00000000,1
1531211705793,1531211705790,333583,0.00000262,1561.00000000,0
1531211715311,1531211715306,333584,0.00000262,19921.00000000,0
1531211715363,1531211715357,333585,0.00000262,54241.00000000,0
1531211726675,1531211726670,333586,0.00000261,33.00000000,1
1531211736094,1531211736089,333587,0.00000262,91039.00000000,1
1531211743324,1531211743318,333588,0.00000261,2657.00000000,1
1531211746786,1531211746782,333589,0.00000261,15346.00000000,1
1531211748894,1531211748888,333590,0.00000263,158710.00000000,0
1531211748894,1531211748888,333591,0.00000264,41290.00000000,0
1531211754716,1531211754711,333592,0.00000263,2306.00000000,1
1531211768144,1531211768140,333593,0.00000263,1000.00000000,0
1531211773607,1531211773602,333594,0.00000263,1094.00000000,0
1531211801919,1531211801914,333595,0.00000263,667.00000000,0
1531211807744,1531211807738,333596,0.00000263,163677.00000000,0
1531211811185,1531211811179,333597,0.00000263,1929.00000000,1
1531211825131,1531211825128,333598,0.00000263,2285.00000000,1
1531211825152,1531211825147,333599,0.00000263,38207.00000000,0
1531211825152,1531211825149,333600,0.00000263,38207.00000000,0
1531211825159,1531211825155,333601,0.00000263,6111.00000000,0
1531211825410,1531211825406,333602,0.00000263,133630.00000000,0
1531211828278,1531211828275,333603,0.00000262,6111.00000000,1
1531211837713,1531211837709,333604,0.00000262,3677.00000000,1
1531211869946,1531211869939,333605,0.00000263,383.00000000,0
1531211879270,1531211879267,333606,0.00000263,13594.00000000,0
1531211889779,1531211889775,333607,0.00000263,2578.00000000,0
1531211901462,1531211901457,333608,0.00000263,3901.00000000,0
1531211901549,1531211901546,333609,0.00000263,4966.00000000,0
1531211911708,1531211911706,333610,0.00000263,2.00000000,0
1531211912378,1531211912373,333611,0.00000263,50000.00000000,0
1531211912720,1531211912716,333612,0.00000263,1237.00000000,0
1531211914952,1531211914947,333613,0.00000263,18650.00000000,0
1531211919007,1531211919003,333614,0.00000263,4517.00000000,1
1531211931167,1531211931166,333615,0.00000262,4043.00000000,1
1531211947779,1531211947776,333616,0.00000262,49669.00000000,1
1531211950182,1531211950178,333617,0.00000263,2880.00000000,0
1531211958773,1531211958768,333618,0.00000262,2285.00000000,1
1531211965153,1531211965150,333619,0.00000262,2535.00000000,1
1531211965778,1531211965774,333620,0.00000263,2.00000000,0
1531211986589,1531211986586,333621,0.00000263,3.00000000,0
1531211988750,1531211988746,333622,0.00000263,892.00000000,0
1531211999198,1531211999195,333623,0.00000263,1000.00000000,0
1531212010283,1531212010278,333624,0.00000262,11157.00000000,1
1531212010323,1531212010320,333625,0.00000262,11536.00000000,1
1531212029411,1531212029407,333626,0.00000263,40000.00000000,0
1531212031355,1531212031350,333627,0.00000262,179658.00000000,1
1531212032160,1531212032155,333628,0.00000262,771.00000000,1
1531212038683,1531212038679,333629,0.00000262,203870.00000000,1
1531212040468,1531212040465,333630,0.00000262,31526.00000000,1
1531212041291,1531212041286,333631,0.00000262,49256.00000000,1
1531212042259,1531212042255,333632,0.00000262,129440.00000000,1
1531212043268,1531212043265,333633,0.00000262,16000.00000000,1
1531212047113,1531212047108,333634,0.00000262,55647.00000000,1
1531212047169,1531212047164,333635,0.00000262,1588.00000000,0
1531212060332,1531212060327,333636,0.00000262,53363.00000000,0
1531212060443,1531212060438,333637,0.00000262,53363.00000000,0
1531212061661,1531212061658,333638,0.00000262,4254.00000000,0
1531212069002,1531212068998,333639,0.00000262,22649.00000000,0
1531212079669,1531212079665,333640,0.00000261,5588.00000000,1
1531212083224,1531212083217,333641,0.00000261,85322.00000000,1
1531212085477,1531212085471,333642,0.00000261,25619.00000000,1
1531212085642,1531212085638,333643,0.00000261,12460.00000000,0
1531212086745,1531212086740,333644,0.00000260,136.00000000,1
1531212086745,1531212086740,333645,0.00000260,4479.00000000,1
1531212088116,1531212088111,333646,0.00000261,2306.00000000,0
1531212091785,1531212091780,333647,0.00000261,31253.00000000,0
1531212092470,1531212092466,333648,0.00000261,1956.00000000,0
1531212094802,1531212094797,333649,0.00000261,15759.00000000,0
1531212095737,1531212095733,333650,0.00000261,2225.00000000,0
1531212095787,1531212095783,333651,0.00000261,9787.00000000,0
1531212095966,1531212095963,333652,0.00000261,5908.00000000,1
1531212096286,1531212096285,333653,0.00000261,954.00000000,0
1531212099024,1531212099016,333654,0.00000260,622755.00000000,1
1531212100409,1531212100403,333655,0.00000260,479.00000000,0
1531212100449,1531212100446,333656,0.00000260,338.00000000,0
1531212102186,1531212102182,333657,0.00000259,5000.00000000,1
1531212102187,1531212102182,333658,0.00000259,39292.00000000,1
1531212107789,1531212107785,333659,0.00000261,3475.00000000,0
1531212110050,1531212110046,333660,0.00000261,15759.00000000,0
1531212110300,1531212110297,333661,0.00000261,7685.00000000,0
1531212110303,1531212110299,333662,0.00000261,15695.00000000,0
1531212111009,1531212111005,333663,0.00000261,47298.00000000,0
1531212111031,1531212111028,333664,0.00000261,17318.00000000,0
1531212114042,1531212114037,333665,0.00000261,3051.00000000,0
1531212117028,1531212117023,333666,0.00000261,14256.00000000,0
1531212117271,1531212117266,333667,0.00000260,48989.00000000,0
1531212117277,1531212117271,333668,0.00000261,3846.00000000,0
1531212121894,1531212121890,333669,0.00000261,1738.00000000,0
1531212122675,1531212122671,333670,0.00000260,30170.00000000,1
1531212126954,1531212126949,333671,0.00000260,29886.00000000,1
1531212126967,1531212126963,333672,0.00000260,47505.00000000,0
1531212133104,1531212133100,333673,0.00000260,777.00000000,1
1531212133618,1531212133614,333674,0.00000260,1166.00000000,1
1531212140673,1531212140668,333675,0.00000260,1000.00000000,1
1531212141912,1531212141908,333676,0.00000260,597766.00000000,1
1531212142008,1531212142002,333677,0.00000260,55870.00000000,1
1531212142025,1531212142021,333678,0.00000260,6845.00000000,0
1531212150222,1531212150219,333679,0.00000260,6007.00000000,1
1531212154314,1531212154309,333680,0.00000261,2733.00000000,0
1531212156860,1531212156856,333681,0.00000261,911.00000000,0
1531212158819,1531212158816,333682,0.00000260,6299.00000000,1
1531212160362,1531212160357,333683,0.00000260,3663.00000000,1
1531212160864,1531212160859,333684,0.00000261,911.00000000,0
1531212160928,1531212160924,333685,0.00000261,911.00000000,0
1531212165857,1531212165854,333686,0.00000260,5597.00000000,1
1531212167954,1531212167924,333687,0.00000261,1.00000000,0
1531212170349,1531212170346,333688,0.00000260,5871.00000000,1
1531212182787,1531212182783,333689,0.00000260,462.00000000,1
1531212183745,1531212183739,333690,0.00000260,424.00000000,1
1531212184441,1531212184437,333691,0.00000260,83798.00000000,1
1531212185897,1531212185893,333692,0.00000260,8900.00000000,0
1531212205159,1531212205154,333693,0.00000260,4559.00000000,1
1531212205174,1531212205169,333694,0.00000260,104364.00000000,0
1531212217650,1531212217647,333695,0.00000260,2808.00000000,1
1531212226139,1531212226136,333696,0.00000261,1.00000000,0
1531212251570,1531212251567,333697,0.00000261,5747.00000000,0
1531212268115,1531212268110,333698,0.00000261,500.00000000,0
1531212271068,1531212271065,333699,0.00000261,8584.00000000,0
1531212279785,1531212279781,333700,0.00000261,52810.00000000,0
1531212282222,1531212282217,333701,0.00000261,701.00000000,0
1531212288064,1531212288058,333702,0.00000260,1294.00000000,1
1531212292016,1531212292011,333703,0.00000260,6604.00000000,1
1531212293832,1531212293829,333704,0.00000260,786.00000000,1
1531212296864,1531212296859,333705,0.00000260,12474.00000000,1
1531212299341,1531212299336,333706,0.00000260,966.00000000,1
1531212302392,1531212302388,333707,0.00000261,2324.00000000,0
1531212302725,1531212302721,333708,0.00000261,2324.00000000,0
1531212303785,1531212303766,333709,0.00000261,11204.00000000,0
1531212303785,1531212303770,333710,0.00000261,1915.00000000,0
1531212303785,1531212303771,333711,0.00000261,11211.00000000,0
1531212303785,1531212303776,333712,0.00000261,11204.00000000,0
1531212303798,1531212303794,333713,0.00000261,2394.00000000,0
1531212303799,1531212303795,333714,0.00000261,11203.00000000,0
1531212303806,1531212303801,333715,0.00000261,6704.00000000,0
1531212303813,1531212303809,333716,0.00000261,2529.00000000,0
1531212303835,1531212303833,333717,0.00000261,11204.00000000,0
1531212303856,1531212303852,333718,0.00000261,11204.00000000,0
1531212303902,1531212303898,333719,0.00000261,1825.00000000,0
1531212303955,1531212303951,333720,0.00000261,15542.00000000,0
1531212304659,1531212304654,333721,0.00000261,15542.00000000,0
1531212304781,1531212304777,333722,0.00000261,15664.00000000,0
1531212304805,1531212304801,333723,0.00000261,7685.00000000,0
1531212304814,1531212304809,333724,0.00000261,46824.00000000,0
1531212305017,1531212305013,333725,0.00000261,2773.00000000,0
1531212305415,1531212305409,333726,0.00000261,677549.00000000,0
1531212305658,1531212305654,333727,0.00000261,4032.00000000,0
1531212310411,1531212310407,333728,0.00000261,45724.00000000,1
1531212312667,1531212312664,333729,0.00000262,101039.00000000,0
1531212314683,1531212314677,333730,0.00000262,4063.00000000,0
1531212315721,1531212315717,333731,0.00000261,307102.00000000,1
1531212315721,1531212315717,333732,0.00000260,61.00000000,1
1531212316646,1531212316640,333733,0.00000262,24787.00000000,0
1531212316646,1531212316640,333734,0.00000263,10479.00000000,0
1531212316903,1531212316899,333735,0.00000263,126.00000000,0
1531212318749,1531212318743,333736,0.00000263,11671.00000000,0
1531212321852,1531212321848,333737,0.00000262,2311.00000000,1
1531212328085,1531212328081,333738,0.00000263,4000.00000000,0
1531212334197,1531212334193,333739,0.00000262,100656.00000000,0
1531212336273,1531212336269,333740,0.00000261,19.00000000,1
1531212342466,1531212342463,333741,0.00000261,356.00000000,1
1531212351642,1531212351638,333742,0.00000262,8818.00000000,0
1531212358144,1531212358139,333743,0.00000261,7242.00000000,1
1531212387923,1531212387920,333744,0.00000261,19802.00000000,1
1531212387975,1531212387969,333745,0.00000261,9527.00000000,0
1531212387985,1531212387979,333746,0.00000261,115807.00000000,0
1531212388047,1531212388042,333747,0.00000261,9527.00000000,0
1531212388196,1531212388191,333748,0.00000261,911.00000000,0
1531212388290,1531212388287,333749,0.00000261,66778.00000000,0
1531212389020,1531212389015,333750,0.00000261,13308.00000000,0
1531212392747,1531212392743,333751,0.00000261,4571.00000000,1
1531212394005,1531212394002,333752,0.00000261,9902.00000000,0
1531212395997,1531212395993,333753,0.00000260,22177.00000000,1
1531212401896,1531212401892,333754,0.00000261,62138.00000000,0
1531212403897,1531212403893,333755,0.00000261,7856.00000000,0
1531212404073,1531212404071,333756,0.00000261,3355.00000000,0
1531212406563,1531212406560,333757,0.00000260,10000.00000000,1
1531212412923,1531212412919,333758,0.00000261,456.00000000,0
1531212413744,1531212413739,333759,0.00000261,10122.00000000,1
1531212418710,1531212418705,333760,0.00000260,5898.00000000,1
1531212420983,1531212420978,333761,0.00000260,11183.00000000,1
1531212423665,1531212423661,333762,0.00000260,122435.00000000,1
1531212425201,1531212425197,333763,0.00000262,1204539.00000000,0
1531212438850,1531212438844,333764,0.00000261,48315.00000000,1
1531212440425,1531212440420,333765,0.00000261,336480.00000000,1
1531212440448,1531212440445,333766,0.00000261,7642.00000000,0
1531212440476,1531212440470,333767,0.00000261,7657.00000000,0
1531212440490,1531212440485,333768,0.00000261,7657.00000000,0
1531212440616,1531212440612,333769,0.00000261,1812.00000000,0
1531212440971,1531212440967,333770,0.00000261,8790.00000000,0
1531212447150,1531212447145,333771,0.00000260,150939.00000000,1
1531212447243,1531212447241,333772,0.00000260,54415.00000000,1
1531212451051,1531212451044,333773,0.00000260,125338.00000000,1
1531212451066,1531212451062,333774,0.00000260,20716.00000000,0
1531212451077,1531212451076,333775,0.00000260,23239.00000000,0
1531212453845,1531212453840,333776,0.00000261,6094.00000000,0
1531212469950,1531212469946,333777,0.00000261,1326.00000000,0
1531212476499,1531212476493,333778,0.00000260,40306.00000000,1
1531212479352,1531212479348,333779,0.00000261,1000.00000000,0
1531212486455,1531212486450,333780,0.00000260,15542.00000000,1
1531212486474,1531212486470,333781,0.00000260,3929.00000000,0
1531212496122,1531212496119,333782,0.00000260,8361.00000000,1
1531212496463,1531212496459,333783,0.00000261,386.00000000,0
1531212497765,1531212497760,333784,0.00000261,1916.00000000,0
1531212503037,1531212503032,333785,0.00000261,867.00000000,0
1531212516773,1531212516768,333786,0.00000260,1170.00000000,1
1531212521179,1531212521174,333787,0.00000260,4082.00000000,1
1531212523295,1531212523292,333788,0.00000261,16528.00000000,0
1531212526803,1531212526797,333789,0.00000260,83056.00000000,1
1531212527353,1531212527349,333790,0.00000261,6655.00000000,0
1531212529798,1531212529796,333791,0.00000260,80000.00000000,1
1531212538044,1531212538039,333792,0.00000259,127638.00000000,1
1531212543366,1531212543362,333793,0.00000259,25000.00000000,1
1531212553712,1531212553707,333794,0.00000260,34691.00000000,0
1531212554147,1531212554143,333795,0.00000260,44663.00000000,0
1531212554190,1531212554186,333796,0.00000260,16093.00000000,0
1531212568328,1531212568325,333797,0.00000260,9980.00000000,0
1531212573248,1531212573245,333798,0.00000260,20.00000000,0
1531212573802,1531212573798,333799,0.00000260,437.00000000,1
1531212578090,1531212578085,333800,0.00000259,8652.00000000,1
1531212609338,1531212609327,333801,0.00000260,27241.00000000,1
1531212609338,1531212609327,333802,0.00000259,242795.00000000,1
1531212613017,1531212613012,333803,0.00000260,9130.00000000,0
1531212613704,1531212613699,333804,0.00000260,87503.00000000,0
1531212617973,1531212617967,333805,0.00000260,1625.00000000,0
1531212617973,1531212617968,333806,0.00000260,109618.00000000,0
1531212617976,1531212617973,333807,0.00000260,389.00000000,0
1531212617976,1531212617973,333808,0.00000260,71691.00000000,0
1531212617985,1531212617981,333809,0.00000260,389.00000000,0
1531212624642,1531212624628,333810,0.00000259,102642.00000000,1
1531212624642,1531212624628,333811,0.00000258,228081.00000000,1
1531212624642,1531212624628,333812,0.00000258,167328.00000000,1
1531212624642,1531212624628,333813,0.00000258,12666.00000000,1
1531212625193,1531212625190,333814,0.00000259,958.00000000,0
1531212625209,1531212625206,333815,0.00000259,1348.00000000,0
1531212625603,1531212625598,333816,0.00000259,1266.00000000,0
1531212626317,1531212626312,333817,0.00000259,771.00000000,1
1531212626317,1531212626312,333818,0.00000259,1514.00000000,0
1531212626792,1531212626789,333819,0.00000259,415.00000000,1
1531212626839,1531212626834,333820,0.00000259,2171.00000000,0
1531212627299,1531212627295,333821,0.00000259,578.00000000,1
1531212627334,1531212627328,333822,0.00000259,187.00000000,0
1531212627654,1531212627649,333823,0.00000259,15858.00000000,0
1531212630529,1531212630525,333824,0.00000258,939.00000000,1
1531212630899,1531212630895,333825,0.00000258,1.00000000,1
1531212636468,1531212636462,333826,0.00000258,50244.00000000,1
1531212636482,1531212636476,333827,0.00000258,126417.00000000,0
1531212636507,1531212636501,333828,0.00000258,747.00000000,0
1531212636508,1531212636504,333829,0.00000258,91471.00000000,0
1531212637005,1531212636999,333830,0.00000259,2326.00000000,0
1531212638058,1531212638055,333831,0.00000258,2356.00000000,0
1531212638208,1531212638203,333832,0.00000257,35338.00000000,1
1531212638208,1531212638203,333833,0.00000257,6367.00000000,1
1531212638214,1531212638203,333834,0.00000257,185405.00000000,1
1531212638216,1531212638203,333835,0.00000257,40000.00000000,1
1531212638759,1531212638753,333836,0.00000258,2306.00000000,0
1531212638803,1531212638798,333837,0.00000258,19198.00000000,0
1531212639268,1531212639264,333838,0.00000257,664.00000000,1
1531212640033,1531212640031,333839,0.00000258,581.00000000,0
1531212640799,1531212640793,333840,0.00000258,7794.00000000,0
1531212647793,1531212647789,333841,0.00000258,5183.00000000,0
1531212652706,1531212652702,333842,0.00000259,1954.00000000,0
1531212652715,1531212652710,333843,0.00000259,1946.00000000,0
1531212657438,1531212657433,333844,0.00000257,3975.00000000,1
1531212658630,1531212658626,333845,0.00000258,786.00000000,1
1531212659524,1531212659520,333846,0.00000258,770.00000000,1
1531212659757,1531212659752,333847,0.00000258,1842.00000000,1
1531212659797,1531212659792,333848,0.00000258,276.00000000,0
1531212661803,1531212661799,333849,0.00000258,1505.00000000,0
1531212676543,1531212676539,333850,0.00000257,800.00000000,1
1531212676951,1531212676945,333851,0.00000258,243560.00000000,0
1531212678864,1531212678859,333852,0.00000258,1179.00000000,1
1531212678871,1531212678867,333853,0.00000258,393.00000000,1
1531212678922,1531212678918,333854,0.00000258,489.00000000,1
1531212678941,1531212678936,333855,0.00000258,2733.00000000,1
1531212681570,1531212681565,333856,0.00000258,18258.00000000,1
1531212682395,1531212682389,333857,0.00000259,3125.00000000,0
1531212691692,1531212691688,333858,0.00000258,1.00000000,1
1531212698386,1531212698381,333859,0.00000258,108478.00000000,1
1531212698386,1531212698381,333860,0.00000257,309072.00000000,1
1531212698410,1531212698406,333861,0.00000257,24132.00000000,0
1531212698414,1531212698409,333862,0.00000257,7656.00000000,0
1531212698414,1531212698410,333863,0.00000257,7657.00000000,0
1531212698433,1531212698429,333864,0.00000257,24132.00000000,0
1531212698445,1531212698438,333865,0.00000257,2733.00000000,0
1531212698452,1531212698447,333866,0.00000257,7657.00000000,0
1531212698490,1531212698487,333867,0.00000256,1915.00000000,1
1531212698585,1531212698581,333868,0.00000257,11447.00000000,0
1531212698598,1531212698592,333869,0.00000257,4322.00000000,0
1531212698598,1531212698592,333870,0.00000258,6511.00000000,0
1531212698598,1531212698592,333871,0.00000259,614.00000000,0
1531212704398,1531212704392,333872,0.00000257,463.00000000,1
1531212705129,1531212705124,333873,0.00000257,1738.00000000,0
1531212723401,1531212723396,333874,0.00000258,118263.00000000,0
1531212723796,1531212723791,333875,0.00000258,9027.00000000,0
1531212728802,1531212728797,333876,0.00000258,23807.00000000,0
1531212731487,1531212731483,333877,0.00000257,434.00000000,1
1531212731854,1531212731849,333878,0.00000259,2015.00000000,0
1531212732643,1531212732638,333879,0.00000257,473.00000000,1
1531212739485,1531212739480,333880,0.00000257,393.00000000,1
1531212749139,1531212749136,333881,0.00000258,21585.00000000,0
1531212752010,1531212752007,333882,0.00000258,81762.00000000,1
1531212759597,1531212759593,333883,0.00000258,300000.00000000,1
1531212761953,1531212761949,333884,0.00000258,1298.00000000,1
1531212764057,1531212764052,333885,0.00000258,2361.00000000,1
1531212768156,1531212768152,333886,0.00000258,10991.00000000,1
1531212774122,1531212774117,333887,0.00000258,2364.00000000,1
1531212778134,1531212778130,333888,0.00000258,27972.00000000,1
1531212779549,1531212779544,333889,0.00000258,151863.00000000,1
1531212784102,1531212784096,333890,0.00000257,2361.00000000,1
1531212797217,1531212797212,333891,0.00000258,8417.00000000,0
1531212803132,1531212803128,333892,0.00000258,2733.00000000,0
1531212803655,1531212803652,333893,0.00000258,50000.00000000,0
1531212806177,1531212806173,333894,0.00000257,71385.00000000,1
1531212808957,1531212808954,333895,0.00000258,910.00000000,0
1531212809399,1531212809394,333896,0.00000258,61260.00000000,0
1531212811260,1531212811256,333897,0.00000258,15375.00000000,0
1531212811666,1531212811660,333898,0.00000258,101593.00000000,0
1531212812964,1531212812960,333899,0.00000258,3784.00000000,0
1531212812996,1531212812993,333900,0.00000258,134754.00000000,0
1531212814743,1531212814739,333901,0.00000258,946.00000000,0
1531212816039,1531212816034,333902,0.00000258,237.00000000,0
1531212817837,1531212817831,333903,0.00000258,79.00000000,0
1531212819832,1531212819829,333904,0.00000257,37407.00000000,1
1531212827760,1531212827757,333905,0.00000258,36408.00000000,0
1531212827800,1531212827795,333906,0.00000258,58133.00000000,0
1531212848781,1531212848776,333907,0.00000259,71761.00000000,0
1531212860247,1531212860242,333908,0.00000258,392.00000000,1
1531212861629,1531212861624,333909,0.00000259,1229.00000000,0
1531212863206,1531212863203,333910,0.00000259,1216.00000000,0
1531212865257,1531212865253,333911,0.00000259,372957.00000000,0
1531212868487,1531212868482,333912,0.00000258,31705.00000000,1
1531212870905,1531212870901,333913,0.00000259,773.00000000,0
1531212876105,1531212876101,333914,0.00000258,91484.00000000,1
1531212886538,1531212886534,333915,0.00000259,1104.00000000,0
1531212909915,1531212909907,333916,0.00000258,13535.00000000,1
1531212915971,1531212915967,333917,0.00000258,8856.00000000,1
1531212934566,1531212934560,333918,0.00000258,587655.00000000,1
1531212934566,1531212934560,333919,0.00000257,253178.00000000,1
1531212934928,1531212934923,333920,0.00000257,32898.00000000,1
1531212935866,1531212935861,333921,0.00000258,130212.00000000,0
1531212935866,1531212935861,333922,0.00000259,149506.00000000,0
1531212945465,1531212945460,333923,0.00000259,962.00000000,0
1531212946076,1531212946072,333924,0.00000259,12000.00000000,0
1531212949075,1531212949070,333925,0.00000259,64.00000000,0
1531212952083,1531212952079,333926,0.00000259,1.00000000,0
1531212955363,1531212955358,333927,0.00000259,107500.00000000,0
1531212960786,1531212960782,333928,0.00000258,17526.00000000,1
1531212978281,1531212978276,333929,0.00000258,40703.00000000,1
1531212978817,1531212978814,333930,0.00000258,14230.00000000,0
1531212984012,1531212984009,333931,0.00000258,6482.00000000,1
1531212994532,1531212994527,333932,0.00000259,100380.00000000,0
1531212999716,1531212999710,333933,0.00000259,790.00000000,0
1531213011780,1531213011775,333934,0.00000259,239643.00000000,0
1531213011797,1531213011792,333935,0.00000259,36748.00000000,1
1531213011847,1531213011843,333936,0.00000259,124669.00000000,1
1531213013630,1531213013624,333937,0.00000259,228683.00000000,1
1531213028133,1531213028127,333938,0.00000258,22345.00000000,1
1531213040672,1531213040666,333939,0.00000258,46681.00000000,1
1531213040779,1531213040774,333940,0.00000258,5644.00000000,1
1531213045749,1531213045744,333941,0.00000258,2604.00000000,1
1531213046527,1531213046523,333942,0.00000258,48310.00000000,1
1531213052973,1531213052969,333943,0.00000258,892.00000000,1
1531213052984,1531213052980,333944,0.00000259,50.00000000,0
1531213059329,1531213059326,333945,0.00000258,500.00000000,1
1531213059644,1531213059638,333946,0.00000258,954.00000000,1
1531213066971,1531213066966,333947,0.00000259,3333.00000000,0
1531213067080,1531213067076,333948,0.00000258,268213.00000000,1
1531213070779,1531213070776,333949,0.00000258,196913.00000000,1
1531213070823,1531213070819,333950,0.00000258,20050.00000000,0
1531213078105,1531213078100,333951,0.00000259,7122.00000000,0
1531213087884,1531213087881,333952,0.00000259,60553.00000000,0
1531213106612,1531213106609,333953,0.00000259,15534.00000000,0
1531213108245,1531213108239,333954,0.00000258,38062.00000000,1
1531213108826,1531213108823,333955,0.00000258,24980.00000000,0
1531213109827,1531213109823,333956,0.00000258,1148.00000000,0
1531213111997,1531213111993,333957,0.00000258,500.00000000,0
1531213138772,1531213138766,333958,0.00000258,8726.00000000,0
1531213139327,1531213139323,333959,0.00000258,9072.00000000,0
1531213139338,1531213139335,333960,0.00000258,9072.00000000,0
1531213139355,1531213139351,333961,0.00000258,758.00000000,0
1531213139824,1531213139820,333962,0.00000258,4270.00000000,0
1531213139828,1531213139823,333963,0.00000258,4270.00000000,0
1531213142881,1531213142878,333964,0.00000258,101065.00000000,0
1531213147597,1531213147592,333965,0.00000257,214067.00000000,1
1531213147875,1531213147871,333966,0.00000258,10886.00000000,0
1531213150183,1531213150178,333967,0.00000258,8008.00000000,0
1531213150508,1531213150502,333968,0.00000258,4270.00000000,1
1531213160317,1531213160313,333969,0.00000259,1333.00000000,0
1531213166203,1531213166200,333970,0.00000258,74359.00000000,1
1531213167967,1531213167963,333971,0.00000259,1608.00000000,0
1531213169661,1531213169656,333972,0.00000258,5617.00000000,1
1531213182431,1531213182427,333973,0.00000258,45.00000000,1
1531213198573,1531213198568,333974,0.00000258,800.00000000,1
1531213199473,1531213199468,333975,0.00000259,8354.00000000,0
1531213202537,1531213202534,333976,0.00000259,36539.00000000,0
1531213205153,1531213205149,333977,0.00000259,100.00000000,0
1531213212568,1531213212562,333978,0.00000259,97.00000000,0
1531213219960,1531213219956,333979,0.00000258,1143.00000000,1
1531213221209,1531213221206,333980,0.00000259,6000.00000000,0
1531213222222,1531213222217,333981,0.00000258,81599.00000000,1
1531213222925,1531213222921,333982,0.00000258,843.00000000,1
1531213225764,1531213225759,333983,0.00000259,13426.00000000,0
1531213226522,1531213226519,333984,0.00000258,62251.00000000,1
1531213228277,1531213228273,333985,0.00000258,203.00000000,1
1531213228500,1531213228497,333986,0.00000258,92299.00000000,1
1531213230057,1531213230051,333987,0.00000258,4308.00000000,1
1531213239683,1531213239679,333988,0.00000258,1337.00000000,1
1531213244243,1531213244237,333989,0.00000258,315986.00000000,1
1531213281168,1531213281163,333990,0.00000258,7459.00000000,1
1531213282620,1531213282615,333991,0.00000259,5791.00000000,0
1531213302029,1531213302023,333992,0.00000258,107874.00000000,1
1531213305299,1531213305293,333993,0.00000258,6945.00000000,1
1531213305299,1531213305293,333994,0.00000257,94990.00000000,1
1531213305299,1531213305293,333995,0.00000257,23781.00000000,1
1531213309597,1531213309594,333996,0.00000257,41263.00000000,1
1531213316974,1531213316970,333997,0.00000258,795.00000000,0
1531213318665,1531213318659,333998,0.00000258,1076.00000000,0
1531213342024,1531213342019,333999,0.00000258,1101.00000000,0
1531213342069,1531213342067,334000,0.00000258,819.00000000,0
1531213349142,1531213349138,334001,0.00000258,10401.00000000,0
1531213351580,1531213351575,334002,0.00000257,79181.00000000,1
1531213352452,1531213352448,334003,0.00000257,292761.00000000,1
1531213355535,1531213355531,334004,0.00000257,67315.00000000,1
1531213355773,1531213355768,334005,0.00000257,101935.00000000,1
1531213365980,1531213365974,334006,0.00000258,843.00000000,0
1531213366170,1531213366165,334007,0.00000258,1131.00000000,0
1531213369871,1531213369868,334008,0.00000257,901.00000000,0
1531213370249,1531213370244,334009,0.00000257,4974.00000000,0
1531213371088,1531213371081,334010,0.00000256,132022.00000000,1
1531213377638,1531213377632,334011,0.00000257,1162.00000000,0
1531213378542,1531213378537,334012,0.00000257,872.00000000,0
1531213380202,1531213380197,334013,0.00000257,11541.00000000,0
1531213389435,1531213389429,334014,0.00000257,20255.00000000,1
1531213389435,1531213389429,334015,0.00000256,77986.00000000,1
1531213397861,1531213397857,334016,0.00000257,594.00000000,0
1531213397887,1531213397883,334017,0.00000257,2972.00000000,0
1531213398339,1531213398334,334018,0.00000257,9451.00000000,0
1531213399347,1531213399342,334019,0.00000257,2234.00000000,0
1531213399840,1531213399835,334020,0.00000258,1194.00000000,0
1531213401605,1531213401600,334021,0.00000258,901.00000000,0
1531213405853,1531213405848,334022,0.00000257,433.00000000,1
1531213414663,1531213414659,334023,0.00000257,102825.00000000,1
1531213419541,1531213419538,334024,0.00000257,198787.00000000,0
1531213419631,1531213419627,334025,0.00000257,2573.00000000,0
1531213419952,1531213419946,334026,0.00000257,67000.00000000,0
1531213421081,1531213421077,334027,0.00000257,163536.00000000,0
1531213422415,1531213422410,334028,0.00000258,1228.00000000,0
1531213422415,1531213422411,334029,0.00000258,929.00000000,0
1531213425582,1531213425578,334030,0.00000257,1184.00000000,1
1531213431132,1531213431129,334031,0.00000257,361780.00000000,1
1531213432843,1531213432837,334032,0.00000258,53518.00000000,0
1531213440133,1531213440127,334033,0.00000257,67083.00000000,1
1531213440156,1531213440152,334034,0.00000257,6081.00000000,0
1531213440294,1531213440290,334035,0.00000257,6093.00000000,0
1531213440569,1531213440564,334036,0.00000257,11045.00000000,0
1531213440773,1531213440767,334037,0.00000257,15531.00000000,0
1531213440776,1531213440771,334038,0.00000257,2041.00000000,0
1531213442585,1531213442581,334039,0.00000258,1262.00000000,0
1531213443218,1531213443213,334040,0.00000258,960.00000000,0
1531213450693,1531213450689,334041,0.00000256,19802.00000000,1
1531213461647,1531213461642,334042,0.00000258,994.00000000,0
1531213462441,1531213462436,334043,0.00000258,1303.00000000,0
1531213477282,1531213477280,334044,0.00000258,382.00000000,0
1531213480284,1531213480280,334045,0.00000258,1.00000000,0
1531213480465,1531213480461,334046,0.00000258,1341.00000000,0
1531213482402,1531213482397,334047,0.00000258,1926.00000000,0
1531213503940,1531213503936,334048,0.00000258,12918.00000000,0
1531213506705,1531213506701,334049,0.00000257,113197.00000000,1
1531213515254,1531213515249,334050,0.00000257,102207.00000000,1
1531213519821,1531213519813,334051,0.00000257,3410.00000000,0
1531213529525,1531213529520,334052,0.00000257,36371.00000000,0
1531213529535,1531213529529,334053,0.00000257,36351.00000000,0
1531213540217,1531213540212,334054,0.00000256,169830.00000000,1
1531213541503,1531213541497,334055,0.00000256,10219.00000000,1
1531213545332,1531213545328,334056,0.00000256,1008.00000000,1
1531213549292,1531213549288,334057,0.00000256,28796.00000000,1
1531213551872,1531213551869,334058,0.00000257,50000.00000000,0
1531213554896,1531213554892,334059,0.00000257,1607.00000000,0
1531213555751,1531213555745,334060,0.00000257,13537.00000000,1
1531213555751,1531213555745,334061,0.00000256,17834.00000000,1
1531213560391,1531213560388,334062,0.00000256,4564.00000000,1
1531213563951,1531213563948,334063,0.00000256,74451.00000000,1
1531213570527,1531213570524,334064,0.00000256,2632.00000000,1
1531213574140,1531213574136,334065,0.00000256,13108.00000000,1
1531213576816,1531213576812,334066,0.00000257,40.00000000,0
1531213581503,1531213581499,334067,0.00000257,50194.00000000,0
1531213582690,1531213582687,334068,0.00000257,22869.00000000,1
1531213584336,1531213584332,334069,0.00000257,2282.00000000,1
1531213590032,1531213590028,334070,0.00000257,100.00000000,1
1531213592829,1531213592824,334071,0.00000257,11320.00000000,1
1531213595002,1531213594998,334072,0.00000257,42166.00000000,1
1531213634221,1531213634217,334073,0.00000257,2813.00000000,0
1531213634797,1531213634793,334074,0.00000256,33664.00000000,1
1531213636801,1531213636797,334075,0.00000256,14985.00000000,1
1531213641919,1531213641913,334076,0.00000256,195809.00000000,1
1531213641930,1531213641927,334077,0.00000256,23208.00000000,1
1531213645127,1531213645122,334078,0.00000256,38549.00000000,1
1531213647213,1531213647207,334079,0.00000256,70000.00000000,1
1531213658458,1531213658454,334080,0.00000256,1397.00000000,1
1531213660159,1531213660154,334081,0.00000257,21747.00000000,0
1531213662226,1531213662222,334082,0.00000257,49167.00000000,0
1531213668218,1531213668209,334083,0.00000256,266275.00000000,1
1531213668218,1531213668209,334084,0.00000255,1065308.00000000,1
1531213672281,1531213672276,334085,0.00000256,7003.00000000,1
1531213672294,1531213672288,334086,0.00000256,141148.00000000,0
1531213672297,1531213672292,334087,0.00000256,7315.00000000,0
1531213672319,1531213672316,334088,0.00000256,42685.00000000,0
1531213672337,1531213672333,334089,0.00000256,13963.00000000,0
1531213672354,1531213672348,334090,0.00000256,21791.00000000,0
1531213672749,1531213672744,334091,0.00000256,13812.00000000,1
1531213673326,1531213673321,334092,0.00000256,151.00000000,1
1531213674891,1531213674885,334093,0.00000256,1214.00000000,0
1531213676518,1531213676514,334094,0.00000255,12777.00000000,1
1531213676718,1531213676714,334095,0.00000255,13963.00000000,1
1531213679827,1531213679823,334096,0.00000255,70363.00000000,1
1531213685425,1531213685421,334097,0.00000255,432.00000000,1
1531213685614,1531213685610,334098,0.00000256,391.00000000,0
1531213688942,1531213688937,334099,0.00000255,793.00000000,1
1531213703165,1531213703162,334100,0.00000256,5886.00000000,0
1531213703358,1531213703356,334101,0.00000255,1611.00000000,1
1531213709011,1531213709008,334102,0.00000255,397.00000000,1
1531213709228,1531213709224,334103,0.00000255,1189.00000000,1
1531213710615,1531213710611,334104,0.00000255,38550.00000000,1
1531213716763,1531213716760,334105,0.00000256,782.00000000,0
1531213719652,1531213719648,334106,0.00000256,108947.00000000,0
1531213719685,1531213719682,334107,0.00000255,7740.00000000,1
1531213720877,1531213720873,334108,0.00000256,62138.00000000,0
1531213720919,1531213720915,334109,0.00000256,13962.00000000,1
1531213721288,1531213721283,334110,0.00000256,11823.00000000,1
1531213729072,1531213729068,334111,0.00000256,80903.00000000,1
1531213729313,1531213729310,334112,0.00000256,395.00000000,1
1531213729810,1531213729807,334113,0.00000256,94733.00000000,1
1531213730968,1531213730965,334114,0.00000256,318432.00000000,1
1531213730968,1531213730965,334115,0.00000255,421143.00000000,1
1531213732684,1531213732681,334116,0.00000255,14418.00000000,1
1531213736159,1531213736155,334117,0.00000255,21818.00000000,1
1531213741329,1531213741325,334118,0.00000255,844.00000000,1
1531213742050,1531213742046,334119,0.00000257,45.00000000,0
1531213742829,1531213742824,334120,0.00000255,118349.00000000,1
1531213744575,1531213744571,334121,0.00000256,430.00000000,1
1531213756090,1531213756085,334122,0.00000255,2704.00000000,1
1531213758933,1531213758928,334123,0.00000256,469.00000000,0
1531213759579,1531213759575,334124,0.00000256,2188.00000000,1
1531213768499,1531213768495,334125,0.00000256,25652.00000000,1
1531213775940,1531213775937,334126,0.00000256,2379.00000000,0
1531213788918,1531213788913,334127,0.00000256,9453.00000000,0
1531213789528,1531213789524,334128,0.00000255,8974.00000000,1
1531213791112,1531213791107,334129,0.00000255,10558.00000000,1
1531213792741,1531213792738,334130,0.00000255,12141.00000000,1
1531213794303,1531213794300,334131,0.00000255,7918.00000000,1
1531213795881,1531213795876,334132,0.00000255,19206.00000000,1
1531213798438,1531213798434,334133,0.00000255,13523.00000000,1
1531213799946,1531213799942,334134,0.00000255,14702.00000000,1
1531213801146,1531213801141,334135,0.00000255,12999.00000000,1
1531213802733,1531213802727,334136,0.00000255,12488.00000000,1
1531213803540,1531213803537,334137,0.00000255,4164.00000000,1
1531213803985,1531213803979,334138,0.00000255,46117.00000000,1
1531213804103,1531213804099,334139,0.00000255,12979.00000000,1
1531213804110,1531213804106,334140,0.00000255,14008.00000000,1
1531213804110,1531213804107,334141,0.00000255,14599.00000000,1
1531213804129,1531213804125,334142,0.00000255,12999.00000000,1
1531213804139,1531213804134,334143,0.00000255,7267.00000000,1
1531213804375,1531213804370,334144,0.00000255,12979.00000000,1
1531213804982,1531213804979,334145,0.00000255,12147.00000000,1
1531213806465,1531213806462,334146,0.00000254,1741.00000000,1
1531213806466,1531213806462,334147,0.00000254,64229.00000000,1
1531213806466,1531213806462,334148,0.00000254,13795.00000000,1
1531213806695,1531213806690,334149,0.00000254,1702.00000000,1
1531213807149,1531213807146,334150,0.00000254,1573.00000000,1
1531213807569,1531213807565,334151,0.00000254,1626.00000000,1
1531213808179,1531213808174,334152,0.00000254,3450.00000000,1
1531213812193,1531213812191,334153,0.00000255,469.00000000,0
1531213812422,1531213812418,334154,0.00000254,33219.00000000,1
1531213815622,1531213815617,334155,0.00000254,1325.00000000,1
1531213815899,1531213815896,334156,0.00000254,47465.00000000,1
1531213819189,1531213819186,334157,0.00000255,52725.00000000,0
1531213819607,1531213819604,334158,0.00000255,9618.00000000,0
1531213822758,1531213822755,334159,0.00000255,2722.00000000,0
1531213822969,1531213822962,334160,0.00000254,447244.00000000,1
1531213822990,1531213822986,334161,0.00000254,2873.00000000,0
1531213823034,1531213823029,334162,0.00000254,21310.00000000,0
1531213823074,1531213823070,334163,0.00000254,2873.00000000,0
1531213823086,1531213823081,334164,0.00000254,20446.00000000,0
1531213823110,1531213823107,334165,0.00000254,782.00000000,0
1531213823114,1531213823110,334166,0.00000254,780.00000000,0
1531213823895,1531213823890,334167,0.00000254,1389.00000000,0
1531213824270,1531213824266,334168,0.00000254,1178.00000000,0
1531213824288,1531213824284,334169,0.00000254,3818.00000000,0
1531213824312,1531213824307,334170,0.00000254,1575.00000000,0
1531213826586,1531213826582,334171,0.00000253,2316.00000000,1
1531213828700,1531213828697,334172,0.00000253,191134.00000000,1
1531213830833,1531213830829,334173,0.00000253,44279.00000000,1
1531213830845,1531213830841,334174,0.00000253,42444.00000000,1
1531213831694,1531213831691,334175,0.00000253,35821.00000000,1
1531213832859,1531213832856,334176,0.00000253,3127.00000000,1
1531213833421,1531213833418,334177,0.00000253,28343.00000000,1
1531213837394,1531213837391,334178,0.00000254,22649.00000000,0
1531213838403,1531213838397,334179,0.00000253,218528.00000000,1
1531213841700,1531213841696,334180,0.00000253,1.00000000,1
1531213842980,1531213842977,334181,0.00000253,3677.00000000,1
1531213842992,1531213842987,334182,0.00000253,126.00000000,1
1531213844778,1531213844775,334183,0.00000254,770.00000000,1
1531213844797,1531213844792,334184,0.00000254,2733.00000000,1
1531213845164,1531213845159,334185,0.00000254,770.00000000,1
1531213848423,1531213848418,334186,0.00000254,1810.00000000,1
1531213849533,1531213849528,334187,0.00000255,1860.00000000,0
1531213850072,1531213850068,334188,0.00000254,440.00000000,1
1531213850577,1531213850574,334189,0.00000254,799.00000000,1
1531213852539,1531213852535,334190,0.00000254,400.00000000,1
1531213853193,1531213853188,334191,0.00000254,298017.00000000,1
1531213865464,1531213865461,334192,0.00000254,73694.00000000,0
1531213867881,1531213867877,334193,0.00000254,70.00000000,0
1531213869194,1531213869191,334194,0.00000254,1071.00000000,0
1531213869303,1531213869298,334195,0.00000254,3126.00000000,0
1531213874648,1531213874644,334196,0.00000253,1012.00000000,1
1531213877299,1531213877297,334197,0.00000254,2047.00000000,0
1531213883495,1531213883491,334198,0.00000254,17154.00000000,0
1531213885622,1531213885616,334199,0.00000254,200762.00000000,0
1531213888686,1531213888680,334200,0.00000254,45421.00000000,1
1531213889729,1531213889726,334201,0.00000255,1019.00000000,0
1531213891620,1531213891617,334202,0.00000254,400.00000000,1
1531213892735,1531213892729,334203,0.00000254,19412.00000000,1
1531213894487,1531213894484,334204,0.00000254,105.00000000,0
1531213894878,1531213894874,334205,0.00000254,39196.00000000,0
1531213894923,1531213894918,334206,0.00000255,187.00000000,0
1531213896653,1531213896649,334207,0.00000255,510.00000000,0
1531213897486,1531213897484,334208,0.00000254,105.00000000,1
1531213899071,1531213899068,334209,0.00000254,32205.00000000,0
1531213901549,1531213901544,334210,0.00000255,26.00000000,0
1531213907303,1531213907298,334211,0.00000255,40.00000000,0
1531213912413,1531213912409,334212,0.00000255,30.00000000,0
1531213917027,1531213917022,334213,0.00000255,7.00000000,0
1531213922095,1531213922091,334214,0.00000255,3734.00000000,0
1531213922775,1531213922771,334215,0.00000254,434.00000000,1
1531213925636,1531213925632,334216,0.00000254,473.00000000,1
1531213935773,1531213935769,334217,0.00000254,106907.00000000,1
1531213950831,1531213950827,334218,0.00000255,1168.00000000,0
1531213958346,1531213958341,334219,0.00000255,2450.00000000,0
1531213959017,1531213959011,334220,0.00000255,310477.00000000,0
1531213960693,1531213960689,334221,0.00000255,18.00000000,0
1531213969056,1531213969052,334222,0.00000255,607.00000000,0
1531213969619,1531213969614,334223,0.00000254,102845.00000000,1
1531213975080,1531213975075,334224,0.00000255,3408.00000000,0
1531213975872,1531213975869,334225,0.00000255,48828.00000000,0
1531213978010,1531213978002,334226,0.00000254,681142.00000000,1
1531213978010,1531213978002,334227,0.00000253,287888.00000000,1
1531213985288,1531213985283,334228,0.00000255,1.00000000,0
1531213985325,1531213985321,334229,0.00000253,203900.00000000,1
1531213987867,1531213987861,334230,0.00000255,1.00000000,0
1531213990447,1531213990441,334231,0.00000254,2669.00000000,0
1531213990990,1531213990987,334232,0.00000254,1.00000000,0
1531213991195,1531213991192,334233,0.00000254,2672.00000000,0
1531213995127,1531213995122,334234,0.00000254,18850.00000000,0
1531213995244,1531213995237,334235,0.00000254,14322.00000000,0
1531213995969,1531213995967,334236,0.00000254,12979.00000000,0
1531213996026,1531213996023,334237,0.00000254,11374.00000000,0
1531214000229,1531214000225,334238,0.00000255,1445.00000000,0
1531214000749,1531214000745,334239,0.00000255,1.00000000,0
1531214002904,1531214002900,334240,0.00000255,1.00000000,0
1531214004175,1531214004172,334241,0.00000255,1.00000000,0
1531214005782,1531214005777,334242,0.00000255,1.00000000,0
1531214006647,1531214006642,334243,0.00000254,1.00000000,1
1531214007368,1531214007363,334244,0.00000255,1.00000000,0
1531214009289,1531214009283,334245,0.00000255,1.00000000,0
1531214009572,1531214009567,334246,0.00000255,716928.00000000,0
1531214009918,1531214009913,334247,0.00000255,1.00000000,1
1531214012652,1531214012648,334248,0.00000254,799.00000000,1
1531214014582,1531214014579,334249,0.00000254,4.00000000,1
1531214016327,1531214016321,334250,0.00000254,1.00000000,1
1531214017806,1531214017801,334251,0.00000254,2.00000000,1
1531214019208,1531214019205,334252,0.00000254,1.00000000,1
1531214020489,1531214020486,334253,0.00000254,1.00000000,1
1531214032735,1531214032731,334254,0.00000254,1198.00000000,1
1531214033352,1531214033348,334255,0.00000254,400.00000000,1
1531214035830,1531214035826,334256,0.00000255,342850.00000000,0
1531214040036,1531214040030,334257,0.00000254,108383.00000000,1
1531214040835,1531214040831,334258,0.00000256,992037.00000000,0
1531214047025,1531214047021,334259,0.00000257,65574.00000000,0
1531214047307,1531214047302,334260,0.00000256,2180.00000000,1
1531214047317,1531214047311,334261,0.00000256,199.00000000,1
1531214048338,1531214048333,334262,0.00000256,2379.00000000,1
1531214053587,1531214053582,334263,0.00000255,397.00000000,1
1531214053833,1531214053829,334264,0.00000256,9720.00000000,0
1531214053833,1531214053829,334265,0.00000256,9720.00000000,0
1531214053834,1531214053830,334266,0.00000256,9720.00000000,0
1531214053843,1531214053839,334267,0.00000256,2733.00000000,0
1531214057615,1531214057611,334268,0.00000256,16935.00000000,0
1531214057917,1531214057913,334269,0.00000256,1467.00000000,1
1531214057951,1531214057947,334270,0.00000255,9720.00000000,1
1531214060224,1531214060219,334271,0.00000256,40315.00000000,0
1531214060230,1531214060225,334272,0.00000256,40315.00000000,0
1531214060241,1531214060237,334273,0.00000256,40315.00000000,0
1531214060247,1531214060242,334274,0.00000256,40314.00000000,0
1531214060273,1531214060268,334275,0.00000256,40314.00000000,0
1531214060607,1531214060602,334276,0.00000255,4555.00000000,1
1531214060986,1531214060980,334277,0.00000255,10430.00000000,0
1531214060986,1531214060980,334278,0.00000256,15220.00000000,0
1531214062221,1531214062216,334279,0.00000255,40314.00000000,1
1531214064590,1531214064586,334280,0.00000255,17098.00000000,1
1531214066881,1531214066876,334281,0.00000255,3001.00000000,0
1531214067909,1531214067904,334282,0.00000255,274796.00000000,0
1531214069719,1531214069716,334283,0.00000255,750.00000000,1
1531214069719,1531214069716,334284,0.00000254,39564.00000000,1
1531214076029,1531214076025,334285,0.00000256,111052.00000000,0
1531214077129,1531214077125,334286,0.00000255,1265.00000000,1
1531214095839,1531214095835,334287,0.00000255,5045.00000000,1
1531214099038,1531214099035,334288,0.00000256,7786.00000000,0
1531214103930,1531214103926,334289,0.00000256,430.00000000,0
1531214105544,1531214105541,334290,0.00000256,1028.00000000,0
1531214105705,1531214105700,334291,0.00000256,1386.00000000,0
1531214106472,1531214106468,334292,0.00000255,8031.00000000,1
1531214113563,1531214113560,334293,0.00000255,595.00000000,1
1531214114630,1531214114625,334294,0.00000256,128988.00000000,0
1531214116292,1531214116286,334295,0.00000256,169875.00000000,0
1531214129827,1531214129822,334296,0.00000257,1064.00000000,0
1531214131288,1531214131283,334297,0.00000256,145597.00000000,0
1531214131288,1531214131283,334298,0.00000257,322707.00000000,0
1531214132978,1531214132975,334299,0.00000257,28865.00000000,0
1531214132993,1531214132989,334300,0.00000257,752.00000000,0
1531214139580,1531214139576,334301,0.00000255,41534.00000000,1
1531214144899,1531214144896,334302,0.00000256,27000.00000000,0
1531214145912,1531214145906,334303,0.00000256,73391.00000000,1
1531214151915,1531214151910,334304,0.00000256,4043.00000000,1
1531214162327,1531214162315,334305,0.00000255,28096.00000000,1
1531214171177,1531214171174,334306,0.00000256,14000.00000000,0
1531214176132,1531214176126,334307,0.00000255,66385.00000000,1
1531214176132,1531214176126,334308,0.00000254,548.00000000,1
1531214181795,1531214181789,334309,0.00000256,15742.00000000,0
1531214182989,1531214182985,334310,0.00000255,540.00000000,1
1531214182989,1531214182985,334311,0.00000254,27549.00000000,1
1531214184912,1531214184908,334312,0.00000255,490.00000000,1
1531214190176,1531214190172,334313,0.00000255,16327.00000000,0
1531214190190,1531214190185,334314,0.00000255,1.00000000,0
1531214192610,1531214192606,334315,0.00000255,1995.00000000,1
1531214192923,1531214192920,334316,0.00000255,8005.00000000,1
1531214198922,1531214198918,334317,0.00000255,3875.00000000,1
1531214226334,1531214226331,334318,0.00000255,30743.00000000,1
1531214226920,1531214226916,334319,0.00000255,20917.00000000,0
1531214226948,1531214226942,334320,0.00000255,2045.00000000,0
1531214234713,1531214234709,334321,0.00000255,400.00000000,1
1531214236126,1531214236120,334322,0.00000255,26411.00000000,1
1531214242769,1531214242766,334323,0.00000254,41172.00000000,1
1531214251361,1531214251357,334324,0.00000256,6521.00000000,0
1531214254889,1531214254885,334325,0.00000256,1572.00000000,0
1531214269082,1531214269076,334326,0.00000256,1172.00000000,0
1531214273305,1531214273301,334327,0.00000255,63294.00000000,1
1531214274797,1531214274793,334328,0.00000254,78.00000000,1
1531214282090,1531214282085,334329,0.00000256,2542.00000000,0
1531214282766,1531214282761,334330,0.00000256,18329.00000000,0
1531214282772,1531214282768,334331,0.00000256,18329.00000000,0
1531214282787,1531214282782,334332,0.00000256,18329.00000000,0
1531214282800,1531214282796,334333,0.00000256,18328.00000000,0
1531214292187,1531214292183,334334,0.00000255,97493.00000000,1
1531214294356,1531214294350,334335,0.00000256,70242.00000000,0
1531214296989,1531214296985,334336,0.00000256,89871.00000000,0
1531214297745,1531214297739,334337,0.00000256,156915.00000000,1
1531214300741,1531214300737,334338,0.00000256,156916.00000000,1
1531214301312,1531214301308,334339,0.00000256,332843.00000000,1
1531214303118,1531214303115,334340,0.00000254,7035.00000000,1
1531214306201,1531214306194,334341,0.00000255,5618.00000000,1
1531214306201,1531214306194,334342,0.00000254,621374.00000000,1
1531214306216,1531214306211,334343,0.00000254,8930.00000000,0
1531214308914,1531214308911,334344,0.00000256,1266.00000000,0
1531214309873,1531214309869,334345,0.00000255,2379.00000000,0
1531214314620,1531214314616,334346,0.00000255,76970.00000000,0
1531214314638,1531214314633,334347,0.00000255,17610.00000000,0
1531214316443,1531214316440,334348,0.00000255,18328.00000000,1
1531214316716,1531214316711,334349,0.00000256,488150.00000000,0
1531214316744,1531214316740,334350,0.00000256,17610.00000000,1
1531214316751,1531214316747,334351,0.00000256,2733.00000000,1
1531214316921,1531214316916,334352,0.00000256,18330.00000000,1
1531214317162,1531214317158,334353,0.00000256,17607.00000000,1
1531214317942,1531214317937,334354,0.00000256,18328.00000000,1
1531214328714,1531214328710,334355,0.00000256,33904.00000000,1
1531214328716,1531214328711,334356,0.00000256,33904.00000000,1
1531214328719,1531214328713,334357,0.00000256,9867.00000000,1
1531214328915,1531214328911,334358,0.00000257,8088.00000000,0
1531214330023,1531214329998,334359,0.00000255,1293.00000000,1
1531214330023,1531214329998,334360,0.00000254,4693.00000000,1
1531214330062,1531214330056,334361,0.00000254,2150.00000000,1
1531214332325,1531214332320,334362,0.00000255,10457.00000000,1
1531214356521,1531214356517,334363,0.00000255,793.00000000,1
1531214357141,1531214357137,334364,0.00000255,397.00000000,1
1531214365286,1531214365282,334365,0.00000255,3952.00000000,1
1531214376143,1531214376135,334366,0.00000256,58375.00000000,0
1531214376143,1531214376135,334367,0.00000257,653982.00000000,0
1531214404574,1531214404570,334368,0.00000257,429.00000000,0
1531214409975,1531214409973,334369,0.00000257,2938.00000000,0
1531214417694,1531214417689,334370,0.00000257,1566.00000000,0
1531214417943,1531214417939,334371,0.00000257,392.00000000,0
1531214418932,1531214418927,334372,0.00000257,1168.00000000,0
1531214421941,1531214421936,334373,0.00000256,72852.00000000,1
1531214421945,1531214421941,334374,0.00000256,37797.00000000,1
1531214421945,1531214421941,334375,0.00000255,35071.00000000,1
1531214429873,1531214429869,334376,0.00000256,235583.00000000,1
1531214429992,1531214429987,334377,0.00000257,144718.00000000,0
1531214430054,1531214430051,334378,0.00000257,2814.00000000,1
1531214430459,1531214430455,334379,0.00000257,66607.00000000,1
1531214431538,1531214431533,334380,0.00000256,10000.00000000,1
1531214434533,1531214434529,334381,0.00000256,51021.00000000,1
1531214437927,1531214437923,334382,0.00000256,1354.00000000,0
1531214438411,1531214438408,334383,0.00000256,31340.00000000,0
1531214440592,1531214440588,334384,0.00000257,1600.00000000,0
1531214442199,1531214442194,334385,0.00000255,500.00000000,1
1531214451080,1531214451076,334386,0.00000255,38353.00000000,1
1531214453521,1531214453516,334387,0.00000255,15986.00000000,1
1531214455575,1531214455571,334388,0.00000255,8409.00000000,1
1531214457088,1531214457085,334389,0.00000255,38102.00000000,1
1531214459372,1531214459369,334390,0.00000255,291193.00000000,1
1531214464096,1531214464093,334391,0.00000255,15519.00000000,1
1531214464889,1531214464872,334392,0.00000255,213039.00000000,1
1531214464889,1531214464872,334393,0.00000254,522536.00000000,1
1531214464889,1531214464872,334394,0.00000253,504250.00000000,1
1531214464889,1531214464872,334395,0.00000252,857441.00000000,1
1531214464889,1531214464872,334396,0.00000252,4043.00000000,1
1531214465190,1531214465187,334397,0.00000252,728.00000000,1
1531214467899,1531214467896,334398,0.00000253,1937.00000000,0
1531214468166,1531214468163,334399,0.00000252,2387.00000000,1
1531214468920,1531214468916,334400,0.00000253,570.00000000,0
1531214469124,1531214469120,334401,0.00000253,2353.00000000,0
1531214472979,1531214472973,334402,0.00000254,10426.00000000,0
1531214476973,1531214476970,334403,0.00000254,870.00000000,0
1531214479631,1531214479627,334404,0.00000253,71689.00000000,1
1531214480977,1531214480973,334405,0.00000254,1969.00000000,0
1531214482779,1531214482775,334406,0.00000253,240157.00000000,1
1531214482792,1531214482788,334407,0.00000253,206348.00000000,0
1531214488974,1531214488969,334408,0.00000254,58062.00000000,0
1531214489614,1531214489611,334409,0.00000254,6427.00000000,0
1531214495867,1531214495863,334410,0.00000255,500.00000000,0
1531214501795,1531214501792,334411,0.00000254,8434.00000000,0
1531214502976,1531214502972,334412,0.00000254,584.00000000,0
1531214504146,1531214504141,334413,0.00000254,6708.00000000,0
1531214505629,1531214505625,334414,0.00000253,81731.00000000,1
1531214506629,1531214506625,334415,0.00000254,1.00000000,0
1531214508052,1531214508047,334416,0.00000254,1345.00000000,0
1531214510263,1531214510257,334417,0.00000253,128573.00000000,1
1531214512775,1531214512770,334418,0.00000254,55938.00000000,0
1531214513150,1531214513146,334419,0.00000254,1768.00000000,0
1531214513939,1531214513935,334420,0.00000254,52321.00000000,1
1531214513939,1531214513935,334421,0.00000253,4978.00000000,1
1531214519168,1531214519165,334422,0.00000253,400.00000000,1
1531214519492,1531214519488,334423,0.00000253,799.00000000,1
1531214519829,1531214519826,334424,0.00000253,1198.00000000,1
1531214522024,1531214522021,334425,0.00000253,2108.00000000,1
1531214523858,1531214523855,334426,0.00000254,1378.00000000,0
1531214524509,1531214524505,334427,0.00000253,475.00000000,1
1531214532273,1531214532269,334428,0.00000254,2345.00000000,0
1531214533907,1531214533902,334429,0.00000254,2938.00000000,1
1531214535901,1531214535896,334430,0.00000254,987.00000000,1
1531214536202,1531214536199,334431,0.00000254,986.00000000,1
1531214539058,1531214539055,334432,0.00000254,235114.00000000,1
1531214539427,1531214539422,334433,0.00000254,63188.00000000,1
1531214548822,1531214548817,334434,0.00000253,8693.00000000,1
1531214548837,1531214548834,334435,0.00000254,2058.00000000,0
1531214553552,1531214553548,334436,0.00000254,35296.00000000,0
1531214562870,1531214562867,334437,0.00000253,154787.00000000,1
1531214567191,1531214567188,334438,0.00000253,43600.00000000,1
1531214570092,1531214570088,334439,0.00000254,277008.00000000,0
1531214575981,1531214575978,334440,0.00000253,54727.00000000,1
1531214579087,1531214579083,334441,0.00000253,400.00000000,1
1531214591113,1531214591108,334442,0.00000254,54391.00000000,0
1531214593297,1531214593292,334443,0.00000254,1590.00000000,0
1531214594954,1531214594951,334444,0.00000253,564.00000000,1
1531214599134,1531214599129,334445,0.00000253,599.00000000,1
1531214602140,1531214602135,334446,0.00000253,13844.00000000,1
1531214621924,1531214621921,334447,0.00000253,22688.00000000,1
1531214627052,1531214627048,334448,0.00000253,136500.00000000,1
1531214627848,1531214627844,334449,0.00000253,4185.00000000,1
1531214651610,1531214651605,334450,0.00000254,393700.00000000,0
1531214654025,1531214654022,334451,0.00000254,1211.00000000,0
1531214654289,1531214654286,334452,0.00000253,7856.00000000,1
1531214655131,1531214655127,334453,0.00000254,297.00000000,0
1531214655837,1531214655834,334454,0.00000254,17916.00000000,0
1531214658131,1531214658126,334455,0.00000254,1.00000000,0
1531214664821,1531214664816,334456,0.00000254,16000.00000000,0
1531214666913,1531214666909,334457,0.00000253,17130.00000000,1
1531214667142,1531214667137,334458,0.00000253,27941.00000000,1
1531214669006,1531214669002,334459,0.00000254,30000.00000000,0
1531214671010,1531214671007,334460,0.00000254,1377.00000000,0
1531214675005,1531214675001,334461,0.00000254,4891.00000000,0
1531214676300,1531214676296,334462,0.00000254,16537.00000000,1
1531214684303,1531214684296,334463,0.00000254,621.00000000,1
1531214693332,1531214693326,334464,0.00000255,7114.00000000,0
1531214694604,1531214694598,334465,0.00000255,215480.00000000,0
1531214694685,1531214694681,334466,0.00000255,2826.00000000,1
1531214694715,1531214694711,334467,0.00000255,491.00000000,1
1531214699698,1531214699694,334468,0.00000255,500.00000000,1
1531214700067,1531214700063,334469,0.00000255,589.00000000,1
1531214700510,1531214700506,334470,0.00000255,17447.00000000,1
1531214700555,1531214700552,334471,0.00000255,132326.00000000,1
1531214705665,1531214705660,334472,0.00000256,238060.00000000,0
1531214718933,1531214718928,334473,0.00000256,393.00000000,0
1531214721137,1531214721132,334474,0.00000256,391.00000000,0
1531214739906,1531214739902,334475,0.00000256,533.00000000,0
1531214740109,1531214740104,334476,0.00000255,595.00000000,1
1531214744793,1531214744788,334477,0.00000256,73399.00000000,0
1531214759816,1531214759812,334478,0.00000256,27478.00000000,0
1531214763693,1531214763687,334479,0.00000255,589.00000000,1
1531214765020,1531214765017,334480,0.00000255,5608.00000000,1
1531214769258,1531214769253,334481,0.00000256,1586.00000000,0
1531214769503,1531214769500,334482,0.00000255,233918.00000000,1
1531214772237,1531214772232,334483,0.00000255,210494.00000000,1
1531214777426,1531214777422,334484,0.00000255,2733.00000000,0
1531214777455,1531214777450,334485,0.00000255,594.00000000,0
1531214781586,1531214781580,334486,0.00000254,1590.00000000,1
1531214786668,1531214786665,334487,0.00000254,497.00000000,1
1531214790431,1531214790426,334488,0.00000255,315.00000000,0
1531214791255,1531214791252,334489,0.00000254,13486.00000000,1
1531214793441,1531214793436,334490,0.00000255,1.00000000,0
1531214793719,1531214793715,334491,0.00000255,505.00000000,0
1531214818812,1531214818807,334492,0.00000255,4782.00000000,0
1531214825448,1531214825444,334493,0.00000254,3339.00000000,1
1531214836822,1531214836816,334494,0.00000255,201485.00000000,0
1531214836822,1531214836816,334495,0.00000256,62551.00000000,0
1531214847278,1531214847274,334496,0.00000254,31764.00000000,1
1531214869646,1531214869643,334497,0.00000255,3528.00000000,0
1531214875641,1531214875637,334498,0.00000254,58947.00000000,1
1531214890069,1531214890064,334499,0.00000255,23668.00000000,0
1531214890455,1531214890451,334500,0.00000255,40260.00000000,1
1531214898662,1531214898659,334501,0.00000255,8151.00000000,1
1531214907902,1531214907898,334502,0.00000256,133705.00000000,0
1531214910496,1531214910491,334503,0.00000255,10000.00000000,1
1531214913448,1531214913445,334504,0.00000256,1.00000000,0
1531214933221,1531214933218,334505,0.00000255,714.00000000,1
1531214933316,1531214933312,334506,0.00000256,15468.00000000,0
1531214938708,1531214938703,334507,0.00000255,171694.00000000,1
1531214940606,1531214940602,334508,0.00000255,436.00000000,1
1531214945052,1531214945048,334509,0.00000256,5059.00000000,0
1531214958202,1531214958199,334510,0.00000256,6497.00000000,0
1531214958707,1531214958704,334511,0.00000256,14090.00000000,0
1531214958905,1531214958900,334512,0.00000256,332324.00000000,0
1531214961180,1531214961177,334513,0.00000256,20069.00000000,1
1531214965912,1531214965905,334514,0.00000257,1130046.00000000,0
1531214965929,1531214965926,334515,0.00000257,149401.00000000,1
1531214965967,1531214965964,334516,0.00000257,4559.00000000,1
1531214965968,1531214965964,334517,0.00000257,2733.00000000,1
1531214966201,1531214966196,334518,0.00000257,2739.00000000,1
1531214975914,1531214975909,334519,0.00000258,4986.00000000,0
1531214977035,1531214977030,334520,0.00000257,75942.00000000,1
1531214978316,1531214978311,334521,0.00000257,23262.00000000,1
1531214978465,1531214978460,334522,0.00000256,4.00000000,1
1531214979250,1531214979245,334523,0.00000257,2903.00000000,0
1531214983634,1531214983631,334524,0.00000256,104.00000000,1
1531214987497,1531214987488,334525,0.00000257,101296.00000000,0
1531214987497,1531214987488,334526,0.00000258,897255.00000000,0
1531214987519,1531214987515,334527,0.00000258,8021.00000000,1
1531214987556,1531214987552,334528,0.00000258,9367.00000000,1
1531214991052,1531214991046,334529,0.00000259,66372.00000000,0
1531214995950,1531214995945,334530,0.00000259,103554.00000000,0
1531214996869,1531214996866,334531,0.00000258,475.00000000,1
1531214998039,1531214998035,334532,0.00000259,2526.00000000,0
1531214998083,1531214998080,334533,0.00000259,76266.00000000,0
1531214998249,1531214998245,334534,0.00000259,4999.00000000,1
1531214998439,1531214998434,334535,0.00000259,478.00000000,1
1531215000236,1531215000230,334536,0.00000259,17871.00000000,1
1531215003425,1531215003420,334537,0.00000259,4491.00000000,0
1531215004465,1531215004462,334538,0.00000259,43188.00000000,0
1531215004501,1531215004496,334539,0.00000259,3847.00000000,0
1531215005431,1531215005429,334540,0.00000259,70677.00000000,0
1531215005803,1531215005800,334541,0.00000259,4805.00000000,0
1531215009473,1531215009468,334542,0.00000259,35590.00000000,0
1531215010007,1531215010002,334543,0.00000258,65569.00000000,1
1531215011559,1531215011554,334544,0.00000259,92491.00000000,0
1531215013320,1531215013315,334545,0.00000259,35491.00000000,0
1531215013388,1531215013384,334546,0.00000259,28690.00000000,1
1531215013391,1531215013385,334547,0.00000259,7396.00000000,1
1531215016519,1531215016515,334548,0.00000258,21712.00000000,1
1531215021697,1531215021692,334549,0.00000259,1078.00000000,0
1531215023199,1531215023195,334550,0.00000259,1554.00000000,0
1531215025691,1531215025688,334551,0.00000259,1159.00000000,0
1531215026143,1531215026139,334552,0.00000259,3514.00000000,0
1531215029281,1531215029277,334553,0.00000259,808.00000000,0
1531215030042,1531215030037,334554,0.00000259,9969.00000000,0
1531215030110,1531215030107,334555,0.00000259,133526.00000000,0
1531215031318,1531215031315,334556,0.00000259,47058.00000000,0
1531215031561,1531215031558,334557,0.00000259,97313.00000000,0
1531215032050,1531215032047,334558,0.00000259,13888.00000000,1
1531215033050,1531215033046,334559,0.00000259,13500.00000000,1
1531215037055,1531215037051,334560,0.00000258,92197.00000000,1
1531215038040,1531215038037,334561,0.00000257,4925.00000000,1
1531215039052,1531215039048,334562,0.00000256,174704.00000000,1
1531215039074,1531215039067,334563,0.00000256,64569.00000000,1
1531215042644,1531215042641,334564,0.00000257,387.00000000,0
1531215043217,1531215043212,334565,0.00000257,387.00000000,0
1531215043875,1531215043871,334566,0.00000257,3.00000000,0
1531215044318,1531215044314,334567,0.00000257,3.00000000,0
1531215046111,1531215046104,334568,0.00000256,2540.00000000,1
1531215046111,1531215046104,334569,0.00000255,151019.00000000,1
1531215051069,1531215051064,334570,0.00000256,2540.00000000,1
1531215051294,1531215051288,334571,0.00000256,632.00000000,0
1531215055393,1531215055387,334572,0.00000257,15750.00000000,0
1531215056065,1531215056061,334573,0.00000257,863.00000000,1
1531215057271,1531215057265,334574,0.00000258,1852.00000000,0
1531215058803,1531215058799,334575,0.00000257,2930.00000000,1
1531215062966,1531215062962,334576,0.00000258,21851.00000000,0
1531215063048,1531215063044,334577,0.00000258,228757.00000000,1
1531215064421,1531215064416,334578,0.00000259,2.00000000,0
1531215064627,1531215064624,334579,0.00000258,20000.00000000,1
1531215066441,1531215066436,334580,0.00000258,2930.00000000,1
1531215069489,1531215069486,334581,0.00000259,1123.00000000,0
1531215072132,1531215072128,334582,0.00000259,1838.00000000,0
1531215076305,1531215076300,334583,0.00000258,2930.00000000,1
1531215077526,1531215077523,334584,0.00000258,38385.00000000,1
1531215081724,1531215081720,334585,0.00000258,471780.00000000,1
1531215082395,1531215082389,334586,0.00000258,18603.00000000,1
1531215084163,1531215084158,334587,0.00000259,61583.00000000,0
1531215102363,1531215102359,334588,0.00000258,431.00000000,1
1531215103621,1531215103617,334589,0.00000259,389.00000000,0
1531215103664,1531215103660,334590,0.00000258,392.00000000,1
1531215104347,1531215104343,334591,0.00000259,2200.00000000,0
1531215104828,1531215104822,334592,0.00000259,1931.00000000,0
1531215105494,1531215105490,334593,0.00000259,457.00000000,0
1531215110588,1531215110583,334594,0.00000258,103450.00000000,1
1531215110621,1531215110617,334595,0.00000258,19198.00000000,1
1531215110643,1531215110639,334596,0.00000258,2875.00000000,0
1531215110672,1531215110669,334597,0.00000258,2463.00000000,0
1531215110680,1531215110676,334598,0.00000258,2875.00000000,0
1531215113438,1531215113434,334599,0.00000257,2530.00000000,1
1531215113438,1531215113434,334600,0.00000256,14340.00000000,1
1531215113680,1531215113677,334601,0.00000258,25.00000000,0
1531215113703,1531215113699,334602,0.00000258,25.00000000,0
1531215115142,1531215115138,334603,0.00000257,968.00000000,0
1531215118062,1531215118057,334604,0.00000257,625.00000000,1
1531215120967,1531215120962,334605,0.00000257,59531.00000000,1
1531215121172,1531215121169,334606,0.00000258,25.00000000,0
1531215123311,1531215123307,334607,0.00000258,390.00000000,0
1531215124373,1531215124370,334608,0.00000258,390.00000000,0
1531215124726,1531215124721,334609,0.00000258,1938.00000000,0
1531215124928,1531215124924,334610,0.00000258,25.00000000,0
1531215141136,1531215141132,334611,0.00000258,89874.00000000,0
1531215141351,1531215141347,334612,0.00000258,25.00000000,0
1531215151308,1531215151305,334613,0.00000258,906.00000000,0
1531215152325,1531215152320,334614,0.00000257,833.00000000,1
1531215152325,1531215152320,334615,0.00000257,490.00000000,1
1531215159888,1531215159884,334616,0.00000257,164.00000000,1
1531215161362,1531215161357,334617,0.00000258,957.00000000,0
1531215164844,1531215164840,334618,0.00000257,3891.00000000,1
1531215165103,1531215165098,334619,0.00000258,25.00000000,0
1531215165124,1531215165120,334620,0.00000258,25.00000000,0
1531215173213,1531215173209,334621,0.00000257,21702.00000000,1
1531215173482,1531215173479,334622,0.00000258,25.00000000,0
1531215173499,1531215173495,334623,0.00000258,25.00000000,0
1531215178867,1531215178862,334624,0.00000258,684.00000000,0
1531215187230,1531215187224,334625,0.00000257,3104.00000000,1
1531215187482,1531215187478,334626,0.00000258,25.00000000,0
1531215187512,1531215187507,334627,0.00000258,25.00000000,0
1531215192034,1531215192030,334628,0.00000258,2358.00000000,0
1531215192292,1531215192286,334629,0.00000258,25.00000000,0
1531215192304,1531215192301,334630,0.00000258,25.00000000,0
1531215200445,1531215200440,334631,0.00000257,571.00000000,1
1531215256827,1531215256824,334632,0.00000258,2082.00000000,0
1531215257032,1531215257029,334633,0.00000258,25.00000000,0
1531215257471,1531215257465,334634,0.00000257,5046.00000000,1
1531215258271,1531215258267,334635,0.00000257,7391.00000000,1
1531215262599,1531215262594,334636,0.00000257,781.00000000,1
1531215266728,1531215266723,334637,0.00000258,84.00000000,0
1531215267837,1531215267832,334638,0.00000258,207452.00000000,0
1531215267866,1531215267863,334639,0.00000258,4136.00000000,1
1531215267898,1531215267895,334640,0.00000258,2733.00000000,1
1531215276933,1531215276913,334641,0.00000259,207660.00000000,0
1531215276933,1531215276913,334642,0.00000260,1096408.00000000,0
1531215276933,1531215276913,334643,0.00000261,1705963.00000000,0
1531215276956,1531215276952,334644,0.00000261,8561.00000000,1
1531215276983,1531215276979,334645,0.00000261,455.00000000,1
1531215276998,1531215276995,334646,0.00000261,3452.00000000,1
1531215277014,1531215277008,334647,0.00000262,4496.00000000,0
1531215277016,1531215277012,334648,0.00000261,921.00000000,1
1531215277037,1531215277034,334649,0.00000261,17130.00000000,1
1531215277039,1531215277036,334650,0.00000261,2700.00000000,1
1531215277044,1531215277039,334651,0.00000261,3527.00000000,1
1531215277192,1531215277188,334652,0.00000261,2699.00000000,1
1531215277338,1531215277333,334653,0.00000262,224.00000000,0
1531215277360,1531215277355,334654,0.00000262,17130.00000000,0
1531215277541,1531215277538,334655,0.00000261,19953.00000000,1
1531215277986,1531215277982,334656,0.00000261,62209.00000000,1
1531215280138,1531215280134,334657,0.00000261,2097.00000000,1
1531215284487,1531215284482,334658,0.00000261,1162.00000000,1
1531215286246,1531215286242,334659,0.00000261,107160.00000000,1
1531215290707,1531215290701,334660,0.00000261,9969.00000000,1
1531215293552,1531215293548,334661,0.00000261,5484.00000000,1
1531215294504,1531215294499,334662,0.00000261,41980.00000000,1
1531215299203,1531215299200,334663,0.00000261,470.00000000,1
1531215301607,1531215301603,334664,0.00000261,107161.00000000,1
1531215301803,1531215301799,334665,0.00000261,1395.00000000,1
