event_time,trade_time,trade_id,price,quantity,maker
1531210359054,1531210359049,250062,0.00020830,258.56000000,1
1531210359066,1531210359061,250063,0.00020830,265.12000000,1
1531210376843,1531210376838,250064,0.00020820,7.42000000,1
1531210396625,1531210396624,250065,0.00020830,264.00000000,1
1531210418277,1531210418273,250066,0.00020840,120.09000000,0
1531210418284,1531210418280,250067,0.00020830,45.50000000,1
1531210425384,1531210425379,250068,0.00020840,240.66000000,0
1531210425397,1531210425393,250069,0.00020830,19.51000000,1
1531210425417,1531210425413,250070,0.00020830,89.79000000,1
1531210460767,1531210460760,250071,0.00020830,109.90000000,0
1531210460767,1531210460760,250072,0.00020840,7.42000000,0
1531210460767,1531210460760,250073,0.00020870,47.92000000,0
1531210460767,1531210460760,250074,0.00020930,15.31000000,0
1531210460767,1531210460760,250075,0.00020960,231.91000000,0
1531210460778,1531210460773,250076,0.00020960,67.84000000,1
1531210599799,1531210599794,250077,0.00020900,394.32000000,0
1531210599818,1531210599814,250078,0.00020860,179.25000000,1
1531210653207,1531210653202,250079,0.00020900,489.18000000,0
1531210653215,1531210653211,250080,0.00020870,205.53000000,1
1531210744647,1531210744642,250081,0.00020920,251.00000000,0
1531210744662,1531210744660,250082,0.00020920,77.95000000,0
1531210791886,1531210791881,250083,0.00020900,150.00000000,1
1531210799771,1531210799767,250084,0.00020900,9.32000000,1
1531210807746,1531210807742,250085,0.00020890,150.00000000,1
1531210811708,1531210811702,250086,0.00020890,30.40000000,1
1531210811720,1531210811716,250087,0.00020890,14.47000000,0
1531210811732,1531210811728,250088,0.00020890,30.40000000,1
1531210836310,1531210836307,250089,0.00020890,133.38000000,0
1531210842466,1531210842463,250090,0.00020900,0.68000000,0
1531210847721,1531210847718,250091,0.00020910,79.84000000,1
1531210858695,1531210858693,250092,0.00020910,105.02000000,1
1531210863817,1531210863813,250093,0.00020920,153.62000000,0
1531210863836,1531210863831,250094,0.00020920,266.81000000,0
1531210899603,1531210899598,250095,0.00020910,522.48000000,0
1531210899615,1531210899610,250096,0.00020900,290.25000000,1
1531210911621,1531210911617,250097,0.00020900,395.95000000,0
1531210911640,1531210911635,250098,0.00020920,159.65000000,0
1531210942772,1531210942768,250099,0.00020910,206.19000000,0
1531210942777,1531210942772,250100,0.00020900,174.75000000,1
1531210959655,1531210959651,250101,0.00020910,756.89000000,0
1531210959665,1531210959660,250102,0.00020900,51.64000000,1
1531210959680,1531210959675,250103,0.00020900,280.31000000,1
1531210972915,1531210972911,250104,0.00020920,148.35000000,1
1531210973083,1531210973079,250105,0.00020920,148.34000000,1
1531210973345,1531210973340,250106,0.00020930,32.64000000,0
1531211012992,1531211012987,250107,0.00020920,0.08000000,1
1531211017911,1531211017906,250108,0.00020960,32.63000000,0
1531211017946,1531211017942,250109,0.00020960,17.46000000,0
1531211079575,1531211079543,250110,0.00020950,61.19000000,0
1531211079576,1531211079553,250111,0.00020910,11.97000000,1
1531211079576,1531211079568,250112,0.00020910,35.17000000,1
1531211121099,1531211121095,250113,0.00020910,78.31000000,1
1531211121112,1531211121108,250114,0.00020910,262.00000000,1
1531211181522,1531211181520,250115,0.00020870,33.06000000,1
1531211184522,1531211184517,250116,0.00020930,33.05000000,0
1531211217163,1531211217158,250117,0.00020820,365.33000000,0
1531211217178,1531211217172,250118,0.00020780,240.34000000,1
1531211261817,1531211261814,250119,0.00020780,89.90000000,1
1531211265860,1531211265855,250120,0.00020780,93.08000000,1
1531211268997,1531211268993,250121,0.00020780,74.07000000,0
1531211269018,1531211269013,250122,0.00020780,102.40000000,1
1531211269095,1531211269091,250123,0.00020780,155.59000000,1
1531211317835,1531211317831,250124,0.00020890,385.18000000,0
1531211317849,1531211317846,250125,0.00020850,253.40000000,1
1531211397792,1531211397788,250126,0.00020860,23.01000000,1
1531211397810,1531211397806,250127,0.00020860,63.60000000,1
1531211534574,1531211534569,250128,0.00020900,79.58000000,0
1531211638397,1531211638392,250129,0.00020850,0.97000000,1
1531211640269,1531211640264,250130,0.00020860,0.97000000,1
1531211643682,1531211643678,250131,0.00020860,32.67000000,1
1531211712853,1531211712849,250132,0.00020780,289.62000000,1
1531211712872,1531211712867,250133,0.00020780,67.79000000,1
1531211738150,1531211738146,250134,0.00020790,144.89000000,0
1531211738164,1531211738160,250135,0.00020780,85.23000000,1
1531211762504,1531211762499,250136,0.00020770,117.80000000,1
1531211762547,1531211762544,250137,0.00020770,48.44000000,1
1531211763581,1531211763576,250138,0.00020770,104.05000000,1
1531211774733,1531211774728,250139,0.00020730,286.93000000,1
1531211799395,1531211799389,250140,0.00020730,266.50000000,1
1531211799412,1531211799408,250141,0.00020730,78.90000000,1
1531211813302,1531211813298,250142,0.00020730,44.64000000,1
1531211813314,1531211813310,250143,0.00020730,67.82000000,0
1531211813326,1531211813322,250144,0.00020730,44.64000000,1
1531211847372,1531211847367,250145,0.00020720,454.60000000,1
1531211847372,1531211847367,250146,0.00020700,48.31000000,1
1531211847372,1531211847367,250147,0.00020680,38.98000000,1
1531211847372,1531211847367,250148,0.00020650,459.96000000,1
1531211859515,1531211859511,250149,0.00020700,43.62000000,0
1531211859531,1531211859527,250150,0.00020660,185.40000000,1
1531211859549,1531211859545,250151,0.00020660,17.57000000,1
1531211886478,1531211886473,250152,0.00020670,67.34000000,1
1531211962925,1531211962920,250153,0.00020660,29.25000000,1
1531211962947,1531211962942,250154,0.00020660,162.18000000,1
1531211973043,1531211973039,250155,0.00020640,9.54000000,0
1531212114392,1531212114387,250156,0.00020710,266.67000000,0
1531212114409,1531212114405,250157,0.00020670,97.18000000,1
1531212114429,1531212114424,250158,0.00020670,98.76000000,1
1531212160144,1531212160141,250159,0.00020670,110.87000000,1
1531212173753,1531212173748,250160,0.00020670,133.53000000,1
1531212259946,1531212259941,250161,0.00020640,0.01000000,1
1531212306993,1531212306988,250162,0.00020640,20.00000000,0
1531212307150,1531212307146,250163,0.00020640,26.84000000,0
1531212307678,1531212307676,250164,0.00020640,239.28000000,0
1531212320798,1531212320794,250165,0.00020630,96.00000000,0
1531212320970,1531212320966,250166,0.00020630,22.00000000,0
1531212341093,1531212341087,250167,0.00020630,14.96000000,0
1531212343056,1531212343051,250168,0.00020630,160.34000000,1
1531212352010,1531212352005,250169,0.00020630,97.94000000,1
1531212352466,1531212352461,250170,0.00020630,20.20000000,1
1531212419990,1531212419985,250171,0.00020640,45.94000000,0
1531212486939,1531212486935,250172,0.00020740,550.10000000,0
1531212486953,1531212486949,250173,0.00020710,128.12000000,1
1531212486968,1531212486964,250174,0.00020710,189.68000000,1
1531212535617,1531212535613,250175,0.00020730,448.19000000,0
1531212535631,1531212535627,250176,0.00020700,238.87000000,1
1531212535646,1531212535642,250177,0.00020700,238.40000000,1
1531212562340,1531212562335,250178,0.00020770,13.95000000,0
1531212562398,1531212562394,250179,0.00020790,75.09000000,0
1531212562423,1531212562418,250180,0.00020790,61.00000000,0
1531212562438,1531212562434,250181,0.00020790,8.26000000,0
1531212573666,1531212573661,250182,0.00020760,188.47000000,0
1531212573682,1531212573679,250183,0.00020700,113.54000000,1
1531212629349,1531212629345,250184,0.00020720,31.07000000,1
1531212629349,1531212629345,250185,0.00020690,32.81000000,1
1531212629873,1531212629868,250186,0.00020690,13.50000000,1
1531212629873,1531212629870,250187,0.00020690,13.50000000,1
1531212638609,1531212638608,250188,0.00020710,185.32000000,0
1531212638621,1531212638618,250189,0.00020700,79.20000000,1
1531212666263,1531212666258,250190,0.00020750,17.01000000,0
1531212666288,1531212666284,250191,0.00020750,288.31000000,0
1531212695929,1531212695925,250192,0.00020700,17.01000000,1
1531212695947,1531212695942,250193,0.00020700,102.34000000,1
1531212743275,1531212743270,250194,0.00020750,242.63000000,0
1531212743285,1531212743280,250195,0.00020700,262.43000000,1
1531212743308,1531212743304,250196,0.00020700,228.90000000,1
1531212801261,1531212801257,250197,0.00020690,119.84000000,1
1531212809209,1531212809204,250198,0.00020690,125.79000000,1
1531212809230,1531212809226,250199,0.00020690,297.31000000,1
1531212862552,1531212862546,250200,0.00020640,71.43000000,1
1531213394427,1531213394422,250201,0.00020780,0.04000000,0
1531213434213,1531213434207,250202,0.00020800,375.79000000,0
1531213442659,1531213442656,250203,0.00020800,17.50000000,0
1531213449762,1531213449757,250204,0.00020800,282.74000000,0
1531213449762,1531213449757,250205,0.00020810,59.81000000,0
1531213449762,1531213449757,250206,0.00020820,10.57000000,0
1531213449762,1531213449757,250207,0.00020840,291.83000000,0
1531213591753,1531213591749,250208,0.00020820,353.29000000,0
1531213591760,1531213591756,250209,0.00020800,289.68000000,1
1531213591772,1531213591769,250210,0.00020800,226.46000000,1
1531213616401,1531213616397,250211,0.00020810,23.89000000,0
1531213616413,1531213616408,250212,0.00020830,8.83000000,0
1531213642492,1531213642486,250213,0.00020840,1.62000000,0
1531213642492,1531213642486,250214,0.00020890,7.91000000,0
1531213647433,1531213647428,250215,0.00020860,418.75000000,0
1531213647450,1531213647445,250216,0.00020830,276.81000000,1
1531213647464,1531213647460,250217,0.00020830,195.68000000,1
1531213742633,1531213742629,250218,0.00020830,0.07000000,1
1531213748576,1531213748572,250219,0.00020890,39.96000000,0
1531213749613,1531213749610,250220,0.00020930,12.68000000,0
1531213749613,1531213749610,250221,0.00020960,9.22000000,0
1531213795785,1531213795781,250222,0.00020930,149.71000000,1
1531213795798,1531213795794,250223,0.00020930,154.65000000,1
1531213851272,1531213851269,250224,0.00020880,19.67000000,1
1531213874245,1531213874242,250225,0.00020910,5.00000000,1
1531213884954,1531213884951,250226,0.00020930,89.31000000,0
1531213894354,1531213894348,250227,0.00020930,231.34000000,0
1531213895076,1531213895072,250228,0.00020890,463.29000000,0
1531213895088,1531213895084,250229,0.00020850,13.22000000,1
1531213895115,1531213895110,250230,0.00020850,206.84000000,1
1531213915899,1531213915896,250231,0.00020920,226.56000000,1
1531213915921,1531213915918,250232,0.00020920,200.53000000,1
1531213922435,1531213922430,250233,0.00020930,179.35000000,0
1531213927763,1531213927759,250234,0.00020960,6.07000000,0
1531213951568,1531213951562,250235,0.00021020,49.59000000,1
1531213957368,1531213957364,250236,0.00021030,16.78000000,0
1531213970152,1531213970145,250237,0.00021060,15.22000000,0
1531213970152,1531213970145,250238,0.00021130,70.34000000,0
1531213970152,1531213970145,250239,0.00021160,142.88000000,0
1531213970152,1531213970145,250240,0.00021180,8.00000000,0
1531213970152,1531213970145,250241,0.00021200,89.52000000,0
1531213970152,1531213970145,250242,0.00021210,28.52000000,0
1531213970152,1531213970145,250243,0.00021220,100.47000000,0
1531213983446,1531213983440,250244,0.00021160,38.11000000,0
1531213983446,1531213983440,250245,0.00021220,46.53000000,0
1531213983446,1531213983440,250246,0.00021240,55.94000000,0
1531213983446,1531213983440,250247,0.00021270,4.71000000,0
1531213983446,1531213983440,250248,0.00021300,655.06000000,0
1531213983446,1531213983440,250249,0.00021320,6.00000000,0
1531213983446,1531213983440,250250,0.00021350,21.91000000,0
1531213983446,1531213983440,250251,0.00021370,33.78000000,0
1531213983446,1531213983440,250252,0.00021390,2.34000000,0
1531213985517,1531213985512,250253,0.00021170,22.10000000,1
1531214007065,1531214007061,250254,0.00021270,19.34000000,1
1531214034468,1531214034464,250255,0.00021210,23.73000000,1
1531214035741,1531214035736,250256,0.00021210,14.45000000,1
1531214041096,1531214041091,250257,0.00021230,24.07000000,1
1531214089893,1531214089889,250258,0.00021370,84.35000000,0
1531214089893,1531214089889,250259,0.00021390,211.97000000,0
1531214102762,1531214102758,250260,0.00021380,34.57000000,0
1531214103060,1531214103055,250261,0.00021370,188.06000000,1
1531214109372,1531214109368,250262,0.00021380,8.52000000,0
1531214109725,1531214109719,250263,0.00021370,108.69000000,1
1531214142210,1531214142206,250264,0.00021390,35.10000000,0
1531214159847,1531214159842,250265,0.00021390,37.29000000,0
1531214165044,1531214165040,250266,0.00021390,208.71000000,0
1531214178021,1531214178016,250267,0.00021420,10.80000000,1
1531214182460,1531214182456,250268,0.00021440,8.51000000,1
1531214185278,1531214185274,250269,0.00021450,28.44000000,0
1531214193015,1531214193010,250270,0.00021500,11.91000000,0
1531214196429,1531214196426,250271,0.00021500,41.86000000,0
1531214205279,1531214205275,250272,0.00021500,27.13000000,0
1531214205893,1531214205888,250273,0.00021510,26.29000000,0
1531214214702,1531214214697,250274,0.00021550,26.90000000,1
1531214221738,1531214221733,250275,0.00021560,114.50000000,1
1531214221738,1531214221733,250276,0.00021550,456.64000000,1
1531214221746,1531214221741,250277,0.00021530,79.39000000,0
1531214233041,1531214233036,250278,0.00021470,26.90000000,1
1531214242857,1531214242852,250279,0.00021480,25.80000000,1
1531214244048,1531214244044,250280,0.00021480,90.06000000,1
1531214244064,1531214244060,250281,0.00021480,106.82000000,1
1531214259253,1531214259249,250282,0.00021430,356.22000000,0
1531214259263,1531214259258,250283,0.00021480,105.19000000,0
1531214260264,1531214260260,250284,0.00021480,27.43000000,1
1531214260264,1531214260260,250285,0.00021350,20.53000000,1
1531214268194,1531214268189,250286,0.00021360,46.84000000,1
1531214268194,1531214268189,250287,0.00021320,1.16000000,1
1531214279697,1531214279693,250288,0.00021380,5.22000000,0
1531214279707,1531214279703,250289,0.00021350,4.69000000,1
1531214293426,1531214293420,250290,0.00021340,108.10000000,1
1531214293426,1531214293420,250291,0.00021310,110.31000000,1
1531214293426,1531214293420,250292,0.00021300,1500.00000000,1
1531214294164,1531214294156,250293,0.00021300,8.53000000,0
1531214299214,1531214299210,250294,0.00021370,11.90000000,0
1531214300927,1531214300923,250295,0.00021360,17.70000000,0
1531214301308,1531214301302,250296,0.00021360,31.11000000,0
1531214301308,1531214301302,250297,0.00021370,3.42000000,0
1531214301308,1531214301302,250298,0.00021380,26.29000000,0
1531214302133,1531214302130,250299,0.00021470,1.82000000,1
1531214367328,1531214367325,250300,0.00021430,11.20000000,1
1531214367494,1531214367490,250301,0.00021430,11.20000000,0
1531214417771,1531214417767,250302,0.00021440,4.71000000,0
1531214418932,1531214418929,250303,0.00021350,22.40000000,1
1531214447299,1531214447295,250304,0.00021370,40.23000000,0
1531214447317,1531214447313,250305,0.00021330,28.07000000,1
1531214447333,1531214447329,250306,0.00021330,17.05000000,1
1531214474134,1531214474129,250307,0.00021320,6.00000000,1
1531214556337,1531214556332,250308,0.00021390,39.46000000,1
1531214665970,1531214665967,250309,0.00021300,0.36000000,1
1531214760555,1531214760550,250310,0.00021340,4.73000000,0
1531214781297,1531214781293,250311,0.00021320,342.57000000,0
1531214781313,1531214781309,250312,0.00021310,165.87000000,1
1531214781323,1531214781320,250313,0.00021310,126.87000000,1
1531214789137,1531214789134,250314,0.00021300,13.55000000,1
1531214789137,1531214789134,250315,0.00021290,176.45000000,1
1531214797682,1531214797679,250316,0.00021290,249.02000000,1
1531214822633,1531214822629,250317,0.00021290,12.01000000,1
1531214826519,1531214826514,250318,0.00021290,310.74000000,1
1531214826538,1531214826534,250319,0.00021300,295.68000000,0
1531214826555,1531214826550,250320,0.00021300,125.29000000,0
1531214929669,1531214929664,250321,0.00021400,7.48000000,0
1531214946836,1531214946831,250322,0.00021330,81.75000000,1
1531214976579,1531214976575,250323,0.00021330,125.56000000,1
1531214976597,1531214976593,250324,0.00021330,54.28000000,1
1531215013596,1531215013592,250325,0.00021350,8.89000000,1
1531215036977,1531215036973,250326,0.00021310,5.38000000,1
1531215038270,1531215038267,250327,0.00021300,296.32000000,1
1531215066085,1531215066082,250328,0.00021350,437.50000000,0
1531215066101,1531215066098,250329,0.00021310,250.43000000,1
1531215066114,1531215066110,250330,0.00021310,251.43000000,1
1531215098744,1531215098740,250331,0.00021390,0.02000000,0
1531215120077,1531215120073,250332,0.00021310,4.54000000,1
1531215142440,1531215142434,250333,0.00021320,81.90000000,1
1531215142462,1531215142458,250334,0.00021320,279.61000000,1
1531215143664,1531215143660,250335,0.00021390,4.72000000,0
1531215150475,1531215150470,250336,0.00021350,320.12000000,0
1531215150489,1531215150484,250337,0.00021310,197.62000000,1
1531215176846,1531215176843,250338,0.00021350,215.90000000,0
1531215176858,1531215176854,250339,0.00021320,295.75000000,1
1531215176886,1531215176880,250340,0.00021320,127.00000000,1
1531215261978,1531215261972,250341,0.00021330,159.34000000,1
1531215278592,1531215278586,250342,0.00021330,223.43000000,1
1531215293317,1531215293312,250343,0.00021330,126.43000000,1
1531215306076,1531215306073,250344,0.00021320,34.01000000,1
1531215306490,1531215306486,250345,0.00021320,190.21000000,0
1531215306490,1531215306486,250346,0.00021370,27.68000000,0
1531215306490,1531215306486,250347,0.00021380,558.01000000,0
1531215321929,1531215321925,250348,0.00021380,190.21000000,0
1531215371813,1531215371807,250349,0.00021360,204.60000000,0
1531215371827,1531215371822,250350,0.00021340,96.51000000,1
1531215495802,1531215495798,250351,0.00021370,111.60000000,0
1531215495819,1531215495816,250352,0.00021350,94.90000000,1
1531215495833,1531215495829,250353,0.00021350,71.54000000,1
1531215529392,1531215529389,250354,0.00021320,87.22000000,1
1531215592778,1531215592773,250355,0.00021320,33.58000000,1
1531215597286,1531215597281,250356,0.00021320,223.21000000,1
1531215597306,1531215597302,250357,0.00021320,219.70000000,1
1531215597415,1531215597410,250358,0.00021300,1055.75000000,1
1531215603125,1531215603121,250359,0.00021290,345.68000000,1
1531215605599,1531215605595,250360,0.00021290,402.32000000,1
1531215605599,1531215605595,250361,0.00021230,4.72000000,1
1531215605599,1531215605595,250362,0.00021180,4.73000000,1
1531215605599,1531215605595,250363,0.00021160,173.18000000,1
1531215608735,1531215608730,250364,0.00021120,4.15000000,1
1531215684548,1531215684543,250365,0.00021180,274.87000000,1
1531215684568,1531215684565,250366,0.00021180,281.37000000,1
1531215698332,1531215698328,250367,0.00021140,140.78000000,1
1531215698354,1531215698351,250368,0.00021140,178.71000000,1
1531215710470,1531215710466,250369,0.00021140,267.81000000,1
1531215741279,1531215741276,250370,0.00021140,188.93000000,1
1531215741293,1531215741289,250371,0.00021140,105.54000000,1
1531215752316,1531215752311,250372,0.00021120,2500.00000000,1
1531215769399,1531215769394,250373,0.00021130,173.19000000,0
1531215769399,1531215769394,250374,0.00021140,6.00000000,0
1531215770503,1531215770500,250375,0.00021150,37.19000000,1
1531215811435,1531215811431,250376,0.00021260,5.92000000,0
1531215817427,1531215817422,250377,0.00021160,16.03000000,1
1531215888486,1531215888483,250378,0.00021150,290.55000000,1
1531215904701,1531215904697,250379,0.00021180,1.04000000,1
1531215905885,1531215905882,250380,0.00021150,1.04000000,1
1531215922906,1531215922902,250381,0.00021230,693.81000000,0
1531215922917,1531215922914,250382,0.00021160,249.34000000,1
1531215922934,1531215922931,250383,0.00021160,256.98000000,1
1531215963495,1531215963492,250384,0.00021200,18.45000000,1
1531215965104,1531215965101,250385,0.00021190,163.65000000,1
1531215983979,1531215983975,250386,0.00021160,4.73000000,1
1531216026855,1531216026852,250387,0.00021230,7.28000000,0
1531216026864,1531216026861,250388,0.00021160,205.18000000,1
1531216026885,1531216026882,250389,0.00021160,5.95000000,1
1531216033490,1531216033487,250390,0.00021160,190.87000000,1
1531216033490,1531216033487,250391,0.00021150,2169.87000000,1
1531216066421,1531216066417,250392,0.00021150,1037.94000000,1
1531216102537,1531216102533,250393,0.00021160,267.25000000,1
1531216131612,1531216131607,250394,0.00021200,244.16000000,0
1531216131624,1531216131620,250395,0.00021160,147.09000000,1
1531216137462,1531216137458,250396,0.00021150,242.78000000,1
1531216179879,1531216179874,250397,0.00021200,476.15000000,0
1531216179896,1531216179891,250398,0.00021160,81.12000000,1
1531216179916,1531216179912,250399,0.00021160,177.65000000,1
1531216205529,1531216205524,250400,0.00021150,778.46000000,1
1531216240400,1531216240397,250401,0.00021210,414.53000000,0
1531216240421,1531216240416,250402,0.00021160,20.62000000,1
1531216240446,1531216240442,250403,0.00021160,269.18000000,1
1531216246772,1531216246768,250404,0.00021210,375.32000000,0
1531216246788,1531216246784,250405,0.00021160,129.81000000,1
1531216246813,1531216246807,250406,0.00021160,257.06000000,1
1531216313683,1531216313679,250407,0.00021160,242.75000000,1
1531216345414,1531216345409,250408,0.00021150,170.00000000,1
1531216361094,1531216361089,250409,0.00021210,179.76000000,0
1531216361106,1531216361102,250410,0.00021160,121.45000000,1
1531216376206,1531216376202,250411,0.00021160,34.89000000,1
1531216406080,1531216406075,250412,0.00021160,161.65000000,1
1531216406101,1531216406096,250413,0.00021160,209.65000000,1
1531216418620,1531216418616,250414,0.00021160,267.99000000,1
1531216418642,1531216418636,250415,0.00021160,141.40000000,1
1531216439606,1531216439601,250416,0.00021180,233.07000000,0
1531216439619,1531216439615,250417,0.00021160,130.93000000,1
1531216444850,1531216444847,250418,0.00021150,27.02000000,1
1531216480229,1531216480224,250419,0.00021170,289.36000000,0
1531216480241,1531216480238,250420,0.00021160,131.18000000,1
1531216480263,1531216480258,250421,0.00021160,258.37000000,1
1531216498205,1531216498202,250422,0.00021170,517.96000000,0
1531216498216,1531216498213,250423,0.00021160,228.62000000,1
1531216498233,1531216498229,250424,0.00021160,242.03000000,1
1531216539092,1531216539086,250425,0.00021180,112.65000000,0
1531216563796,1531216563791,250426,0.00021200,185.85000000,0
1531216563807,1531216563803,250427,0.00021160,255.53000000,1
1531216563818,1531216563815,250428,0.00021160,90.20000000,1
1531216599571,1531216599567,250429,0.00021190,440.96000000,0
1531216599579,1531216599575,250430,0.00021160,259.37000000,1
1531216634147,1531216634142,250431,0.00021150,18.48000000,1
1531216641360,1531216641354,250432,0.00021150,50.03000000,1
1531216660429,1531216660425,250433,0.00021160,222.90000000,1
1531216660452,1531216660448,250434,0.00021160,244.96000000,1
1531216666412,1531216666408,250435,0.00021160,223.12000000,1
1531216666432,1531216666428,250436,0.00021160,51.85000000,1
1531216701969,1531216701964,250437,0.00021160,12.26000000,1
1531216730183,1531216730178,250438,0.00021220,721.09000000,0
1531216730199,1531216730195,250439,0.00021160,271.07000000,1
1531216768266,1531216768262,250440,0.00021230,107.66000000,0
1531216768283,1531216768279,250441,0.00021170,148.18000000,1
1531216768307,1531216768303,250442,0.00021170,37.89000000,1
1531216780473,1531216780469,250443,0.00021170,22.38000000,1
1531216840426,1531216840421,250444,0.00021170,10.50000000,1
1531216861981,1531216861977,250445,0.00021270,18.45000000,0
1531216861981,1531216861977,250446,0.00021300,10.21000000,0
1531216861981,1531216861977,250447,0.00021340,9.43000000,0
1531216861981,1531216861977,250448,0.00021370,65.16000000,0
1531216876717,1531216876713,250449,0.00021290,19.64000000,0
1531216876729,1531216876725,250450,0.00021360,6.83000000,0
1531216920646,1531216920642,250451,0.00021260,0.76000000,1
1531216921951,1531216921947,250452,0.00021170,0.76000000,1
1531216943045,1531216943041,250453,0.00021290,9.49000000,0
1531217245261,1531217245257,250454,0.00021310,4.74000000,0
1531217286991,1531217286987,250455,0.00021270,242.74000000,0
1531217287001,1531217286997,250456,0.00021230,51.32000000,1
1531217287018,1531217287015,250457,0.00021230,95.56000000,1
1531217307390,1531217307383,250458,0.00021320,22.38000000,0
1531217307390,1531217307383,250459,0.00021330,85.96000000,0
1531217307391,1531217307383,250460,0.00021340,27.20000000,0
1531217307391,1531217307383,250461,0.00021400,757.51000000,0
1531217307391,1531217307383,250462,0.00021410,20.53000000,0
1531217336914,1531217336909,250463,0.00021410,422.24000000,1
1531217339511,1531217339507,250464,0.00021280,82.09000000,1
1531217339511,1531217339507,250465,0.00021270,157.48000000,1
1531217340946,1531217340940,250466,0.00021270,12.40000000,1
1531217364121,1531217364116,250467,0.00021260,345.33000000,0
1531217364140,1531217364134,250468,0.00021190,236.53000000,1
1531217471043,1531217471038,250469,0.00021280,169.88000000,0
1531217473180,1531217473175,250470,0.00021290,30.83000000,1
1531217473180,1531217473175,250471,0.00021280,76.87000000,1
1531217502778,1531217502772,250472,0.00021280,231.77000000,1
1531217502778,1531217502772,250473,0.00021170,10.27000000,1
1531217502778,1531217502772,250474,0.00021160,178.96000000,1
1531217520394,1531217520390,250475,0.00021170,0.57000000,1
1531217539345,1531217539341,250476,0.00021240,101.00000000,1
1531217542920,1531217542915,250477,0.00021170,0.99000000,1
1531217582377,1531217582373,250478,0.00021220,272.87000000,1
1531217585470,1531217585465,250479,0.00021170,0.01000000,1
1531217650919,1531217650913,250480,0.00021260,149.25000000,0
1531217650935,1531217650931,250481,0.00021180,91.01000000,1
1531217679848,1531217679844,250482,0.00021250,678.61000000,0
1531217679863,1531217679859,250483,0.00021180,255.12000000,1
1531217685220,1531217685216,250484,0.00021250,10.87000000,0
1531217685238,1531217685235,250485,0.00021180,7.33000000,1
1531217704961,1531217704957,250486,0.00021180,160.03000000,1
1531217704976,1531217704972,250487,0.00021180,107.51000000,1
1531217715143,1531217715137,250488,0.00021180,168.43000000,1
1531217715161,1531217715157,250489,0.00021180,11.24000000,1
1531217723281,1531217723277,250490,0.00021250,512.06000000,0
1531217723293,1531217723288,250491,0.00021180,128.71000000,1
1531217723310,1531217723306,250492,0.00021180,191.06000000,1
1531217839170,1531217839165,250493,0.00021190,57.29000000,1
1531217839170,1531217839165,250494,0.00021160,252.77000000,1
1531217839170,1531217839165,250495,0.00021150,574.48000000,1
1531217859131,1531217859127,250496,0.00021170,28.63000000,0
1531217861274,1531217861270,250497,0.00021170,28.64000000,0
1531217892163,1531217892159,250498,0.00021160,287.00000000,1
1531217892182,1531217892179,250499,0.00021160,186.53000000,1
1531217919984,1531217919979,250500,0.00021160,11.16000000,1
1531217919998,1531217919992,250501,0.00021160,12.05000000,0
1531217920015,1531217920010,250502,0.00021160,11.16000000,1
1531217920180,1531217920176,250503,0.00021150,33.60000000,1
1531217940202,1531217940198,250504,0.00021130,255.34000000,1
1531217963278,1531217963274,250505,0.00021130,194.53000000,1
1531217969097,1531217969093,250506,0.00021130,6.85000000,0
1531217991004,1531217990999,250507,0.00021140,6.88000000,0
1531217992757,1531217992751,250508,0.00021120,27.02000000,1
1531218005229,1531218005224,250509,0.00021110,219.59000000,0
1531218005826,1531218005822,250510,0.00021100,4.74000000,1
1531218023923,1531218023920,250511,0.00021090,202.21000000,1
1531218023941,1531218023937,250512,0.00021090,74.56000000,1
1531218055938,1531218055933,250513,0.00021090,193.68000000,1
1531218082024,1531218082020,250514,0.00021130,175.03000000,0
1531218082038,1531218082034,250515,0.00021090,295.25000000,1
1531218082062,1531218082057,250516,0.00021090,143.46000000,1
1531218097257,1531218097253,250517,0.00021080,2.00000000,1
1531218154420,1531218154414,250518,0.00021130,237.81000000,1
1531218154420,1531218154414,250519,0.00021080,223.33000000,1
1531218177805,1531218177800,250520,0.00021100,103.60000000,1
1531218189472,1531218189468,250521,0.00021070,8.59000000,1
1531218192391,1531218192385,250522,0.00021080,40.71000000,1
1531218194024,1531218194019,250523,0.00021130,539.90000000,0
1531218194042,1531218194038,250524,0.00021080,198.49000000,1
1531218195075,1531218195071,250525,0.00021070,267.74000000,1
1531218202756,1531218202750,250526,0.00021070,21.85000000,1
1531218240447,1531218240443,250527,0.00021060,383.17000000,0
1531218240455,1531218240452,250528,0.00021030,233.46000000,1
1531218240468,1531218240462,250529,0.00021030,168.06000000,1
1531218252633,1531218252630,250530,0.00021020,4.76000000,1
1531218259936,1531218259931,250531,0.00020990,7.30000000,1
1531218263139,1531218263135,250532,0.00020990,281.26000000,1
1531218263237,1531218263233,250533,0.00020990,7.30000000,0
1531218271320,1531218271316,250534,0.00021020,28.20000000,0
1531218279684,1531218279681,250535,0.00021000,47.61000000,0
1531218283213,1531218283209,250536,0.00020990,12.18000000,1
1531218284078,1531218284074,250537,0.00020990,21.33000000,1
1531218284411,1531218284407,250538,0.00020990,227.16000000,1
1531218284468,1531218284463,250539,0.00020990,33.51000000,0
1531218289119,1531218289115,250540,0.00020990,39.13000000,1
1531218289948,1531218289943,250541,0.00020980,6.20000000,1
1531218290757,1531218290752,250542,0.00020980,32.95000000,0
1531218386937,1531218386933,250543,0.00021120,0.03000000,0
1531218424894,1531218424890,250544,0.00020950,252.93000000,1
1531218424909,1531218424905,250545,0.00020950,274.50000000,1
1531218428619,1531218428614,250546,0.00020970,150.00000000,0
1531218436681,1531218436676,250547,0.00020960,67.31000000,0
1531218476338,1531218476333,250548,0.00020960,7.00000000,1
1531218476981,1531218476977,250549,0.00020960,150.00000000,0
1531218495861,1531218495855,250550,0.00020920,82.36000000,1
1531218506344,1531218506339,250551,0.00020920,2.46000000,1
1531218506940,1531218506936,250552,0.00020920,47.36000000,0
1531218511265,1531218511261,250553,0.00020890,4.79000000,1
1531218512534,1531218512529,250554,0.00020870,3.97000000,1
1531218522721,1531218522718,250555,0.00020890,35.70000000,1
1531218523223,1531218523219,250556,0.00020890,107.00000000,1
1531218523436,1531218523432,250557,0.00020890,12.95000000,1
1531218523436,1531218523432,250558,0.00020870,5.62000000,1
1531218523757,1531218523751,250559,0.00020800,21.41000000,1
1531218523757,1531218523751,250560,0.00020790,21.42000000,1
1531218523757,1531218523751,250561,0.00020780,9.62000000,1
1531218523757,1531218523751,250562,0.00020770,68.68000000,1
1531218523757,1531218523751,250563,0.00020760,67.59000000,1
1531218524049,1531218524043,250564,0.00020750,10.58000000,1
1531218524049,1531218524043,250565,0.00020740,180.00000000,1
1531218524519,1531218524515,250566,0.00020870,101.37000000,0
1531218527564,1531218527560,250567,0.00020840,92.67000000,0
1531218530519,1531218530516,250568,0.00020850,29.24000000,0
1531218535496,1531218535493,250569,0.00020830,150.00000000,0
1531218541138,1531218541134,250570,0.00020820,72.77000000,0
1531218542945,1531218542940,250571,0.00020810,177.68000000,1
1531218543544,1531218543539,250572,0.00020820,33.00000000,0
1531218552197,1531218552192,250573,0.00020800,21.73000000,1
1531218555435,1531218555430,250574,0.00020810,13.00000000,0
1531218556250,1531218556245,250575,0.00020800,86.60000000,1
1531218578553,1531218578548,250576,0.00020790,4.86000000,1
1531218578733,1531218578728,250577,0.00020800,32.64000000,0
1531218588123,1531218588119,250578,0.00020800,72.50000000,1
1531218598670,1531218598665,250579,0.00020790,88.09000000,1
1531218603037,1531218603032,250580,0.00020750,8.00000000,1
1531218628349,1531218628344,250581,0.00020790,14.42000000,0
1531218643820,1531218643816,250582,0.00020800,144.00000000,0
1531218643828,1531218643823,250583,0.00020800,9.19000000,0
1531218728071,1531218728065,250584,0.00020800,392.44000000,0
1531218744256,1531218744251,250585,0.00020810,21.59000000,0
1531218821029,1531218821023,250586,0.00020810,2.80000000,0
1531218824061,1531218824057,250587,0.00020810,0.01000000,0
1531218836145,1531218836139,250588,0.00020810,5.20000000,0
1531218879800,1531218879794,250589,0.00020820,401.45000000,1
1531218879817,1531218879812,250590,0.00020820,193.00000000,1
1531218879840,1531218879834,250591,0.00020820,230.71000000,1
1531218913762,1531218913756,250592,0.00020820,37.07000000,1
1531218913774,1531218913770,250593,0.00020820,20.01000000,0
1531218913784,1531218913779,250594,0.00020820,37.07000000,1
1531218956270,1531218956264,250595,0.00020820,160.78000000,1
1531218956285,1531218956281,250596,0.00020820,112.45000000,1
1531218991969,1531218991963,250597,0.00020820,155.00000000,1
1531218999015,1531218999010,250598,0.00020820,198.81000000,0
1531219011331,1531219011326,250599,0.00020820,210.84000000,0
1531219058630,1531219058624,250600,0.00020820,270.32000000,1
1531219059134,1531219059128,250601,0.00020820,150.00000000,1
1531219060657,1531219060653,250602,0.00020820,38.79000000,1
1531219062020,1531219062015,250603,0.00020820,9.46000000,1
1531219113582,1531219113578,250604,0.00020810,9.99000000,1
1531219155082,1531219155077,250605,0.00020820,7.21000000,0
1531219162431,1531219162426,250606,0.00020810,5.02000000,1
1531219162431,1531219162426,250607,0.00020800,138.64000000,1
1531219162431,1531219162426,250608,0.00020790,283.72000000,1
1531219164914,1531219164908,250609,0.00020790,4.64000000,1
1531219164914,1531219164908,250610,0.00020680,4.84000000,1
1531219166049,1531219166047,250611,0.00020680,150.00000000,1
1531219168722,1531219168718,250612,0.00020710,31.61000000,1
1531219169001,1531219168996,250613,0.00020660,9.69000000,1
1531219169001,1531219168996,250614,0.00020630,21.91000000,1
1531219171098,1531219171094,250615,0.00020700,35.26000000,0
1531219179334,1531219179328,250616,0.00020630,11.93000000,1
1531219179492,1531219179488,250617,0.00020660,294.84000000,0
1531219179504,1531219179498,250618,0.00020630,40.10000000,1
1531219179519,1531219179514,250619,0.00020630,187.28000000,1
1531219179597,1531219179594,250620,0.00020630,11.93000000,0
1531219211681,1531219211675,250621,0.00020670,11.86000000,1
1531219233840,1531219233836,250622,0.00020690,227.95000000,0
1531219233857,1531219233851,250623,0.00020680,175.34000000,1
1531219286733,1531219286728,250624,0.00020650,10.00000000,0
1531219287979,1531219287975,250625,0.00020650,11.89000000,0
1531219300142,1531219300139,250626,0.00020660,25.19000000,1
1531219300164,1531219300160,250627,0.00020660,11.01000000,1
1531219337954,1531219337948,250628,0.00020680,148.15000000,0
1531219337970,1531219337965,250629,0.00020660,153.21000000,1
1531219337991,1531219337987,250630,0.00020660,93.76000000,1
1531219376708,1531219376703,250631,0.00020660,75.73000000,1
1531219411994,1531219411988,250632,0.00020680,245.61000000,0
1531219412013,1531219412007,250633,0.00020660,48.85000000,1
1531219412038,1531219412032,250634,0.00020660,103.20000000,1
1531219444780,1531219444774,250635,0.00020650,761.55000000,0
1531219444794,1531219444790,250636,0.00020600,273.93000000,1
1531219461670,1531219461665,250637,0.00020650,118.02000000,0
1531219461682,1531219461678,250638,0.00020600,6.87000000,1
1531219461701,1531219461697,250639,0.00020600,92.20000000,1
1531219479482,1531219479478,250640,0.00020650,167.38000000,0
1531219479496,1531219479492,250641,0.00020600,116.23000000,1
1531219495840,1531219495836,250642,0.00020700,0.67000000,0
1531219511436,1531219511432,250643,0.00020650,153.74000000,0
1531219511443,1531219511439,250644,0.00020610,88.34000000,1
1531219511461,1531219511456,250645,0.00020610,60.53000000,1
1531219540192,1531219540187,250646,0.00020660,139.75000000,1
1531219540205,1531219540201,250647,0.00020660,73.54000000,1
1531219567331,1531219567326,250648,0.00020660,117.79000000,1
1531219567351,1531219567345,250649,0.00020660,96.98000000,1
1531219582090,1531219582084,250650,0.00020670,84.14000000,0
1531219582101,1531219582096,250651,0.00020690,92.98000000,0
1531219582122,1531219582117,250652,0.00020690,84.15000000,0
1531219605941,1531219605937,250653,0.00020660,163.31000000,1
1531219616105,1531219616101,250654,0.00020680,444.65000000,0
1531219616115,1531219616110,250655,0.00020660,231.59000000,1
1531219727788,1531219727784,250656,0.00020660,178.00000000,0
1531219727936,1531219727930,250657,0.00020660,92.61000000,1
1531219762018,1531219762012,250658,0.00020690,376.55000000,0
1531219762032,1531219762027,250659,0.00020680,206.90000000,1
1531219767617,1531219767614,250660,0.00020670,43.89000000,1
1531219778776,1531219778773,250661,0.00020680,69.18000000,1
1531219778804,1531219778800,250662,0.00020680,297.26000000,1
1531219795309,1531219795305,250663,0.00020670,253.82000000,0
1531219795319,1531219795314,250664,0.00020690,68.93000000,0
1531219795342,1531219795338,250665,0.00020690,94.01000000,0
1531219804284,1531219804280,250666,0.00020690,46.54000000,0
1531219854413,1531219854409,250667,0.00020650,21.42000000,1
1531219873617,1531219873612,250668,0.00020650,22.16000000,1
1531219874025,1531219874018,250669,0.00020590,36.38000000,1
1531219874115,1531219874110,250670,0.00020590,16.91000000,1
1531219874880,1531219874875,250671,0.00020570,6.61000000,1
1531219876118,1531219876114,250672,0.00020690,234.46000000,0
1531219911257,1531219911252,250673,0.00020690,191.37000000,0
1531219923447,1531219923439,250674,0.00020570,1.61000000,1
1531219923958,1531219923952,250675,0.00020570,31.62000000,1
1531219960398,1531219960394,250676,0.00020640,228.17000000,0
1531219960414,1531219960412,250677,0.00020580,107.62000000,1
1531219973442,1531219973440,250678,0.00020630,70.92000000,0
1531219973452,1531219973449,250679,0.00020690,49.25000000,0
1531219996784,1531219996779,250680,0.00020590,174.04000000,1
1531220001524,1531220001520,250681,0.00020640,83.09000000,0
1531220001537,1531220001532,250682,0.00020600,250.96000000,1
1531220001552,1531220001548,250683,0.00020600,65.95000000,1
1531220029115,1531220029109,250684,0.00020600,199.68000000,1
1531220029128,1531220029124,250685,0.00020600,208.15000000,1
1531220046590,1531220046585,250686,0.00020640,607.77000000,0
1531220046598,1531220046593,250687,0.00020600,14.64000000,1
1531220046615,1531220046610,250688,0.00020600,212.50000000,1
1531220061754,1531220061750,250689,0.00020630,194.62000000,0
1531220061764,1531220061759,250690,0.00020680,96.34000000,0
1531220074970,1531220074963,250691,0.00020600,5.34000000,0
1531220078508,1531220078503,250692,0.00020600,13.52000000,0
1531220089697,1531220089692,250693,0.00020600,113.09000000,1
1531220109062,1531220109055,250694,0.00020580,31.62000000,0
1531220109062,1531220109055,250695,0.00020590,192.38000000,0
1531220109062,1531220109055,250696,0.00020600,601.55000000,0
1531220115829,1531220115822,250697,0.00020700,6.07000000,0
1531220119705,1531220119699,250698,0.00020640,14.51000000,1
1531220172179,1531220172175,250699,0.00020700,7.71000000,0
1531220172179,1531220172175,250700,0.00020790,12.29000000,0
1531220221869,1531220221865,250701,0.00020780,7.28000000,0
1531220226192,1531220226188,250702,0.00020700,265.04000000,0
1531220226206,1531220226201,250703,0.00020630,140.96000000,1
1531220241807,1531220241802,250704,0.00020620,14.47000000,1
1531220324902,1531220324895,250705,0.00020630,259.68000000,1
1531220324902,1531220324895,250706,0.00020580,146.39000000,1
1531220324902,1531220324895,250707,0.00020560,117.61000000,1
1531220324902,1531220324895,250708,0.00020550,823.32000000,1
1531220324902,1531220324895,250709,0.00020540,544.74000000,1
1531220331621,1531220331603,250710,0.00020540,437.49000000,1
1531220331621,1531220331603,250711,0.00020530,342.05000000,1
1531220347289,1531220347285,250712,0.00020540,0.01000000,1
1531220361350,1531220361344,250713,0.00020560,319.00000000,0
1531220365018,1531220365014,250714,0.00020540,0.01000000,1
1531220375069,1531220375063,250715,0.00020550,0.01000000,1
1531220397628,1531220397625,250716,0.00020550,4.92000000,1
1531220435806,1531220435800,250717,0.00020550,8.71000000,1
1531220435806,1531220435800,250718,0.00020540,6.53000000,1
1531220458272,1531220458268,250719,0.00020540,24.33000000,1
1531220462780,1531220462776,250720,0.00020540,407.14000000,0
1531220462787,1531220462783,250721,0.00020550,239.50000000,0
1531220482995,1531220482990,250722,0.00020570,4.87000000,0
1531220518074,1531220518069,250723,0.00020550,49.75000000,1
1531220518095,1531220518093,250724,0.00020550,130.87000000,1
1531220543342,1531220543338,250725,0.00020550,252.94000000,1
1531220543371,1531220543365,250726,0.00020560,234.21000000,0
1531220611362,1531220611358,250727,0.00020560,24.12000000,0
1531220611362,1531220611358,250728,0.00020580,9.63000000,0
1531220611362,1531220611358,250729,0.00020590,6.53000000,0
1531220611362,1531220611358,250730,0.00020600,36.04000000,0
1531220628147,1531220628143,250731,0.00020620,328.53000000,0
1531220628161,1531220628156,250732,0.00020650,179.78000000,0
1531220628181,1531220628175,250733,0.00020650,127.34000000,0
1531220643514,1531220643509,250734,0.00020670,5.19000000,0
1531220662098,1531220662093,250735,0.00020660,29.37000000,0
1531220662109,1531220662103,250736,0.00020660,26.17000000,0
1531220700546,1531220700541,250737,0.00020610,220.21000000,1
1531220702467,1531220702461,250738,0.00020670,0.54000000,0
1531220738698,1531220738692,250739,0.00020640,214.81000000,0
1531220738713,1531220738708,250740,0.00020610,118.04000000,1
1531220745245,1531220745241,250741,0.00020640,369.65000000,0
1531220745254,1531220745249,250742,0.00020610,153.28000000,1
1531220745271,1531220745267,250743,0.00020610,137.93000000,1
1531220759220,1531220759211,250744,0.00020670,18.60000000,0
1531220759220,1531220759211,250745,0.00020680,10.64000000,0
1531220759220,1531220759211,250746,0.00020700,319.00000000,0
1531220759220,1531220759211,250747,0.00020720,72.43000000,0
1531220759220,1531220759211,250748,0.00020780,105.28000000,0
1531220759220,1531220759211,250749,0.00020790,41.87000000,0
1531220759220,1531220759211,250750,0.00020810,48.05000000,0
1531220759220,1531220759211,250751,0.00020820,92.88000000,0
1531220759220,1531220759211,250752,0.00020840,21.41000000,0
1531220759220,1531220759211,250753,0.00020860,11.89000000,0
1531220759220,1531220759211,250754,0.00020910,43.16000000,0
1531220759220,1531220759211,250755,0.00020940,193.29000000,0
1531220759220,1531220759211,250756,0.00020970,13.64000000,0
1531220759220,1531220759211,250757,0.00021000,7.86000000,0
1531220759270,1531220759264,250758,0.00020870,5.56000000,1
1531220760466,1531220760462,250759,0.00020780,161.73000000,1
1531220761248,1531220761244,250760,0.00020780,161.70000000,1
1531220762926,1531220762921,250761,0.00020800,14.49000000,1
1531220781763,1531220781758,250762,0.00020950,1.00000000,0
1531220791649,1531220791644,250763,0.00020880,33.00000000,1
1531220803043,1531220803038,250764,0.00020790,5.34000000,1
1531220816279,1531220816273,250765,0.00020760,98.49000000,1
1531220816279,1531220816273,250766,0.00020740,19.51000000,1
1531220822007,1531220822002,250767,0.00020840,1.00000000,0
1531220830627,1531220830619,250768,0.00020740,193.05000000,1
1531220830627,1531220830619,250769,0.00020720,49.14000000,1
1531220830627,1531220830619,250770,0.00020700,54.02000000,1
1531220830627,1531220830619,250771,0.00020670,21.73000000,1
1531220830627,1531220830619,250772,0.00020660,69.18000000,1
1531220830627,1531220830619,250773,0.00020640,48.45000000,1
1531220830627,1531220830619,250774,0.00020630,63.07000000,1
1531220830627,1531220830619,250775,0.00020620,112.79000000,1
1531220830704,1531220830699,250776,0.00020620,0.01000000,1
1531220830704,1531220830699,250777,0.00020610,42.96000000,1
1531220830704,1531220830699,250778,0.00020600,125.71000000,1
1531220838099,1531220838093,250779,0.00020620,73.20000000,1
1531220838099,1531220838093,250780,0.00020600,315.37000000,1
1531220845402,1531220845399,250781,0.00020630,5.80000000,1
1531220853438,1531220853434,250782,0.00020600,22.30000000,1
1531220853473,1531220853464,250783,0.00020610,4.90000000,0
1531220872006,1531220872000,250784,0.00020660,173.47000000,0
1531220888347,1531220888341,250785,0.00020650,9.53000000,0
1531220900475,1531220900470,250786,0.00020630,373.69000000,0
1531220900490,1531220900485,250787,0.00020620,186.84000000,1
1531220914376,1531220914371,250788,0.00020610,77.62000000,1
1531220914376,1531220914371,250789,0.00020600,32.39000000,1
1531220923702,1531220923698,250790,0.00020600,3.96000000,1
1531220923767,1531220923761,250791,0.00020630,0.74000000,0
1531220927123,1531220927118,250792,0.00020630,0.01000000,0
1531220935718,1531220935712,250793,0.00020610,159.12000000,1
1531220943908,1531220943905,250794,0.00020630,6.44000000,0
1531220943908,1531220943905,250795,0.00020650,3.05000000,0
1531220951728,1531220951723,250796,0.00020650,5.64000000,0
1531220956936,1531220956931,250797,0.00020620,377.70000000,0
1531220956949,1531220956946,250798,0.00020640,217.06000000,0
1531220969300,1531220969294,250799,0.00020680,16.10000000,0
1531220997183,1531220997177,250800,0.00020640,272.71000000,0
1531220997203,1531220997198,250801,0.00020610,115.93000000,1
1531220997226,1531220997221,250802,0.00020610,227.25000000,1
1531221003320,1531221003316,250803,0.00020620,240.06000000,1
1531221003334,1531221003330,250804,0.00020620,95.81000000,1
1531221066910,1531221066904,250805,0.00020640,9.81000000,0
1531221088692,1531221088687,250806,0.00020600,96.80000000,1
1531221095936,1531221095930,250807,0.00020600,63.88000000,1
1531221100376,1531221100371,250808,0.00020600,187.81000000,1
1531221100392,1531221100386,250809,0.00020600,695.30000000,0
1531221100402,1531221100396,250810,0.00020610,96.20000000,0
1531221100415,1531221100410,250811,0.00020610,298.36000000,0
1531221108256,1531221108250,250812,0.00020610,734.60000000,0
1531221108262,1531221108258,250813,0.00020660,281.00000000,0
1531221108280,1531221108275,250814,0.00020660,296.19000000,0
1531221142589,1531221142584,250815,0.00020620,10.10000000,0
1531221142606,1531221142601,250816,0.00020660,232.12000000,0
1531221142621,1531221142616,250817,0.00020660,6.83000000,0
1531221152641,1531221152635,250818,0.00020620,706.33000000,0
1531221152660,1531221152654,250819,0.00020660,150.15000000,0
1531221152680,1531221152676,250820,0.00020660,287.12000000,0
1531221178163,1531221178157,250821,0.00020670,1.50000000,0
1531221181169,1531221181164,250822,0.00020660,0.01000000,0
1531221186781,1531221186776,250823,0.00020640,8.27000000,0
1531221186795,1531221186789,250824,0.00020660,175.87000000,0
1531221186818,1531221186814,250825,0.00020660,8.26000000,0
1531221213915,1531221213912,250826,0.00020640,138.48000000,0
1531221213927,1531221213922,250827,0.00020660,260.00000000,0
1531221213937,1531221213933,250828,0.00020660,96.18000000,0
1531221236621,1531221236615,250829,0.00020620,484.91000000,0
1531221236633,1531221236627,250830,0.00020580,195.53000000,1
1531221295384,1531221295379,250831,0.00020620,402.74000000,0
1531221295394,1531221295389,250832,0.00020590,45.53000000,1
1531221295409,1531221295404,250833,0.00020590,254.90000000,1
1531221329859,1531221329853,250834,0.00020600,235.37000000,1
1531221329889,1531221329884,250835,0.00020600,220.56000000,1
1531221356992,1531221356986,250836,0.00020630,574.63000000,0
1531221357011,1531221357006,250837,0.00020600,128.25000000,1
1531221357025,1531221357021,250838,0.00020600,287.31000000,1
1531221364541,1531221364536,250839,0.00020590,10.58000000,1
1531221382692,1531221382688,250840,0.00020630,466.98000000,0
1531221382706,1531221382702,250841,0.00020600,164.43000000,1
1531221415388,1531221415383,250842,0.00020620,411.45000000,0
1531221415401,1531221415395,250843,0.00020650,238.06000000,0
1531221415419,1531221415414,250844,0.00020650,278.00000000,0
1531221428650,1531221428644,250845,0.00020600,80.59000000,1
1531221428666,1531221428661,250846,0.00020600,98.01000000,1
1531221442678,1531221442674,250847,0.00020630,28.92000000,0
1531221442689,1531221442685,250848,0.00020600,23.32000000,1
1531221473648,1531221473644,250849,0.00020620,356.51000000,0
1531221473667,1531221473663,250850,0.00020650,11.83000000,0
1531221473687,1531221473682,250851,0.00020650,159.15000000,0
1531221503407,1531221503401,250852,0.00020620,530.12000000,0
1531221503421,1531221503416,250853,0.00020650,133.56000000,0
1531221503441,1531221503437,250854,0.00020650,208.71000000,0
1531221512295,1531221512291,250855,0.00020630,204.97000000,0
1531221512314,1531221512311,250856,0.00020600,155.46000000,1
1531221512329,1531221512325,250857,0.00020600,128.12000000,1
1531221520302,1531221520297,250858,0.00020630,483.75000000,0
1531221520321,1531221520316,250859,0.00020600,270.68000000,1
1531221520341,1531221520337,250860,0.00020600,278.00000000,1
1531221537102,1531221537098,250861,0.00020620,256.26000000,0
1531221537120,1531221537115,250862,0.00020650,256.37000000,0
1531221537146,1531221537142,250863,0.00020650,122.04000000,0
1531221562104,1531221562099,250864,0.00020600,276.62000000,1
1531221562121,1531221562117,250865,0.00020600,141.84000000,1
1531221598840,1531221598834,250866,0.00020600,214.84000000,1
1531221606737,1531221606732,250867,0.00020590,81.02000000,1
1531221621215,1531221621210,250868,0.00020630,537.43000000,0
1531221621234,1531221621229,250869,0.00020600,223.93000000,1
1531221647574,1531221647569,250870,0.00020630,313.67000000,0
1531221647591,1531221647586,250871,0.00020600,251.65000000,1
1531221647604,1531221647600,250872,0.00020600,295.93000000,1
1531221710320,1531221710316,250873,0.00020620,503.44000000,0
1531221710330,1531221710325,250874,0.00020590,211.53000000,1
1531221747818,1531221747812,250875,0.00020550,5.80000000,1
1531221777321,1531221777317,250876,0.00020560,60.89000000,1
1531221786320,1531221786315,250877,0.00020560,315.41000000,0
1531221786334,1531221786331,250878,0.00020570,202.18000000,0
1531221819463,1531221819458,250879,0.00020560,53.74000000,1
1531221819480,1531221819476,250880,0.00020570,33.60000000,0
1531221828966,1531221828961,250881,0.00020560,34.26000000,1
1531221828978,1531221828974,250882,0.00020560,346.37000000,0
1531221828990,1531221828985,250883,0.00020570,221.37000000,0
1531221829006,1531221829002,250884,0.00020570,279.87000000,0
1531221842395,1531221842390,250885,0.00020560,58.27000000,1
1531221861731,1531221861727,250886,0.00020620,359.93000000,0
1531221861743,1531221861738,250887,0.00020580,112.06000000,1
1531221861765,1531221861762,250888,0.00020580,140.59000000,1
1531221923051,1531221923047,250889,0.00020620,444.04000000,0
1531221923065,1531221923060,250890,0.00020580,185.03000000,1
1531221932354,1531221932350,250891,0.00020660,0.26000000,0
1531221951282,1531221951276,250892,0.00020630,599.62000000,0
1531221951301,1531221951296,250893,0.00020600,180.40000000,1
1531221951321,1531221951317,250894,0.00020600,282.82000000,1
1531222003884,1531222003880,250895,0.00020590,101.00000000,1
1531222042112,1531222042108,250896,0.00020590,166.84000000,1
1531222086946,1531222086943,250897,0.00020630,229.37000000,1
1531222118969,1531222118965,250898,0.00020620,60.30000000,0
1531222118989,1531222118985,250899,0.00020580,235.65000000,1
1531222119012,1531222119008,250900,0.00020580,22.01000000,1
1531222195371,1531222195367,250901,0.00020620,281.52000000,0
1531222195382,1531222195377,250902,0.00020600,113.51000000,1
1531222250619,1531222250615,250903,0.00020640,19.37000000,0
1531222260803,1531222260798,250904,0.00020640,19.37000000,0
1531222271781,1531222271777,250905,0.00020640,19.37000000,0
1531222276330,1531222276326,250906,0.00020600,658.11000000,0
1531222276343,1531222276339,250907,0.00020570,224.78000000,1
1531222276363,1531222276358,250908,0.00020570,293.81000000,1
1531222283789,1531222283784,250909,0.00020640,0.16000000,0
1531222283789,1531222283784,250910,0.00020660,19.20000000,0
1531222293804,1531222293799,250911,0.00020660,19.36000000,0
1531222298712,1531222298709,250912,0.00020600,237.40000000,1
1531222298732,1531222298728,250913,0.00020600,106.20000000,1
1531222377681,1531222377678,250914,0.00020650,99.90000000,0
1531222377701,1531222377698,250915,0.00020650,238.93000000,0
1531222410089,1531222410086,250916,0.00020660,9.94000000,0
1531222460127,1531222460123,250917,0.00020670,24.68000000,0
1531222460127,1531222460123,250918,0.00020680,14.08000000,0
1531222460127,1531222460123,250919,0.00020710,32.35000000,0
1531222460127,1531222460123,250920,0.00020720,25.18000000,0
1531222460127,1531222460123,250921,0.00020740,124.57000000,0
1531222460127,1531222460123,250922,0.00020760,7.46000000,0
1531222478576,1531222478572,250923,0.00020750,74.79000000,0
1531222500062,1531222500057,250924,0.00020710,173.47000000,1
1531222561464,1531222561460,250925,0.00020710,42.96000000,1
1531222570862,1531222570859,250926,0.00020740,67.52000000,0
1531222570871,1531222570867,250927,0.00020720,292.17000000,1
1531222570897,1531222570894,250928,0.00020720,25.96000000,1
1531222615292,1531222615288,250929,0.00020740,487.10000000,0
1531222615306,1531222615303,250930,0.00020730,224.81000000,1
1531222615326,1531222615322,250931,0.00020730,198.00000000,1
1531222651099,1531222651096,250932,0.00020750,209.21000000,1
1531222651118,1531222651114,250933,0.00020750,179.92000000,0
1531222651134,1531222651130,250934,0.00020750,209.21000000,1
1531222666033,1531222666029,250935,0.00020740,55.43000000,1
1531222666033,1531222666029,250936,0.00020590,45.84000000,1
1531222667799,1531222667796,250937,0.00020670,29.09000000,0
1531222667799,1531222667796,250938,0.00020680,9.54000000,0
1531222669120,1531222669117,250939,0.00020740,7.15000000,1
1531222685519,1531222685516,250940,0.00020760,16.00000000,0
1531222797229,1531222797226,250941,0.00020600,257.50000000,1
1531222797244,1531222797241,250942,0.00020600,166.25000000,1
1531222803704,1531222803701,250943,0.00020610,72.27000000,1
1531222830106,1531222830102,250944,0.00020750,397.57000000,0
1531222866984,1531222866980,250945,0.00020640,16.69000000,1
1531222951246,1531222951243,250946,0.00020600,280.62000000,1
1531222975195,1531222975191,250947,0.00020600,23.09000000,1
1531222986182,1531222986178,250948,0.00020600,63.17000000,1
1531223050878,1531223050874,250949,0.00020600,0.07000000,1
1531223062699,1531223062695,250950,0.00020610,270.93000000,1
1531223062718,1531223062714,250951,0.00020610,145.28000000,1
1531223076219,1531223076215,250952,0.00020600,24.38000000,1
1531223101000,1531223100996,250953,0.00020580,329.50000000,0
1531223101011,1531223101007,250954,0.00020590,222.62000000,0
1531223102184,1531223102180,250955,0.00020570,10.70000000,1
1531223121559,1531223121557,250956,0.00020570,160.43000000,1
1531223135243,1531223135240,250957,0.00020600,81.56000000,1
1531223135243,1531223135240,250958,0.00020590,177.44000000,1
1531223165835,1531223165832,250959,0.00020580,5.41000000,1
1531223172666,1531223172661,250960,0.00020660,48.40000000,0
1531223178191,1531223178187,250961,0.00020660,48.40000000,0
1531223191373,1531223191368,250962,0.00020640,671.36000000,0
1531223191382,1531223191378,250963,0.00020580,291.43000000,1
1531223191400,1531223191396,250964,0.00020580,289.37000000,1
1531223203912,1531223203909,250965,0.00020660,0.20000000,1
1531223246609,1531223246604,250966,0.00020680,75.31000000,0
1531223246621,1531223246617,250967,0.00020670,28.53000000,1
1531223259222,1531223259219,250968,0.00020680,131.91000000,0
1531223259232,1531223259228,250969,0.00020670,126.84000000,1
1531223284711,1531223284708,250970,0.00020670,57.78000000,1
1531223301485,1531223301483,250971,0.00020680,422.49000000,0
1531223301493,1531223301488,250972,0.00020670,6.16000000,1
1531223301515,1531223301512,250973,0.00020670,177.53000000,1
1531223333731,1531223333728,250974,0.00020670,266.96000000,0
1531223333748,1531223333745,250975,0.00020690,248.46000000,0
1531223333771,1531223333767,250976,0.00020690,182.84000000,0
1531223362376,1531223362373,250977,0.00020670,6.75000000,1
1531223440354,1531223440350,250978,0.00020700,10.63000000,0
1531223440354,1531223440350,250979,0.00020750,37.67000000,0
1531223451892,1531223451889,250980,0.00020700,76.81000000,0
1531223451913,1531223451910,250981,0.00020740,36.57000000,0
1531223502388,1531223502384,250982,0.00020690,158.58000000,1
1531223502388,1531223502384,250983,0.00020660,24.24000000,1
1531223541667,1531223541664,250984,0.00020710,186.21000000,1
1531223541678,1531223541675,250985,0.00020710,206.34000000,1
1531223558215,1531223558212,250986,0.00020680,81.51000000,1
1531223576430,1531223576427,250987,0.00020720,328.18000000,0
1531223576442,1531223576439,250988,0.00020680,269.00000000,1
1531223593435,1531223593432,250989,0.00020700,166.80000000,0
1531223593442,1531223593439,250990,0.00020670,62.14000000,1
1531223593455,1531223593451,250991,0.00020670,154.43000000,1
1531223602119,1531223602115,250992,0.00020660,52.36000000,1
1531223602119,1531223602115,250993,0.00020560,116.55000000,1
1531223602119,1531223602115,250994,0.00020550,211.64000000,1
1531223637575,1531223637572,250995,0.00020640,180.10000000,0
1531223637588,1531223637585,250996,0.00020610,206.21000000,1
1531223637612,1531223637608,250997,0.00020610,166.75000000,1
1531223707400,1531223707397,250998,0.00020620,304.07000000,0
1531223707414,1531223707413,250999,0.00020580,230.37000000,1
1531223782897,1531223782893,251000,0.00020610,130.52000000,0
1531223782911,1531223782907,251001,0.00020580,101.93000000,1
1531223782931,1531223782927,251002,0.00020580,100.40000000,1
1531223800904,1531223800901,251003,0.00020580,162.68000000,1
1531223811323,1531223811318,251004,0.00020570,69.48000000,1
1531223828776,1531223828772,251005,0.00020580,143.34000000,1
1531223859163,1531223859160,251006,0.00020590,140.98000000,1
1531223859181,1531223859177,251007,0.00020600,75.79000000,0
1531223880021,1531223880011,251008,0.00020600,81.99000000,0
1531223880021,1531223880011,251009,0.00020610,69.48000000,0
1531223880021,1531223880011,251010,0.00020620,37.54000000,0
1531223880021,1531223880011,251011,0.00020760,84.72000000,0
1531223880021,1531223880011,251012,0.00020780,19.51000000,0
1531223880021,1531223880011,251013,0.00020790,10.58000000,0
1531223880021,1531223880011,251014,0.00020800,32.03000000,0
1531223880021,1531223880011,251015,0.00020830,45.90000000,0
1531223903406,1531223903403,251016,0.00020830,2.11000000,0
1531223919014,1531223919013,251017,0.00020840,275.06000000,1
1531223919024,1531223919021,251018,0.00020840,204.78000000,1
1531223958072,1531223958072,251019,0.00020840,9.84000000,1
1531223958072,1531223958072,251020,0.00020830,5.66000000,1
1531223959725,1531223959721,251021,0.00020830,42.23000000,1
1531224076902,1531224076898,251022,0.00020820,104.59000000,1
1531224150644,1531224150640,251023,0.00020830,0.18000000,1
1531224152415,1531224152413,251024,0.00020820,0.18000000,1
1531224183042,1531224183037,251025,0.00020750,165.05000000,1
1531224183042,1531224183037,251026,0.00020720,38.55000000,1
1531224183042,1531224183037,251027,0.00020690,21.71000000,1
1531224183042,1531224183037,251028,0.00020680,44.98000000,1
1531224208524,1531224208520,251029,0.00020730,108.72000000,0
1531224208539,1531224208536,251030,0.00020670,122.15000000,1
1531224208553,1531224208550,251031,0.00020670,40.57000000,1
1531224218280,1531224218277,251032,0.00020720,218.63000000,0
1531224218296,1531224218293,251033,0.00020780,77.54000000,0
1531224261705,1531224261704,251034,0.00020730,220.19000000,0
1531224261714,1531224261711,251035,0.00020670,122.31000000,1
1531224291567,1531224291563,251036,0.00020720,298.55000000,0
1531224291583,1531224291580,251037,0.00020780,236.93000000,0
1531224306419,1531224306415,251038,0.00020670,86.01000000,1
1531224341319,1531224341315,251039,0.00020690,252.62000000,1
1531224341339,1531224341336,251040,0.00020690,187.65000000,1
1531224382563,1531224382560,251041,0.00020720,243.15000000,0
1531224402359,1531224402356,251042,0.00020700,464.52000000,0
1531224402367,1531224402366,251043,0.00020670,96.59000000,1
1531224402378,1531224402373,251044,0.00020670,273.25000000,1
1531224424600,1531224424596,251045,0.00020700,148.77000000,0
1531224424617,1531224424613,251046,0.00020670,55.10000000,1
1531224475867,1531224475863,251047,0.00020690,69.26000000,1
1531224511104,1531224511101,251048,0.00020710,757.92000000,0
1531224511115,1531224511114,251049,0.00020700,104.59000000,1
1531224511129,1531224511126,251050,0.00020700,263.18000000,1
1531224563294,1531224563291,251051,0.00020680,287.37000000,1
1531224563317,1531224563314,251052,0.00020680,98.09000000,1
1531224578963,1531224578960,251053,0.00020680,0.03000000,1
1531224589170,1531224589166,251054,0.00020710,240.28000000,0
1531224589184,1531224589181,251055,0.00020690,190.68000000,1
1531224643011,1531224643013,251056,0.00020680,0.03000000,1
1531224649471,1531224649468,251057,0.00020690,59.32000000,1
1531224665509,1531224665506,251058,0.00020720,234.06000000,0
1531224665534,1531224665530,251059,0.00020720,98.45000000,0
1531224672012,1531224672008,251060,0.00020680,115.00000000,1
1531224672012,1531224672008,251061,0.00020670,5.32000000,1
1531224672012,1531224672008,251062,0.00020660,46.27000000,1
1531224672012,1531224672008,251063,0.00020640,10.66000000,1
1531224672012,1531224672008,251064,0.00020560,82.14000000,1
1531224672012,1531224672008,251065,0.00020550,612.18000000,1
1531224672012,1531224672008,251066,0.00020540,408.95000000,1
1531224672012,1531224672008,251067,0.00020530,217.98000000,1
1531224715615,1531224715612,251068,0.00020540,155.00000000,1
1531224751001,1531224750998,251069,0.00020540,370.84000000,0
1531224762452,1531224762449,251070,0.00020540,38.87000000,0
1531224776063,1531224776061,251071,0.00020580,206.09000000,0
1531224776075,1531224776072,251072,0.00020630,60.28000000,0
1531224776086,1531224776082,251073,0.00020630,125.68000000,0
1531224788329,1531224788325,251074,0.00020540,133.78000000,1
1531224828142,1531224828140,251075,0.00020600,93.17000000,0
1531224832029,1531224832026,251076,0.00020540,99.14000000,1
1531224832029,1531224832026,251077,0.00020530,400.86000000,1
1531224852774,1531224852771,251078,0.00020560,73.79000000,0
1531224852789,1531224852786,251079,0.00020540,40.60000000,1
1531224852806,1531224852802,251080,0.00020540,57.64000000,1
1531224879577,1531224879573,251081,0.00020540,267.50000000,1
1531224906774,1531224906771,251082,0.00020540,226.21000000,1
1531224906795,1531224906792,251083,0.00020540,107.62000000,1
1531224923536,1531224923532,251084,0.00020540,38.25000000,1
1531224926214,1531224926214,251085,0.00020570,18.50000000,0
1531224926286,1531224926283,251086,0.00020570,12.95000000,0
1531224926286,1531224926283,251087,0.00020590,18.49000000,0
1531224927967,1531224927969,251088,0.00020590,35.06000000,0
1531224928339,1531224928338,251089,0.00020590,16.30000000,0
1531224957245,1531224957242,251090,0.00020570,589.05000000,0
1531224957257,1531224957254,251091,0.00020550,224.28000000,1
1531224957276,1531224957273,251092,0.00020550,211.87000000,1
1531224979594,1531224979591,251093,0.00020570,246.55000000,0
1531224979608,1531224979605,251094,0.00020550,205.46000000,1
1531224999280,1531224999276,251095,0.00020550,147.25000000,1
1531225015931,1531225015927,251096,0.00020570,335.52000000,0
1531225015942,1531225015940,251097,0.00020550,182.34000000,1
1531225047914,1531225047911,251098,0.00020590,5.56000000,0
1531225051887,1531225051884,251099,0.00020580,82.14000000,0
1531225051887,1531225051884,251100,0.00020590,948.93000000,0
1531225058558,1531225058554,251101,0.00020560,353.60000000,0
1531225058572,1531225058569,251102,0.00020580,143.75000000,0
1531225087452,1531225087449,251103,0.00020590,1623.98000000,0
1531225097678,1531225097674,251104,0.00020540,12.17000000,1
1531225097678,1531225097674,251105,0.00020530,30.03000000,1
1531225098364,1531225098362,251106,0.00020530,7.88000000,1
1531225103212,1531225103210,251107,0.00020560,831.41000000,0
1531225103231,1531225103228,251108,0.00020590,140.25000000,0
1531225103258,1531225103255,251109,0.00020590,279.00000000,0
1531225110788,1531225110786,251110,0.00020540,218.71000000,1
1531225110812,1531225110809,251111,0.00020540,4.87000000,1
1531225118540,1531225118537,251112,0.00020570,405.63000000,0
1531225118559,1531225118556,251113,0.00020540,180.15000000,1
1531225118578,1531225118575,251114,0.00020540,253.53000000,1
1531225124303,1531225124301,251115,0.00020540,10.23000000,1
1531225136560,1531225136557,251116,0.00020550,73.90000000,1
1531225136582,1531225136579,251117,0.00020550,158.62000000,1
1531225136632,1531225136629,251118,0.00020600,0.54000000,0
1531225161254,1531225161249,251119,0.00020580,245.09000000,0
1531225161270,1531225161267,251120,0.00020560,221.21000000,1
1531225161287,1531225161285,251121,0.00020560,180.21000000,1
1531225189976,1531225189973,251122,0.00020580,245.67000000,0
1531225189988,1531225189985,251123,0.00020560,204.71000000,1
1531225223248,1531225223246,251124,0.00020560,179.21000000,1
1531225223272,1531225223269,251125,0.00020560,191.93000000,1
1531225234172,1531225234169,251126,0.00020560,189.18000000,1
1531225243558,1531225243555,251127,0.00020600,30.39000000,0
1531225257177,1531225257174,251128,0.00020580,375.73000000,0
1531225257196,1531225257192,251129,0.00020560,67.20000000,1
1531225257221,1531225257218,251130,0.00020560,173.93000000,1
1531225298171,1531225298167,251131,0.00020550,19.42000000,1
1531225312025,1531225312021,251132,0.00020560,208.99000000,0
1531225312036,1531225312033,251133,0.00020590,64.43000000,0
1531225312061,1531225312057,251134,0.00020590,99.51000000,0
1531225359968,1531225359965,251135,0.00020550,105.98000000,1
1531225390397,1531225390393,251136,0.00020580,31.98000000,0
1531225390414,1531225390411,251137,0.00020560,252.40000000,1
1531225390424,1531225390420,251138,0.00020560,23.51000000,1
1531225403452,1531225403451,251139,0.00020550,67.95000000,1
1531225419145,1531225419142,251140,0.00020560,0.03000000,1
1531225420144,1531225420142,251141,0.00020560,198.65000000,1
1531225420163,1531225420160,251142,0.00020560,195.25000000,1
1531225459548,1531225459545,251143,0.00020560,0.03000000,0
1531225538828,1531225538824,251144,0.00020570,31.30000000,0
1531225538843,1531225538839,251145,0.00020590,137.65000000,0
1531225538864,1531225538865,251146,0.00020590,24.46000000,0
1531225619728,1531225619724,251147,0.00020600,0.03000000,0
1531225642738,1531225642734,251148,0.00020590,198.81000000,0
1531225796230,1531225796226,251149,0.00020570,55.39000000,1
1531225796243,1531225796240,251150,0.00020570,45.53000000,1
1531225821915,1531225821912,251151,0.00020580,98.76000000,1
1531225831984,1531225831983,251152,0.00020580,3.99000000,1
1531225856863,1531225856859,251153,0.00020590,87.50000000,1
1531225856884,1531225856881,251154,0.00020590,214.62000000,1
1531225871660,1531225871656,251155,0.00020580,50.53000000,1
1531225985095,1531225985091,251156,0.00020590,176.81000000,0
1531225985107,1531225985102,251157,0.00020580,19.85000000,1
1531225985125,1531225985122,251158,0.00020580,170.00000000,1
1531226003138,1531226003135,251159,0.00020560,43.75000000,1
1531226070948,1531226070944,251160,0.00020590,301.28000000,0
1531226070963,1531226070960,251161,0.00020580,63.03000000,1
1531226070976,1531226070978,251162,0.00020580,149.15000000,1
1531226097058,1531226097055,251163,0.00020590,24.55000000,0
1531226097081,1531226097078,251164,0.00020590,162.71000000,0
1531226138426,1531226138421,251165,0.00020580,32.54000000,0
1531226138447,1531226138444,251166,0.00020560,4.87000000,1
1531226138468,1531226138464,251167,0.00020560,17.69000000,1
1531226155917,1531226155913,251168,0.00020560,59.37000000,1
1531226155982,1531226155977,251169,0.00020560,18.75000000,1
1531226155987,1531226155984,251170,0.00020550,18.75000000,1
1531226156057,1531226156054,251171,0.00020550,22.56000000,1
1531226156093,1531226156089,251172,0.00020550,5.83000000,1
1531226157634,1531226157630,251173,0.00020550,2.86000000,1
1531226157634,1531226157630,251174,0.00020530,16.53000000,1
1531226168320,1531226168316,251175,0.00020550,53.94000000,0
1531226168327,1531226168324,251176,0.00020540,248.53000000,1
1531226168345,1531226168341,251177,0.00020540,21.23000000,1
1531226198420,1531226198417,251178,0.00020550,353.35000000,0
1531226198439,1531226198434,251179,0.00020540,193.65000000,1
1531226198458,1531226198459,251180,0.00020540,165.12000000,1
1531226210344,1531226210340,251181,0.00020550,191.50000000,1
1531226226097,1531226226094,251182,0.00020550,131.93000000,1
1531226256119,1531226256114,251183,0.00020540,259.90000000,1
1531226256152,1531226256149,251184,0.00020550,151.12000000,0
1531226301966,1531226301962,251185,0.00020540,259.90000000,1
1531226301973,1531226301970,251186,0.00020540,563.24000000,0
1531226301984,1531226301980,251187,0.00020540,259.89000000,1
1531226474451,1531226474447,251188,0.00020540,161.92000000,1
1531226474468,1531226474465,251189,0.00020540,222.12000000,1
1531226474486,1531226474481,251190,0.00020540,110.90000000,1
1531226534509,1531226534505,251191,0.00020540,273.37000000,1
1531226643552,1531226643548,251192,0.00020540,100.00000000,1
1531226728472,1531226728467,251193,0.00020550,0.22000000,0
1531226740793,1531226740791,251194,0.00020540,5.32000000,1
1531226842263,1531226842260,251195,0.00020540,199.65000000,1
1531227059870,1531227059866,251196,0.00020550,13.78000000,0
1531227081657,1531227081652,251197,0.00020550,48.66000000,0
1531227315655,1531227315651,251198,0.00020540,142.79000000,1
1531227328549,1531227328545,251199,0.00020550,19.48000000,0
1531227333245,1531227333241,251200,0.00020560,40.25000000,0
1531227365987,1531227365983,251201,0.00020570,179.06000000,1
1531227365998,1531227365995,251202,0.00020570,57.42000000,1
1531227376679,1531227376675,251203,0.00020590,140.25000000,0
1531227382966,1531227382961,251204,0.00020590,4.83000000,0
1531227389831,1531227389827,251205,0.00020590,95.20000000,1
1531227397433,1531227397432,251206,0.00020550,42.42000000,1
1531227397451,1531227397448,251207,0.00020550,203.12000000,1
1531227440762,1531227440757,251208,0.00020590,36.09000000,0
1531227440762,1531227440757,251209,0.00020600,0.02000000,0
1531227440762,1531227440757,251210,0.00020640,10.66000000,0
1531227440762,1531227440757,251211,0.00020700,53.23000000,0
1531227441870,1531227441870,251212,0.00020620,62.63000000,0
1531227441885,1531227441880,251213,0.00020550,25.67000000,1
1531227693978,1531227693974,251214,0.00020570,2.00000000,1
1531227734194,1531227734189,251215,0.00020650,0.24000000,0
1531227796656,1531227796651,251216,0.00020650,13.78000000,1
1531227833503,1531227833500,251217,0.00020640,46.46000000,1
1531227879450,1531227879446,251218,0.00020620,179.96000000,1
1531227937035,1531227937030,251219,0.00020670,88.61000000,0
1531227949158,1531227949154,251220,0.00020720,5.00000000,0
1531227957249,1531227957244,251221,0.00020710,28.82000000,0
1531227957262,1531227957258,251222,0.00020700,22.17000000,1
1531227959085,1531227959081,251223,0.00020720,29.85000000,0
1531227967353,1531227967349,251224,0.00020730,21.71000000,0
1531227976717,1531227976713,251225,0.00020740,64.29000000,0
1531227981630,1531227981626,251226,0.00020730,225.25000000,1
1531228004394,1531228004389,251227,0.00020730,7.25000000,1
1531228015705,1531228015702,251228,0.00020730,58.40000000,1
1531228015721,1531228015718,251229,0.00020730,96.97000000,0
1531228015733,1531228015728,251230,0.00020730,58.39000000,1
1531228044765,1531228044761,251231,0.00020740,303.19000000,0
1531228044773,1531228044770,251232,0.00020730,134.25000000,1
1531228044789,1531228044784,251233,0.00020730,236.87000000,1
1531228077507,1531228077504,251234,0.00020730,33.71000000,1
1531228088068,1531228088063,251235,0.00020730,134.21000000,1
1531228114665,1531228114662,251236,0.00020740,109.10000000,0
1531228117481,1531228117476,251237,0.00020740,100.90000000,0
1531228119672,1531228119667,251238,0.00020730,267.27000000,1
1531228119681,1531228119678,251239,0.00020730,117.61000000,0
1531228119694,1531228119690,251240,0.00020730,267.26000000,1
1531228130849,1531228130843,251241,0.00020730,421.10000000,1
1531228130858,1531228130856,251242,0.00020730,78.28000000,0
1531228130877,1531228130874,251243,0.00020730,146.71000000,1
1531228130898,1531228130893,251244,0.00020730,274.37000000,1
1531228164619,1531228164616,251245,0.00020740,1.91000000,0
1531228172344,1531228172340,251246,0.00020750,23.02000000,0
1531228173160,1531228173156,251247,0.00020760,124.87000000,0
1531228178312,1531228178309,251248,0.00020760,64.59000000,1
1531228197271,1531228197263,251249,0.00020790,0.04000000,0
1531228214437,1531228214433,251250,0.00020790,48.06000000,0
1531228229850,1531228229846,251251,0.00020820,55.60000000,0
1531228382772,1531228382764,251252,0.00020770,49.65000000,1
1531228402567,1531228402563,251253,0.00020820,5.73000000,0
1531228460257,1531228460253,251254,0.00020750,3.31000000,1
1531228497883,1531228497879,251255,0.00020820,5.73000000,0
1531228503065,1531228503061,251256,0.00020750,8.00000000,1
1531228523274,1531228523269,251257,0.00020780,11.16000000,1
1531228551924,1531228551920,251258,0.00020780,200.65000000,1
1531228577561,1531228577556,251259,0.00020820,12.03000000,0
1531228589153,1531228589149,251260,0.00020810,10.00000000,1
1531228626131,1531228626126,251261,0.00020810,59.65000000,0
1531228677474,1531228677471,251262,0.00020810,1.07000000,1
1531228822604,1531228822600,251263,0.00020810,45.47000000,1
1531228828495,1531228828490,251264,0.00020820,43.68000000,0
1531228838356,1531228838352,251265,0.00020820,115.25000000,1
1531228838381,1531228838377,251266,0.00020820,50.21000000,1
1531228841558,1531228841554,251267,0.00020840,83.53000000,0
1531228844872,1531228844868,251268,0.00020850,70.24000000,0
1531228851028,1531228851024,251269,0.00020870,15.35000000,0
1531228851028,1531228851024,251270,0.00020880,52.68000000,0
1531228853559,1531228853556,251271,0.00020900,79.03000000,0
1531228859554,1531228859550,251272,0.00020920,79.03000000,0
1531228909998,1531228909992,251273,0.00021000,11.16000000,0
1531228909998,1531228909992,251274,0.00021010,18.42000000,0
1531228909998,1531228909992,251275,0.00021020,65.65000000,0
1531228909998,1531228909992,251276,0.00021030,62.12000000,0
1531228909998,1531228909992,251277,0.00021060,62.53000000,0
1531228909998,1531228909992,251278,0.00021070,19.11000000,0
1531228909998,1531228909992,251279,0.00021120,242.65000000,0
1531228921646,1531228921642,251280,0.00021030,31.01000000,1
1531228936948,1531228936944,251281,0.00021140,28.98000000,0
1531228936948,1531228936944,251282,0.00021160,22.10000000,0
1531228936948,1531228936944,251283,0.00021180,343.09000000,0
1531228946930,1531228946925,251284,0.00021110,72.78000000,1
1531228947555,1531228947550,251285,0.00021220,4.72000000,0
1531228947555,1531228947550,251286,0.00021280,276.63000000,0
1531228949891,1531228949886,251287,0.00021270,1.41000000,0
1531228970741,1531228970737,251288,0.00021210,35.10000000,1
1531228970858,1531228970852,251289,0.00021210,50.77000000,1
1531228970858,1531228970852,251290,0.00021200,10.00000000,1
1531228970858,1531228970852,251291,0.00021160,25.10000000,1
1531228975137,1531228975133,251292,0.00021170,29.21000000,1
1531228986438,1531228986434,251293,0.00021310,9.48000000,0
1531228989404,1531228989398,251294,0.00021310,31.00000000,0
1531229002060,1531229002053,251295,0.00021200,19.63000000,1
1531229002060,1531229002053,251296,0.00021190,1.97000000,1
1531229002552,1531229002546,251297,0.00021190,286.93000000,1
1531229002568,1531229002564,251298,0.00021190,105.09000000,1
1531229046682,1531229046678,251299,0.00021250,189.62000000,0
1531229046692,1531229046686,251300,0.00021210,160.68000000,1
1531229078565,1531229078560,251301,0.00021210,135.56000000,1
1531229078586,1531229078582,251302,0.00021210,246.12000000,1
1531229096399,1531229096395,251303,0.00021260,662.50000000,0
1531229096408,1531229096407,251304,0.00021240,260.81000000,1
1531229116024,1531229116021,251305,0.00021250,200.00000000,1
1531229121319,1531229121315,251306,0.00021260,40.39000000,1
1531229143561,1531229143557,251307,0.00021250,0.38000000,1
1531229166960,1531229166955,251308,0.00021300,612.40000000,0
1531229166969,1531229166964,251309,0.00021280,235.53000000,1
1531229198663,1531229198658,251310,0.00021280,368.03000000,1
1531229198663,1531229198658,251311,0.00021270,82.68000000,1
1531229198663,1531229198658,251312,0.00021170,166.47000000,1
1531229242201,1531229242195,251313,0.00021230,296.49000000,1
1531229242218,1531229242213,251314,0.00021230,276.36000000,1
1531229286297,1531229286292,251315,0.00021290,11.90000000,0
1531229287295,1531229287289,251316,0.00021290,67.82000000,0
1531229287957,1531229287953,251317,0.00021290,0.01000000,0
1531229287957,1531229287953,251318,0.00021300,11.89000000,0
1531229290088,1531229290084,251319,0.00021300,11.90000000,0
1531229292226,1531229292223,251320,0.00021300,11.90000000,0
1531229293868,1531229293864,251321,0.00021300,11.90000000,0
1531229295539,1531229295535,251322,0.00021300,11.90000000,0
1531229297194,1531229297190,251323,0.00021290,11.90000000,0
1531229297584,1531229297581,251324,0.00021290,35.31000000,0
1531229303179,1531229303173,251325,0.00021290,96.32000000,0
1531229315329,1531229315325,251326,0.00021300,131.43000000,0
1531229336944,1531229336939,251327,0.00021310,33.53000000,1
1531229336961,1531229336957,251328,0.00021310,18.12000000,0
1531229336980,1531229336975,251329,0.00021310,33.53000000,1
1531229353201,1531229353197,251330,0.00021310,168.84000000,1
1531229395546,1531229395542,251331,0.00021310,168.46000000,1
1531229395567,1531229395563,251332,0.00021310,42.75000000,1
1531229395587,1531229395584,251333,0.00021310,145.21000000,1
1531229400883,1531229400879,251334,0.00021320,26.52000000,0
1531229400883,1531229400879,251335,0.00021330,11.46000000,0
1531229421148,1531229421145,251336,0.00021340,58.46000000,0
1531229421148,1531229421145,251337,0.00021350,789.97000000,0
1531229439898,1531229439894,251338,0.00021360,299.00000000,1
1531229439916,1531229439912,251339,0.00021360,169.06000000,1
1531229466098,1531229466095,251340,0.00021380,100.00000000,1
1531229467219,1531229467216,251341,0.00021390,528.31000000,0
1531229467226,1531229467224,251342,0.00021380,270.93000000,1
1531229467240,1531229467235,251343,0.00021380,80.93000000,1
1531229473038,1531229473033,251344,0.00021380,100.00000000,0
1531229511376,1531229511371,251345,0.00021390,19.50000000,1
1531229514129,1531229514124,251346,0.00021390,11.70000000,1
1531229527474,1531229527469,251347,0.00021390,1.41000000,1
1531229543724,1531229543721,251348,0.00021400,19.35000000,0
1531229580308,1531229580303,251349,0.00021390,32.15000000,1
1531229583147,1531229583142,251350,0.00021260,40.24000000,1
1531229583147,1531229583142,251351,0.00021240,8.42000000,1
1531229590222,1531229590217,251352,0.00021220,48.30000000,1
1531229696281,1531229696277,251353,0.00021290,623.40000000,0
1531229696293,1531229696288,251354,0.00021370,236.12000000,0
1531229713184,1531229713179,251355,0.00021240,30.35000000,1
1531229713184,1531229713179,251356,0.00021210,0.65000000,1
1531229889890,1531229889885,251357,0.00021210,80.00000000,0
1531230075126,1531230075121,251358,0.00021280,24.78000000,0
1531230075147,1531230075142,251359,0.00021260,24.78000000,1
1531230075888,1531230075882,251360,0.00021310,10.50000000,0
1531230081171,1531230081164,251361,0.00021300,34.74000000,0
1531230083487,1531230083482,251362,0.00021250,289.53000000,0
1531230083497,1531230083493,251363,0.00021300,149.61000000,0
1531230118318,1531230118313,251364,0.00021300,4.39000000,1
1531230142340,1531230142336,251365,0.00021220,19.64000000,1
1531230142362,1531230142357,251366,0.00021220,266.11000000,1
1531230142373,1531230142370,251367,0.00021300,149.61000000,0
1531230176184,1531230176180,251368,0.00021300,4.39000000,1
1531230176196,1531230176192,251369,0.00021300,656.38000000,0
1531230176214,1531230176210,251370,0.00021300,4.39000000,1
1531230238690,1531230238684,251371,0.00021220,57.64000000,1
1531230279808,1531230279804,251372,0.00021230,140.59000000,1
1531230283959,1531230283954,251373,0.00021220,0.64000000,1
1531230318059,1531230318056,251374,0.00021230,408.37000000,0
1531230318078,1531230318073,251375,0.00021210,265.26000000,1
1531230318106,1531230318101,251376,0.00021210,279.69000000,1
1531230330431,1531230330426,251377,0.00021210,15.49000000,1
1531230330431,1531230330426,251378,0.00021200,19.53000000,1
1531230340498,1531230340495,251379,0.00021160,48.40000000,1
1531230341193,1531230341189,251380,0.00021160,48.40000000,1
1531230356173,1531230356168,251381,0.00021170,12.65000000,1
1531230356196,1531230356192,251382,0.00021170,240.37000000,1
1531230368157,1531230368152,251383,0.00021170,186.71000000,1
1531230368174,1531230368171,251384,0.00021170,82.90000000,1
1531230429872,1531230429868,251385,0.00021330,239.03000000,0
1531230429883,1531230429879,251386,0.00021380,66.75000000,0
1531230429908,1531230429903,251387,0.00021380,85.37000000,0
1531230455515,1531230455511,251388,0.00021290,16.13000000,1
1531230512550,1531230512546,251389,0.00021230,64.59000000,1
1531230575036,1531230575031,251390,0.00021230,117.84000000,1
1531230656794,1531230656789,251391,0.00021340,70.37000000,0
1531230656812,1531230656807,251392,0.00021340,239.87000000,0
1531230717210,1531230717205,251393,0.00021300,331.69000000,0
1531230717229,1531230717225,251394,0.00021340,129.56000000,0
1531230747071,1531230747068,251395,0.00021300,409.67000000,0
1531230747080,1531230747074,251396,0.00021340,246.78000000,0
1531230833996,1531230833991,251397,0.00021340,266.87000000,0
1531230834024,1531230834020,251398,0.00021340,174.84000000,0
1531230860160,1531230860156,251399,0.00021260,39.75000000,1
1531230900501,1531230900497,251400,0.00021290,200.43000000,0
1531230900519,1531230900514,251401,0.00021340,150.15000000,0
1531230900545,1531230900540,251402,0.00021340,98.25000000,0
1531230965320,1531230965316,251403,0.00021340,61.39000000,0
1531231000012,1531231000008,251404,0.00021300,146.83000000,0
1531231000022,1531231000018,251405,0.00021260,57.82000000,1
1531231019603,1531231019598,251406,0.00021350,37.81000000,0
1531231028404,1531231028399,251407,0.00021380,46.10000000,1
1531231045996,1531231045992,251408,0.00021370,448.54000000,1
1531231047907,1531231047902,251409,0.00021360,4.73000000,1
1531231058455,1531231058452,251410,0.00021280,32.50000000,1
1531231092024,1531231092021,251411,0.00021270,311.84000000,0
1531231092046,1531231092041,251412,0.00021260,108.29000000,1
1531231102242,1531231102239,251413,0.00021270,46.61000000,0
1531231102252,1531231102248,251414,0.00021260,43.96000000,1
1531231134324,1531231134319,251415,0.00021260,244.81000000,1
1531231134336,1531231134333,251416,0.00021260,179.53000000,1
1531231145981,1531231145977,251417,0.00021270,436.58000000,0
1531231145995,1531231145992,251418,0.00021260,291.06000000,1
1531231154092,1531231154088,251419,0.00021270,194.09000000,0
1531231154103,1531231154099,251420,0.00021270,36.50000000,0
1531231195821,1531231195817,251421,0.00021270,385.27000000,0
1531231195840,1531231195836,251422,0.00021260,211.68000000,1
1531231213503,1531231213498,251423,0.00021270,97.25000000,0
1531231227074,1531231227070,251424,0.00021280,33.21000000,0
1531231227405,1531231227401,251425,0.00021280,4.75000000,0
1531231227507,1531231227503,251426,0.00021280,4.75000000,0
1531231227783,1531231227778,251427,0.00021280,23.73000000,0
1531231227888,1531231227883,251428,0.00021280,4.75000000,0
1531231228500,1531231228495,251429,0.00021280,4.75000000,0
1531231228947,1531231228941,251430,0.00021280,4.75000000,0
1531231239015,1531231239011,251431,0.00021260,24.17000000,1
1531231250365,1531231250362,251432,0.00021270,703.78000000,0
1531231250377,1531231250372,251433,0.00021260,247.81000000,1
1531231258342,1531231258337,251434,0.00021250,4.71000000,1
1531231263729,1531231263725,251435,0.00021220,4.72000000,1
1531231264636,1531231264633,251436,0.00021210,11.40000000,1
1531231275499,1531231275495,251437,0.00021210,413.05000000,1
1531231275815,1531231275812,251438,0.00021210,150.00000000,0
1531231275848,1531231275845,251439,0.00021210,35.10000000,0
1531231275962,1531231275958,251440,0.00021210,27.92000000,0
1531231279324,1531231279317,251441,0.00021200,36.86000000,1
1531231283117,1531231283112,251442,0.00021210,274.62000000,0
1531231283144,1531231283140,251443,0.00021210,223.59000000,0
1531231328886,1531231328882,251444,0.00021200,50.20000000,1
1531231337846,1531231337840,251445,0.00021190,33.90000000,0
1531231341749,1531231341745,251446,0.00021190,55.50000000,0
1531231354019,1531231354014,251447,0.00021190,33.90000000,1
1531231372447,1531231372441,251448,0.00021170,12.50000000,1
1531231403389,1531231403385,251449,0.00021180,282.81000000,0
1531231403409,1531231403403,251450,0.00021170,35.28000000,1
1531231403428,1531231403425,251451,0.00021170,125.15000000,1
1531231415789,1531231415784,251452,0.00021180,77.97000000,0
1531231415808,1531231415803,251453,0.00021170,72.20000000,1
1531231436694,1531231436689,251454,0.00021170,58.57000000,1
1531231461961,1531231461951,251455,0.00021190,21.04000000,0
1531231461961,1531231461951,251456,0.00021200,435.66000000,0
1531231461961,1531231461951,251457,0.00021220,4.46000000,0
1531231461961,1531231461951,251458,0.00021240,36.86000000,0
1531231461961,1531231461951,251459,0.00021280,418.81000000,0
1531231461961,1531231461951,251460,0.00021330,9.44000000,0
1531231461961,1531231461951,251461,0.00021360,70.96000000,0
1531231461961,1531231461951,251462,0.00021370,51.46000000,0
1531231461961,1531231461951,251463,0.00021390,9.45000000,0
1531231461961,1531231461951,251464,0.00021400,81.94000000,0
1531231461961,1531231461951,251465,0.00021440,9.48000000,0
1531231461961,1531231461951,251466,0.00021450,214.61000000,0
1531231461961,1531231461951,251467,0.00021470,939.24000000,0
1531231461961,1531231461951,251468,0.00021480,1337.00000000,0
1531231461961,1531231461951,251469,0.00021490,631.82000000,0
1531231461961,1531231461951,251470,0.00021500,1272.52000000,0
1531231461983,1531231461979,251471,0.00021500,1160.20000000,1
1531231461988,1531231461983,251472,0.00021500,49.90000000,1
1531231461993,1531231461988,251473,0.00021500,49.89000000,1
1531231462005,1531231462003,251474,0.00021500,36.38000000,1
1531231462009,1531231462005,251475,0.00021500,38.47000000,1
1531231462024,1531231462019,251476,0.00021500,1501.00000000,1
1531231462041,1531231462036,251477,0.00021510,234.55000000,0
1531231462041,1531231462036,251478,0.00021530,20.00000000,0
1531231462041,1531231462036,251479,0.00021600,400.00000000,0
1531231462041,1531231462036,251480,0.00021670,38.18000000,0
1531231462041,1531231462036,251481,0.00021680,24.67000000,0
1531231462395,1531231462391,251482,0.00021510,5.57000000,0
1531231462481,1531231462477,251483,0.00021500,3383.49000000,1
1531231462484,1531231462483,251484,0.00021500,373.52000000,1
1531231462771,1531231462767,251485,0.00021500,494.80000000,1
1531231462923,1531231462918,251486,0.00021400,29.30000000,1
1531231462935,1531231462932,251487,0.00021380,5.80000000,0
1531231463171,1531231463165,251488,0.00021410,124.30000000,1
1531231463171,1531231463165,251489,0.00021400,3.53000000,1
1531231463198,1531231463194,251490,0.00021390,22.17000000,0
1531231463245,1531231463240,251491,0.00021500,186.04000000,0
1531231463601,1531231463597,251492,0.00021400,9.33000000,1
1531231463614,1531231463609,251493,0.00021390,114.97000000,0
1531231476561,1531231476556,251494,0.00021420,18.62000000,1
1531231476561,1531231476556,251495,0.00021410,31.29000000,1
1531231489889,1531231489888,251496,0.00021460,9.41000000,0
1531231489918,1531231489913,251497,0.00021460,4.71000000,0
1531231490146,1531231490141,251498,0.00021460,32.93000000,0
1531231490393,1531231490387,251499,0.00021460,4.71000000,0
1531231490524,1531231490520,251500,0.00021460,23.53000000,0
1531231490598,1531231490594,251501,0.00021460,4.71000000,0
1531231500339,1531231500335,251502,0.00021460,75.59000000,0
1531231500339,1531231500335,251503,0.00021470,49.59000000,0
1531231500339,1531231500335,251504,0.00021500,136.82000000,0
1531231506509,1531231506505,251505,0.00021390,79.92000000,1
1531231506509,1531231506505,251506,0.00021380,117.36000000,1
1531231506509,1531231506505,251507,0.00021370,64.83000000,1
1531231509629,1531231509625,251508,0.00021480,1.00000000,0
1531231524923,1531231524919,251509,0.00021480,18.50000000,0
1531231540642,1531231540638,251510,0.00021480,4.70000000,0
1531231551191,1531231551185,251511,0.00021470,9.42000000,1
1531231573824,1531231573819,251512,0.00021420,96.79000000,1
1531231573846,1531231573842,251513,0.00021420,141.28000000,1
1531231582637,1531231582633,251514,0.00021420,144.03000000,1
1531231582655,1531231582651,251515,0.00021420,66.23000000,0
1531231582671,1531231582667,251516,0.00021420,144.03000000,1
1531231601571,1531231601567,251517,0.00021410,4.68000000,1
1531231608667,1531231608664,251518,0.00021330,243.78000000,1
1531231612451,1531231612447,251519,0.00021390,9.44000000,0
1531231621425,1531231621421,251520,0.00021360,67.35000000,0
1531231621425,1531231621421,251521,0.00021370,155.35000000,0
1531231621425,1531231621421,251522,0.00021380,234.00000000,0
1531231659633,1531231659627,251523,0.00021330,4.69000000,1
1531231662529,1531231662524,251524,0.00021320,9.33000000,1
1531231664472,1531231664467,251525,0.00021320,49.86000000,1
1531231666136,1531231666133,251526,0.00021320,16.90000000,1
1531231666964,1531231666958,251527,0.00021320,19.51000000,1
1531231666964,1531231666958,251528,0.00021310,4.70000000,1
1531231666964,1531231666958,251529,0.00021300,60.32000000,1
1531231667828,1531231667825,251530,0.00021320,16.90000000,1
1531231667855,1531231667850,251531,0.00021320,28.87000000,1
1531231667855,1531231667850,251532,0.00021300,24.21000000,1
1531231667855,1531231667850,251533,0.00021250,27.20000000,1
1531231673112,1531231673108,251534,0.00021290,23.46000000,0
1531231762104,1531231762102,251535,0.00021250,105.54000000,0
1531231762123,1531231762119,251536,0.00021240,88.68000000,1
1531231762152,1531231762147,251537,0.00021240,65.15000000,1
1531231794824,1531231794820,251538,0.00021230,14.15000000,1
1531231794824,1531231794820,251539,0.00021160,5.36000000,1
1531231803198,1531231803194,251540,0.00021170,14.37000000,0
1531231804130,1531231804125,251541,0.00021160,22.63000000,1
1531231804130,1531231804125,251542,0.00021140,6.67000000,1
1531231805023,1531231805017,251543,0.00021170,18.80000000,1
1531231818184,1531231818179,251544,0.00021260,16.01000000,0
1531231849140,1531231849135,251545,0.00021190,19.67000000,0
1531231849157,1531231849153,251546,0.00021190,214.31000000,0
1531231851720,1531231851715,251547,0.00021200,4.77000000,0
1531231852304,1531231852300,251548,0.00021200,4.77000000,0
1531231864653,1531231864648,251549,0.00021190,99.81000000,0
1531231915296,1531231915292,251550,0.00021190,292.11000000,0
1531231942495,1531231942490,251551,0.00021190,251.21000000,0
1531231966103,1531231966099,251552,0.00021140,0.50000000,1
1531231985547,1531231985542,251553,0.00021190,145.84000000,0
1531232010067,1531232010062,251554,0.00021170,271.48000000,0
1531232010077,1531232010072,251555,0.00021150,134.40000000,1
1531232059283,1531232059279,251556,0.00021150,47.25000000,1
1531232074187,1531232074181,251557,0.00021140,16.51000000,1
1531232074187,1531232074181,251558,0.00021110,58.32000000,1
1531232074187,1531232074181,251559,0.00021100,73.34000000,1
1531232087102,1531232087098,251560,0.00021110,2.79000000,1
1531232091784,1531232091780,251561,0.00021110,74.18000000,1
1531232112967,1531232112962,251562,0.00021250,1.00000000,0
1531232131705,1531232131700,251563,0.00021240,232.31000000,0
1531232132333,1531232132328,251564,0.00021250,1.00000000,0
1531232134539,1531232134535,251565,0.00021250,7.48000000,0
1531232139994,1531232139988,251566,0.00021280,0.88000000,0
1531232153742,1531232153738,251567,0.00021280,1.00000000,0
1531232156615,1531232156612,251568,0.00021100,2.21000000,1
1531232159620,1531232159615,251569,0.00021280,0.84000000,0
1531232169604,1531232169599,251570,0.00021320,0.72000000,0
1531232170609,1531232170604,251571,0.00021320,84.81000000,0
1531232170609,1531232170604,251572,0.00021330,352.19000000,0
1531232177861,1531232177857,251573,0.00021340,150.00000000,1
1531232178031,1531232178025,251574,0.00021340,12.16000000,1
1531232178031,1531232178025,251575,0.00021330,4.74000000,1
1531232178031,1531232178025,251576,0.00021200,18.20000000,1
1531232220458,1531232220453,251577,0.00021270,0.19000000,1
1531232242756,1531232242752,251578,0.00021310,17.20000000,0
1531232253934,1531232253928,251579,0.00021270,4.52000000,1
1531232253934,1531232253928,251580,0.00021190,80.51000000,1
1531232253934,1531232253928,251581,0.00021180,27.11000000,1
1531232253962,1531232253956,251582,0.00021120,37.82000000,1
1531232253962,1531232253956,251583,0.00021110,66.01000000,1
1531232253962,1531232253956,251584,0.00021100,7.96000000,1
1531232253997,1531232253992,251585,0.00021100,11.83000000,1
1531232257158,1531232257153,251586,0.00021110,83.52000000,1
1531232257354,1531232257350,251587,0.00021110,112.13000000,1
1531232257461,1531232257455,251588,0.00021110,0.01000000,1
1531232259035,1531232259031,251589,0.00021120,523.45000000,0
1531232259045,1531232259040,251590,0.00021110,71.40000000,1
1531232267975,1531232267970,251591,0.00021110,4.72000000,0
1531232275928,1531232275922,251592,0.00021100,162.34000000,1
1531232275928,1531232275922,251593,0.00021070,6.17000000,1
1531232275928,1531232275922,251594,0.00021030,59.58000000,1
1531232276369,1531232276366,251595,0.00021110,190.94000000,0
1531232306135,1531232306131,251596,0.00021120,8.77000000,1
1531232313062,1531232313060,251597,0.00021120,17.85000000,1
1531232366073,1531232366069,251598,0.00021120,4.09000000,0
1531232395127,1531232395123,251599,0.00021110,27.25000000,0
1531232449499,1531232449495,251600,0.00021100,146.74000000,1
1531232449522,1531232449521,251601,0.00021110,89.48000000,0
1531232474188,1531232474183,251602,0.00021110,8.44000000,0
1531232477736,1531232477733,251603,0.00021110,67.98000000,0
1531232483075,1531232483072,251604,0.00021130,187.15000000,0
1531232483095,1531232483093,251605,0.00021130,169.50000000,0
1531232489493,1531232489489,251606,0.00021140,14.19000000,0
1531232517368,1531232517365,251607,0.00021140,241.93000000,0
1531232533270,1531232533266,251608,0.00021120,355.27000000,0
1531232533284,1531232533279,251609,0.00021140,81.34000000,0
1531232533299,1531232533295,251610,0.00021140,191.00000000,0
1531232575823,1531232575819,251611,0.00021120,14.16000000,0
1531232575833,1531232575828,251612,0.00021140,12.00000000,0
1531232582818,1531232582815,251613,0.00021140,204.71000000,0
1531232582842,1531232582838,251614,0.00021140,82.12000000,0
1531232602834,1531232602829,251615,0.00021150,60.01000000,0
1531232603737,1531232603735,251616,0.00021150,6.00000000,0
1531232613829,1531232613825,251617,0.00021270,6.08000000,0
1531232618863,1531232618859,251618,0.00021260,40.06000000,0
1531232619833,1531232619830,251619,0.00021210,419.62000000,0
1531232619847,1531232619845,251620,0.00021260,127.78000000,0
1531232630517,1531232630513,251621,0.00021270,40.98000000,0
1531232650492,1531232650488,251622,0.00021260,18.30000000,1
1531232655713,1531232655709,251623,0.00021260,21.76000000,1
1531232655725,1531232655721,251624,0.00021260,451.64000000,0
1531232655739,1531232655735,251625,0.00021260,21.76000000,1
1531232681812,1531232681808,251626,0.00021260,4.75000000,0
1531232682700,1531232682696,251627,0.00021260,141.33000000,0
1531232696642,1531232696637,251628,0.00021220,431.48000000,0
1531232696654,1531232696650,251629,0.00021260,201.62000000,0
1531232714533,1531232714529,251630,0.00021220,392.08000000,0
1531232714550,1531232714545,251631,0.00021260,108.40000000,0
1531232714568,1531232714564,251632,0.00021260,292.61000000,0
1531232726919,1531232726913,251633,0.00021270,0.10000000,0
1531232738671,1531232738666,251634,0.00021230,610.19000000,0
1531232738690,1531232738686,251635,0.00021260,204.75000000,0
1531232738710,1531232738705,251636,0.00021260,285.12000000,0
1531232745714,1531232745710,251637,0.00021240,57.73000000,0
1531232745725,1531232745721,251638,0.00021210,53.46000000,1
1531232778607,1531232778601,251639,0.00021200,8.44000000,1
1531232782505,1531232782502,251640,0.00021260,61.42000000,0
1531232782516,1531232782511,251641,0.00021260,280.31000000,0
1531232813026,1531232813022,251642,0.00021260,5.58000000,0
1531232843416,1531232843413,251643,0.00021240,774.56000000,0
1531232843424,1531232843419,251644,0.00021220,172.15000000,1
1531232843442,1531232843438,251645,0.00021220,276.62000000,1
1531232857723,1531232857719,251646,0.00021240,432.76000000,0
1531232857733,1531232857728,251647,0.00021260,196.71000000,0
1531232884968,1531232884965,251648,0.00021260,288.31000000,0
1531232884988,1531232884984,251649,0.00021260,231.28000000,0
1531232889673,1531232889669,251650,0.00021260,82.08000000,1
1531232901844,1531232901840,251651,0.00021270,2.90000000,0
1531232901844,1531232901840,251652,0.00021300,6.22000000,0
1531232920292,1531232920289,251653,0.00021270,71.68000000,0
1531232920304,1531232920301,251654,0.00021240,41.67000000,1
1531232933775,1531232933771,251655,0.00021260,78.51000000,0
1531232933790,1531232933789,251656,0.00021290,60.39000000,0
1531232953270,1531232953265,251657,0.00021300,22.06000000,0
1531232953270,1531232953265,251658,0.00021310,13.94000000,0
1531232962372,1531232962368,251659,0.00021300,81.43000000,0
1531232971840,1531232971838,251660,0.00021280,247.63000000,0
1531232971850,1531232971847,251661,0.00021250,253.71000000,1
1531232971875,1531232971872,251662,0.00021250,84.23000000,1
1531232985286,1531232985279,251663,0.00021310,9.48000000,0
1531233021219,1531233021216,251664,0.00021300,146.84000000,0
1531233043445,1531233043442,251665,0.00021300,233.53000000,0
1531233043455,1531233043450,251666,0.00021300,284.49000000,0
1531233082502,1531233082497,251667,0.00021310,4.69000000,0
1531233082502,1531233082497,251668,0.00021320,9.57000000,0
1531233083489,1531233083486,251669,0.00021260,68.65000000,1
1531233083513,1531233083509,251670,0.00021260,80.70000000,1
1531233103999,1531233103995,251671,0.00021280,459.99000000,0
1531233104016,1531233104012,251672,0.00021310,234.68000000,0
1531233125421,1531233125418,251673,0.00021290,259.95000000,0
1531233125435,1531233125432,251674,0.00021260,212.65000000,1
1531233125448,1531233125444,251675,0.00021260,127.43000000,1
1531233143459,1531233143455,251676,0.00021310,247.96000000,0
1531233198896,1531233198894,251677,0.00021270,187.87000000,0
1531233198906,1531233198903,251678,0.00021310,264.19000000,0
1531233198933,1531233198929,251679,0.00021310,123.59000000,0
1531233236288,1531233236285,251680,0.00021310,119.84000000,0
1531233236308,1531233236306,251681,0.00021310,191.65000000,0
1531233262266,1531233262262,251682,0.00021270,61.14000000,1
1531233267975,1531233267971,251683,0.00021270,138.51000000,1
1531233268007,1531233268004,251684,0.00021270,61.14000000,0
1531233295251,1531233295248,251685,0.00021300,472.14000000,0
1531233295260,1531233295256,251686,0.00021310,253.84000000,0
1531233308980,1531233308976,251687,0.00021310,373.52000000,0
1531233308997,1531233308993,251688,0.00021300,151.84000000,1
1531233324050,1531233324046,251689,0.00021320,10.87000000,0
1531233338742,1531233338738,251690,0.00021310,172.34000000,0
1531233338752,1531233338748,251691,0.00021310,22.48000000,0
1531233367819,1531233367816,251692,0.00021320,4.00000000,0
1531233367819,1531233367816,251693,0.00021330,0.74000000,0
1531233374155,1531233374132,251694,0.00021320,38.60000000,0
1531233374162,1531233374159,251695,0.00021320,149.75000000,0
1531233396129,1531233396126,251696,0.00021320,71.00000000,1
1531233436852,1531233436848,251697,0.00021320,195.62000000,0
1531233436867,1531233436864,251698,0.00021320,126.81000000,0
1531233450439,1531233450437,251699,0.00021320,55.44000000,1
1531233450498,1531233450494,251700,0.00021310,8.08000000,1
1531233450498,1531233450494,251701,0.00021300,47.36000000,1
1531233464034,1531233464030,251702,0.00021310,221.78000000,0
1531233469699,1531233469695,251703,0.00021310,4.74000000,0
1531233496077,1531233496074,251704,0.00021300,236.67000000,1
1531233496089,1531233496085,251705,0.00021300,477.24000000,0
1531233496106,1531233496102,251706,0.00021310,290.19000000,0
1531233498097,1531233498094,251707,0.00021300,76.87000000,1
1531233498470,1531233498466,251708,0.00021320,61.52000000,0
1531233513162,1531233513160,251709,0.00021330,27.62000000,0
1531233519882,1531233519878,251710,0.00021330,0.01000000,0
1531233521961,1531233521957,251711,0.00021340,35.21000000,0
1531233525258,1531233525255,251712,0.00021340,22.00000000,0
1531233532006,1531233532003,251713,0.00021330,244.01000000,0
1531233537657,1531233537653,251714,0.00021340,57.01000000,0
1531233537657,1531233537653,251715,0.00021360,349.75000000,0
1531233549815,1531233549812,251716,0.00021360,559.03000000,0
1531233561964,1531233561961,251717,0.00021300,68.12000000,1
1531233570110,1531233570107,251718,0.00021370,23.63000000,0
