event_time,trade_time,trade_id,price,quantity,maker
1531210423979,1531210423974,116725,0.00000167,36157.00000000,1
1531210440214,1531210440210,116726,0.00000167,21441.00000000,0
1531210465858,1531210465854,116727,0.00000167,244377.00000000,0
1531210468567,1531210468563,116728,0.00000167,187817.00000000,0
1531210485150,1531210485146,116729,0.00000167,3456.00000000,1
1531210498707,1531210498704,116730,0.00000168,149.00000000,0
1531210516459,1531210516455,116731,0.00000167,10258.00000000,1
1531210517535,1531210517531,116732,0.00000167,2968.00000000,0
1531210554736,1531210554730,116733,0.00000166,2005.00000000,1
1531210565212,1531210565205,116734,0.00000167,12214.00000000,0
1531210565212,1531210565205,116735,0.00000168,18592.00000000,0
1531210602505,1531210602500,116736,0.00000168,5952.00000000,0
1531210604731,1531210604728,116737,0.00000168,1190.00000000,0
1531210623571,1531210623566,116738,0.00000168,2977.00000000,0
1531210630971,1531210630966,116739,0.00000168,40050.00000000,0
1531210636126,1531210636122,116740,0.00000168,51.00000000,0
1531210641234,1531210641229,116741,0.00000167,20595.00000000,1
1531210661220,1531210661216,116742,0.00000168,50100.00000000,0
1531210690190,1531210690187,116743,0.00000168,5983.00000000,0
1531210710306,1531210710300,116744,0.00000167,49989.00000000,1
1531210714841,1531210714838,116745,0.00000167,30775.00000000,1
1531210805578,1531210805574,116746,0.00000167,3691.00000000,1
1531210811800,1531210811796,116747,0.00000167,96521.00000000,1
1531210853490,1531210853487,116748,0.00000167,1099.00000000,1
1531210855060,1531210855055,116749,0.00000167,67255.00000000,1
1531210858291,1531210858286,116750,0.00000167,80727.00000000,0
1531210860746,1531210860743,116751,0.00000167,15949.00000000,0
1531210878172,1531210878168,116752,0.00000167,11.00000000,0
1531210949378,1531210949373,116753,0.00000167,31.00000000,0
1531210952402,1531210952396,116754,0.00000167,1.00000000,0
1531210952556,1531210952552,116755,0.00000167,33112.00000000,0
1531210979243,1531210979240,116756,0.00000167,3433.00000000,0
1531210983290,1531210983285,116757,0.00000167,4532.00000000,0
1531210984060,1531210984055,116758,0.00000167,61351.00000000,0
1531210991427,1531210991423,116759,0.00000167,5590.00000000,0
1531211014543,1531211014538,116760,0.00000166,10926.00000000,1
1531211025567,1531211025562,116761,0.00000166,11957.00000000,1
1531211034464,1531211034459,116762,0.00000166,15088.00000000,1
1531211060030,1531211060024,116763,0.00000167,10.00000000,0
1531211063419,1531211063417,116764,0.00000167,4531.00000000,0
1531211064727,1531211064722,116765,0.00000167,113709.00000000,0
1531211101269,1531211101264,116766,0.00000167,8261.00000000,0
1531211143225,1531211143220,116767,0.00000167,757.00000000,0
1531211180067,1531211180061,116768,0.00000167,178.00000000,0
1531211183086,1531211183082,116769,0.00000167,1.00000000,0
1531211199729,1531211199725,116770,0.00000167,2625.00000000,0
1531211214232,1531211214228,116771,0.00000167,18172.00000000,0
1531211219348,1531211219345,116772,0.00000166,29928.00000000,1
1531211226799,1531211226796,116773,0.00000167,3.00000000,0
1531211236078,1531211236074,116774,0.00000167,21722.00000000,0
1531211241836,1531211241831,116775,0.00000167,19141.00000000,0
1531211271951,1531211271944,116776,0.00000167,720593.00000000,0
1531211320294,1531211320289,116777,0.00000167,43209.00000000,1
1531211338467,1531211338464,116778,0.00000167,3934.00000000,1
1531211377183,1531211377179,116779,0.00000168,30.00000000,0
1531211414751,1531211414747,116780,0.00000167,1551.00000000,1
1531211431784,1531211431779,116781,0.00000167,10000.00000000,1
1531211443716,1531211443713,116782,0.00000168,10.00000000,0
1531211475305,1531211475300,116783,0.00000168,22299.00000000,0
1531211487807,1531211487802,116784,0.00000168,5575.00000000,0
1531211489865,1531211489861,116785,0.00000168,1393.00000000,0
1531211524326,1531211524323,116786,0.00000168,82048.00000000,0
1531211531765,1531211531762,116787,0.00000168,20512.00000000,0
1531211533261,1531211533257,116788,0.00000167,57060.00000000,1
1531211537129,1531211537126,116789,0.00000168,5128.00000000,0
1531211540866,1531211540862,116790,0.00000168,1282.00000000,0
1531211552937,1531211552933,116791,0.00000168,1280.00000000,0
1531211566890,1531211566884,116792,0.00000167,8.00000000,1
1531211593408,1531211593402,116793,0.00000167,59111.00000000,1
1531211641837,1531211641832,116794,0.00000168,6398.00000000,0
1531211732839,1531211732833,116795,0.00000168,16874.00000000,0
1531211741168,1531211741163,116796,0.00000168,255028.00000000,0
1531211744226,1531211744221,116797,0.00000167,10789.00000000,1
1531211751667,1531211751662,116798,0.00000167,6246.00000000,1
1531211753961,1531211753957,116799,0.00000167,1565.00000000,1
1531211766918,1531211766914,116800,0.00000168,18446.00000000,0
1531211808669,1531211808666,116801,0.00000167,699.00000000,1
1531211808799,1531211808795,116802,0.00000167,9853.00000000,1
1531211815931,1531211815927,116803,0.00000167,156323.00000000,1
1531211880907,1531211880904,116804,0.00000167,9291.00000000,1
1531211916546,1531211916540,116805,0.00000167,468046.00000000,1
1531211928250,1531211928245,116806,0.00000167,5676.00000000,1
1531211985498,1531211985492,116807,0.00000167,41182.00000000,1
1531211985530,1531211985529,116808,0.00000167,36106.00000000,0
1531211985538,1531211985534,116809,0.00000167,4331.00000000,0
1531211985691,1531211985689,116810,0.00000167,13351.00000000,0
1531211986343,1531211986339,116811,0.00000167,22231.00000000,0
1531211988415,1531211988412,116812,0.00000167,13872.00000000,0
1531212031104,1531212031099,116813,0.00000166,9759.00000000,1
1531212053711,1531212053707,116814,0.00000167,270.00000000,0
1531212056736,1531212056731,116815,0.00000167,1.00000000,0
1531212056874,1531212056873,116816,0.00000167,5641.00000000,0
1531212101184,1531212101180,116817,0.00000167,18.00000000,0
1531212102920,1531212102910,116818,0.00000166,1565452.00000000,1
1531212112705,1531212112701,116819,0.00000166,5881.00000000,1
1531212123673,1531212123669,116820,0.00000166,6230.00000000,1
1531212131634,1531212131633,116821,0.00000166,15275.00000000,1
1531212133720,1531212133717,116822,0.00000166,43020.00000000,1
1531212138770,1531212138767,116823,0.00000166,24455.00000000,1
1531212141695,1531212141691,116824,0.00000166,23.00000000,1
1531212173257,1531212173252,116825,0.00000166,609.00000000,1
1531212173443,1531212173439,116826,0.00000166,609.00000000,1
1531212188099,1531212188095,116827,0.00000166,851.00000000,1
1531212213359,1531212213355,116828,0.00000167,9132.00000000,0
1531212253196,1531212253192,116829,0.00000167,5718.00000000,0
1531212261302,1531212261298,116830,0.00000167,5.00000000,0
1531212267864,1531212267861,116831,0.00000166,501.00000000,1
1531212288535,1531212288532,116832,0.00000166,3968.00000000,1
1531212309115,1531212309110,116833,0.00000167,453.00000000,0
1531212312130,1531212312126,116834,0.00000167,2.00000000,0
1531212359367,1531212359365,116835,0.00000167,4.00000000,0
1531212400767,1531212400762,116836,0.00000166,745.00000000,1
1531212404344,1531212404341,116837,0.00000167,10.00000000,0
1531212428699,1531212428696,116838,0.00000167,293600.00000000,0
1531212446763,1531212446758,116839,0.00000167,10100.00000000,0
1531212447020,1531212447016,116840,0.00000166,16533.00000000,1
1531212455262,1531212455259,116841,0.00000166,2622.00000000,1
1531212478670,1531212478661,116842,0.00000167,542901.00000000,0
1531212487767,1531212487763,116843,0.00000167,1997.00000000,1
1531212494731,1531212494723,116844,0.00000166,579398.00000000,1
1531212539024,1531212539019,116845,0.00000166,255028.00000000,1
1531212542728,1531212542723,116846,0.00000167,7.00000000,0
1531212549956,1531212549953,116847,0.00000167,1.00000000,0
1531212550112,1531212550109,116848,0.00000167,1.00000000,0
1531212550266,1531212550261,116849,0.00000167,1.00000000,0
1531212550831,1531212550826,116850,0.00000167,1.00000000,0
1531212551536,1531212551532,116851,0.00000167,1.00000000,0
1531212551717,1531212551714,116852,0.00000167,1.00000000,0
1531212552182,1531212552179,116853,0.00000167,11.00000000,0
1531212552637,1531212552632,116854,0.00000167,1.00000000,0
1531212553260,1531212553254,116855,0.00000167,1.00000000,0
1531212553470,1531212553465,116856,0.00000167,1.00000000,0
1531212556567,1531212556563,116857,0.00000167,1.00000000,0
1531212557794,1531212557789,116858,0.00000167,1.00000000,0
1531212557986,1531212557981,116859,0.00000167,1.00000000,0
1531212558373,1531212558369,116860,0.00000167,1.00000000,0
1531212559170,1531212559167,116861,0.00000167,1.00000000,0
1531212560055,1531212560050,116862,0.00000167,1.00000000,0
1531212561610,1531212561607,116863,0.00000167,1.00000000,0
1531212562603,1531212562600,116864,0.00000167,1.00000000,0
1531212564867,1531212564863,116865,0.00000167,1.00000000,0
1531212565786,1531212565782,116866,0.00000167,1.00000000,0
1531212566659,1531212566655,116867,0.00000167,1.00000000,0
1531212567270,1531212567265,116868,0.00000167,1.00000000,0
1531212567792,1531212567789,116869,0.00000167,1.00000000,0
1531212569014,1531212569011,116870,0.00000167,1.00000000,0
1531212569874,1531212569869,116871,0.00000167,1.00000000,0
1531212570850,1531212570847,116872,0.00000167,1.00000000,0
1531212571511,1531212571506,116873,0.00000167,1.00000000,0
1531212571647,1531212571644,116874,0.00000167,1.00000000,0
1531212572452,1531212572448,116875,0.00000167,1.00000000,0
1531212573241,1531212573238,116876,0.00000167,1.00000000,0
1531212573247,1531212573242,116877,0.00000167,1.00000000,0
1531212574164,1531212574161,116878,0.00000167,11.00000000,0
1531212574712,1531212574709,116879,0.00000167,1.00000000,0
1531212574831,1531212574826,116880,0.00000167,1.00000000,0
1531212575943,1531212575938,116881,0.00000167,1.00000000,0
1531212576032,1531212576028,116882,0.00000167,1.00000000,0
1531212590122,1531212590117,116883,0.00000166,130303.00000000,1
1531212609834,1531212609831,116884,0.00000167,1437.00000000,0
1531212631685,1531212631682,116885,0.00000166,290698.00000000,1
1531212641439,1531212641436,116886,0.00000167,1.00000000,0
1531212641698,1531212641695,116887,0.00000167,1.00000000,0
1531212642311,1531212642306,116888,0.00000167,11.00000000,0
1531212642644,1531212642639,116889,0.00000167,1.00000000,0
1531212643266,1531212643260,116890,0.00000167,1.00000000,0
1531212643782,1531212643777,116891,0.00000167,1.00000000,0
1531212644386,1531212644382,116892,0.00000167,1.00000000,0
1531212644572,1531212644566,116893,0.00000167,1.00000000,0
1531212645388,1531212645382,116894,0.00000167,1.00000000,0
1531212645897,1531212645894,116895,0.00000167,1.00000000,0
1531212646397,1531212646394,116896,0.00000167,1.00000000,0
1531212646909,1531212646904,116897,0.00000167,1.00000000,0
1531212647435,1531212647432,116898,0.00000167,1.00000000,0
1531212648117,1531212648112,116899,0.00000167,1.00000000,0
1531212648788,1531212648784,116900,0.00000167,1.00000000,0
1531212648965,1531212648961,116901,0.00000167,1.00000000,0
1531212649620,1531212649615,116902,0.00000167,1.00000000,0
1531212650171,1531212650168,116903,0.00000167,1.00000000,0
1531212650663,1531212650659,116904,0.00000167,1.00000000,0
1531212651264,1531212651259,116905,0.00000167,1.00000000,0
1531212651851,1531212651846,116906,0.00000167,1.00000000,0
1531212651955,1531212651950,116907,0.00000167,1.00000000,0
1531212652762,1531212652759,116908,0.00000167,1.00000000,0
1531212653585,1531212653582,116909,0.00000167,1.00000000,0
1531212653658,1531212653653,116910,0.00000167,1.00000000,0
1531212654341,1531212654337,116911,0.00000167,1.00000000,0
1531212654524,1531212654520,116912,0.00000167,1.00000000,0
1531212655366,1531212655363,116913,0.00000167,1.00000000,0
1531212655885,1531212655881,116914,0.00000167,1.00000000,0
1531212656506,1531212656503,116915,0.00000167,1.00000000,0
1531212657090,1531212657087,116916,0.00000167,1.00000000,0
1531212657638,1531212657634,116917,0.00000167,1.00000000,0
1531212658371,1531212658368,116918,0.00000167,1.00000000,0
1531212659011,1531212659007,116919,0.00000167,1.00000000,0
1531212659077,1531212659074,116920,0.00000167,1.00000000,0
1531212660126,1531212660123,116921,0.00000167,1.00000000,0
1531212660240,1531212660237,116922,0.00000167,1.00000000,0
1531212661039,1531212661034,116923,0.00000167,1.00000000,0
1531212661655,1531212661650,116924,0.00000167,1.00000000,0
1531212662230,1531212662226,116925,0.00000167,1.00000000,0
1531212663101,1531212663097,116926,0.00000167,1.00000000,0
1531212663714,1531212663709,116927,0.00000167,1.00000000,0
1531212664270,1531212664267,116928,0.00000167,1.00000000,0
1531212664763,1531212664759,116929,0.00000167,1.00000000,0
1531212665245,1531212665240,116930,0.00000167,1.00000000,0
1531212665926,1531212665921,116931,0.00000167,1.00000000,0
1531212666357,1531212666354,116932,0.00000167,1.00000000,0
1531212666389,1531212666386,116933,0.00000167,1.00000000,0
1531212667214,1531212667211,116934,0.00000167,1.00000000,0
1531212667840,1531212667836,116935,0.00000167,1.00000000,0
1531212668007,1531212668000,116936,0.00000167,80522.00000000,0
1531212668354,1531212668351,116937,0.00000167,1.00000000,0
1531212668946,1531212668941,116938,0.00000167,1.00000000,0
1531212669730,1531212669727,116939,0.00000167,1.00000000,0
1531212670294,1531212670293,116940,0.00000167,1.00000000,0
1531212670984,1531212670981,116941,0.00000167,1.00000000,0
1531212671854,1531212671851,116942,0.00000167,1.00000000,0
1531212672488,1531212672485,116943,0.00000167,1.00000000,0
1531212672634,1531212672630,116944,0.00000167,1.00000000,0
1531212673310,1531212673307,116945,0.00000167,1.00000000,0
1531212674058,1531212674054,116946,0.00000167,1.00000000,0
1531212674097,1531212674094,116947,0.00000167,1.00000000,0
1531212675133,1531212675129,116948,0.00000167,1.00000000,0
1531212675601,1531212675596,116949,0.00000167,1.00000000,0
1531212676409,1531212676404,116950,0.00000167,1.00000000,0
1531212676509,1531212676504,116951,0.00000167,1.00000000,0
1531212677323,1531212677320,116952,0.00000167,1.00000000,0
1531212678069,1531212678064,116953,0.00000167,1.00000000,0
1531212678234,1531212678231,116954,0.00000167,1.00000000,0
1531212679030,1531212679025,116955,0.00000167,1.00000000,0
1531212679566,1531212679562,116956,0.00000167,1.00000000,0
1531212680108,1531212680103,116957,0.00000167,1.00000000,0
1531212680622,1531212680617,116958,0.00000167,1.00000000,0
1531212681179,1531212681174,116959,0.00000167,1.00000000,0
1531212681785,1531212681781,116960,0.00000167,1.00000000,0
1531212682354,1531212682349,116961,0.00000167,1.00000000,0
1531212682669,1531212682665,116962,0.00000167,1.00000000,0
1531212683568,1531212683563,116963,0.00000167,1.00000000,0
1531212683737,1531212683732,116964,0.00000166,4484.00000000,1
1531212683747,1531212683743,116965,0.00000167,1.00000000,0
1531212684371,1531212684366,116966,0.00000167,1.00000000,0
1531212685018,1531212685015,116967,0.00000167,1.00000000,0
1531212685505,1531212685501,116968,0.00000167,1.00000000,0
1531212686190,1531212686187,116969,0.00000167,1.00000000,0
1531212686736,1531212686732,116970,0.00000167,1.00000000,0
1531212687030,1531212687025,116971,0.00000167,1.00000000,0
1531212687587,1531212687583,116972,0.00000167,11.00000000,0
1531212688157,1531212688153,116973,0.00000167,1.00000000,0
1531212688754,1531212688751,116974,0.00000167,1.00000000,0
1531212689496,1531212689493,116975,0.00000167,1.00000000,0
1531212689994,1531212689991,116976,0.00000167,1.00000000,0
1531212690162,1531212690156,116977,0.00000167,1.00000000,0
1531212690621,1531212690616,116978,0.00000167,1.00000000,0
1531212691276,1531212691273,116979,0.00000167,1.00000000,0
1531212691674,1531212691669,116980,0.00000167,1.00000000,0
1531212692531,1531212692527,116981,0.00000167,11.00000000,0
1531212692684,1531212692678,116982,0.00000167,1.00000000,0
1531212693452,1531212693448,116983,0.00000167,1.00000000,0
1531212694019,1531212694015,116984,0.00000167,1.00000000,0
1531212694574,1531212694571,116985,0.00000167,1.00000000,0
1531212695152,1531212695147,116986,0.00000167,1.00000000,0
1531212695824,1531212695821,116987,0.00000167,1.00000000,0
1531212696691,1531212696685,116988,0.00000167,1.00000000,0
1531212697168,1531212697164,116989,0.00000167,1.00000000,0
1531212697250,1531212697246,116990,0.00000167,1.00000000,0
1531212698155,1531212698150,116991,0.00000167,1.00000000,0
1531212711430,1531212711424,116992,0.00000167,141453.00000000,0
1531212717366,1531212717361,116993,0.00000166,190.00000000,1
1531212761837,1531212761833,116994,0.00000166,17942.00000000,1
1531212763936,1531212763931,116995,0.00000166,8252.00000000,1
1531212795379,1531212795373,116996,0.00000167,4.00000000,0
1531212805421,1531212805416,116997,0.00000167,4568.00000000,0
1531212806831,1531212806827,116998,0.00000167,194217.00000000,0
1531212807039,1531212807035,116999,0.00000167,5405.00000000,0
1531212807593,1531212807589,117000,0.00000167,29940.00000000,0
1531212808693,1531212808688,117001,0.00000167,1522.00000000,0
1531212825728,1531212825725,117002,0.00000167,91556.00000000,0
1531212827110,1531212827107,117003,0.00000167,17700.00000000,0
1531212834455,1531212834452,117004,0.00000167,115402.00000000,0
1531212835255,1531212835251,117005,0.00000167,76.00000000,0
1531212835886,1531212835880,117006,0.00000167,29940.00000000,0
1531212856897,1531212856892,117007,0.00000166,5713.00000000,1
1531212884668,1531212884662,117008,0.00000166,193775.00000000,1
1531212887724,1531212887718,117009,0.00000166,2228.00000000,1
1531212894966,1531212894962,117010,0.00000167,660.00000000,0
1531212903854,1531212903851,117011,0.00000167,5846.00000000,0
1531212924529,1531212924525,117012,0.00000166,346858.00000000,1
1531212934423,1531212934417,117013,0.00000167,59345.00000000,0
1531212934956,1531212934951,117014,0.00000167,126132.00000000,0
1531212936593,1531212936589,117015,0.00000167,6293.00000000,0
1531212937958,1531212937954,117016,0.00000167,29940.00000000,0
1531213004903,1531213004897,117017,0.00000167,200.00000000,0
1531213016603,1531213016597,117018,0.00000167,25144.00000000,0
1531213018586,1531213018581,117019,0.00000167,20205.00000000,0
1531213019355,1531213019351,117020,0.00000167,4796.00000000,0
1531213019430,1531213019424,117021,0.00000167,54329.00000000,0
1531213019631,1531213019627,117022,0.00000167,111.00000000,0
1531213022642,1531213022638,117023,0.00000167,1.00000000,0
1531213040139,1531213040136,117024,0.00000167,40426.00000000,0
1531213055843,1531213055839,117025,0.00000167,2.00000000,0
1531213121809,1531213121806,117026,0.00000167,81.00000000,0
1531213141946,1531213141942,117027,0.00000166,5846.00000000,1
1531213160312,1531213160307,117028,0.00000167,6125.00000000,0
1531213183618,1531213183613,117029,0.00000167,1.00000000,0
1531213208273,1531213208269,117030,0.00000167,11124.00000000,0
1531213218211,1531213218207,117031,0.00000167,114285.00000000,0
1531213238250,1531213238246,117032,0.00000167,42769.00000000,0
1531213238999,1531213238995,117033,0.00000167,24783.00000000,0
1531213239348,1531213239343,117034,0.00000167,29940.00000000,0
1531213262271,1531213262266,117035,0.00000166,14.00000000,1
1531213270258,1531213270252,117036,0.00000167,39042.00000000,0
1531213278584,1531213278581,117037,0.00000166,1450.00000000,1
1531213288306,1531213288302,117038,0.00000167,2660.00000000,0
1531213315511,1531213315506,117039,0.00000167,32096.00000000,0
1531213316188,1531213316183,117040,0.00000167,22775.00000000,0
1531213316188,1531213316183,117041,0.00000168,4505.00000000,0
1531213344096,1531213344091,117042,0.00000167,26613.00000000,1
1531213345736,1531213345732,117043,0.00000168,10758.00000000,0
1531213348527,1531213348522,117044,0.00000167,43239.00000000,1
1531213358971,1531213358968,117045,0.00000167,5549.00000000,0
1531213380683,1531213380680,117046,0.00000167,5811.00000000,0
1531213414133,1531213414128,117047,0.00000167,21.00000000,0
1531213421195,1531213421191,117048,0.00000167,19230.00000000,0
1531213421693,1531213421688,117049,0.00000167,2840.00000000,1
1531213425151,1531213425145,117050,0.00000167,3746.00000000,1
1531213428908,1531213428904,117051,0.00000168,7.00000000,0
1531213450288,1531213450284,117052,0.00000167,43294.00000000,1
1531213460010,1531213460006,117053,0.00000167,49.00000000,0
1531213461005,1531213461002,117054,0.00000167,11508.00000000,0
1531213482335,1531213482331,117055,0.00000167,20748.00000000,1
1531213548260,1531213548257,117056,0.00000167,4747.00000000,0
1531213550125,1531213550120,117057,0.00000166,3505.00000000,1
1531213550785,1531213550781,117058,0.00000166,3506.00000000,1
1531213552776,1531213552771,117059,0.00000166,3506.00000000,1
1531213556286,1531213556281,117060,0.00000166,3509.00000000,1
1531213556730,1531213556725,117061,0.00000166,3515.00000000,1
1531213565843,1531213565840,117062,0.00000167,1500.00000000,0
1531213570962,1531213570958,117063,0.00000166,5811.00000000,1
1531213625034,1531213625030,117064,0.00000167,52.00000000,0
1531213638711,1531213638706,117065,0.00000167,1012.00000000,0
1531213649311,1531213649307,117066,0.00000166,5001.00000000,1
1531213650812,1531213650806,117067,0.00000167,1.00000000,0
1531213725985,1531213725980,117068,0.00000167,238120.00000000,0
1531213755809,1531213755804,117069,0.00000166,35.00000000,1
1531213760020,1531213760017,117070,0.00000166,67881.00000000,1
1531213775998,1531213775993,117071,0.00000166,121606.00000000,1
1531213787809,1531213787806,117072,0.00000167,9069.00000000,0
1531213803100,1531213803097,117073,0.00000167,25000.00000000,0
1531213829584,1531213829580,117074,0.00000166,28648.00000000,1
1531213851636,1531213851631,117075,0.00000167,9.00000000,0
1531213883864,1531213883860,117076,0.00000166,118.00000000,1
1531213905526,1531213905523,117077,0.00000167,1.00000000,0
1531213915277,1531213915271,117078,0.00000167,604.00000000,0
1531213921683,1531213921679,117079,0.00000166,639.00000000,1
1531213937064,1531213937056,117080,0.00000166,487853.00000000,1
1531213937079,1531213937076,117081,0.00000166,39258.00000000,0
1531213937081,1531213937077,117082,0.00000166,39187.00000000,0
1531213937092,1531213937088,117083,0.00000166,4532.00000000,0
1531213938359,1531213938354,117084,0.00000166,2200.00000000,0
1531213939330,1531213939326,117085,0.00000165,2430.00000000,1
1531213939333,1531213939326,117086,0.00000165,80356.00000000,1
1531213939336,1531213939326,117087,0.00000165,346077.00000000,1
1531213939337,1531213939326,117088,0.00000165,113030.00000000,1
1531213939337,1531213939326,117089,0.00000165,12647.00000000,1
1531213939628,1531213939623,117090,0.00000165,2997.00000000,1
1531213939732,1531213939729,117091,0.00000165,760.00000000,1
1531213940720,1531213940716,117092,0.00000165,103.00000000,1
1531213943469,1531213943463,117093,0.00000165,1206.00000000,1
1531213947239,1531213947235,117094,0.00000165,2927.00000000,1
1531213948295,1531213948289,117095,0.00000166,1.00000000,0
1531213948337,1531213948333,117096,0.00000166,6835.00000000,0
1531213950142,1531213950138,117097,0.00000166,23629.00000000,0
1531213950244,1531213950238,117098,0.00000165,2924.00000000,1
1531213953015,1531213953011,117099,0.00000165,2388.00000000,1
1531213954659,1531213954655,117100,0.00000166,81.00000000,0
1531213957673,1531213957669,117101,0.00000166,1.00000000,0
1531213965676,1531213965673,117102,0.00000165,2135.00000000,1
1531213969274,1531213969270,117103,0.00000165,2325.00000000,1
1531213973242,1531213973238,117104,0.00000166,8149.00000000,0
1531213992067,1531213992060,117105,0.00000165,613.00000000,1
1531213993021,1531213993016,117106,0.00000165,2143.00000000,1
1531214008193,1531214008189,117107,0.00000165,1925.00000000,1
1531214009242,1531214009238,117108,0.00000166,350000.00000000,0
1531214015003,1531214014999,117109,0.00000166,30935.00000000,0
1531214064070,1531214064067,117110,0.00000167,65.00000000,0
1531214077498,1531214077495,117111,0.00000166,5157.00000000,1
1531214085312,1531214085309,117112,0.00000166,23707.00000000,0
1531214104210,1531214104206,117113,0.00000166,5811.00000000,0
1531214114296,1531214114293,117114,0.00000166,1190.00000000,0
1531214130996,1531214130991,117115,0.00000166,4140.00000000,0
1531214169282,1531214169278,117116,0.00000166,130.00000000,0
1531214172089,1531214172084,117117,0.00000166,40916.00000000,0
1531214172374,1531214172370,117118,0.00000166,1.00000000,0
1531214194255,1531214194250,117119,0.00000166,151555.00000000,0
1531214195213,1531214195207,117120,0.00000166,59880.00000000,0
1531214195213,1531214195210,117121,0.00000166,29897.00000000,0
1531214230197,1531214230191,117122,0.00000166,1432.00000000,0
1531214234647,1531214234643,117123,0.00000166,2620.00000000,0
1531214238821,1531214238816,117124,0.00000165,689193.00000000,1
1531214243056,1531214243050,117125,0.00000166,9426.00000000,0
1531214255269,1531214255266,117126,0.00000165,2449.00000000,1
1531214266568,1531214266563,117127,0.00000165,30356.00000000,1
1531214285082,1531214285076,117128,0.00000165,771972.00000000,1
1531214295415,1531214295411,117129,0.00000165,613.00000000,1
1531214296976,1531214296973,117130,0.00000165,9370.00000000,1
1531214300170,1531214300167,117131,0.00000165,1361.00000000,1
1531214315869,1531214315865,117132,0.00000165,1502.00000000,1
1531214327374,1531214327369,117133,0.00000166,173.00000000,0
1531214329508,1531214329503,117134,0.00000165,242371.00000000,1
1531214329519,1531214329514,117135,0.00000165,2499.00000000,0
1531214329558,1531214329555,117136,0.00000165,4532.00000000,0
1531214329562,1531214329558,117137,0.00000165,2499.00000000,0
1531214329690,1531214329685,117138,0.00000165,2511.00000000,0
1531214330160,1531214330156,117139,0.00000165,704.00000000,0
1531214330176,1531214330172,117140,0.00000165,50293.00000000,0
1531214330613,1531214330607,117141,0.00000165,2500.00000000,0
1531214330655,1531214330651,117142,0.00000164,1185.00000000,1
1531214330655,1531214330651,117143,0.00000164,30585.00000000,1
1531214330655,1531214330651,117144,0.00000164,3000.00000000,1
1531214330925,1531214330920,117145,0.00000165,50890.00000000,0
1531214332443,1531214332439,117146,0.00000165,14673.00000000,0
1531214332443,1531214332439,117147,0.00000166,31591.00000000,0
1531214332544,1531214332540,117148,0.00000164,3654.00000000,1
1531214332861,1531214332857,117149,0.00000164,1139.00000000,1
1531214333499,1531214333494,117150,0.00000164,103.00000000,1
1531214349102,1531214349098,117151,0.00000165,1918.00000000,1
1531214352405,1531214352402,117152,0.00000164,5000.00000000,1
1531214357273,1531214357270,117153,0.00000164,15295.00000000,1
1531214358112,1531214358108,117154,0.00000164,1190.00000000,1
1531214370642,1531214370639,117155,0.00000164,3768.00000000,1
1531214387127,1531214387123,117156,0.00000164,90271.00000000,1
1531214396694,1531214396691,117157,0.00000164,20157.00000000,1
1531214415362,1531214415359,117158,0.00000165,4868.00000000,0
1531214418748,1531214418744,117159,0.00000165,723.00000000,0
1531214419641,1531214419636,117160,0.00000165,10706.00000000,0
1531214419641,1531214419636,117161,0.00000166,723.00000000,0
1531214420466,1531214420458,117162,0.00000166,10706.00000000,0
1531214420915,1531214420912,117163,0.00000164,48971.00000000,1
1531214427374,1531214427369,117164,0.00000166,70.00000000,0
1531214436231,1531214436227,117165,0.00000166,1788.00000000,0
1531214444019,1531214444015,117166,0.00000166,70608.00000000,0
1531214444278,1531214444274,117167,0.00000166,1162.00000000,0
1531214448657,1531214448653,117168,0.00000164,11430.00000000,1
1531214459592,1531214459586,117169,0.00000166,2311.00000000,0
1531214459592,1531214459586,117170,0.00000166,6024.00000000,0
1531214470859,1531214470853,117171,0.00000165,2499.00000000,1
1531214477590,1531214477587,117172,0.00000166,9000.00000000,0
1531214478350,1531214478347,117173,0.00000166,26775.00000000,0
1531214483454,1531214483451,117174,0.00000165,415834.00000000,1
1531214483681,1531214483677,117175,0.00000165,434209.00000000,0
1531214483728,1531214483724,117176,0.00000165,105078.00000000,0
1531214483808,1531214483803,117177,0.00000165,31189.00000000,0
1531214483892,1531214483888,117178,0.00000165,32674.00000000,0
1531214484108,1531214484104,117179,0.00000165,26502.00000000,0
1531214484294,1531214484289,117180,0.00000165,20000.00000000,0
1531214484343,1531214484339,117181,0.00000165,22499.00000000,0
1531214484433,1531214484429,117182,0.00000165,19815.00000000,0
1531214484541,1531214484537,117183,0.00000165,26502.00000000,0
1531214486240,1531214486237,117184,0.00000165,3910.00000000,0
1531214487719,1531214487715,117185,0.00000165,32693.00000000,0
1531214488160,1531214488156,117186,0.00000165,30120.00000000,0
1531214488414,1531214488410,117187,0.00000165,18182.00000000,0
1531214488477,1531214488474,117188,0.00000165,2423.00000000,0
1531214489321,1531214489317,117189,0.00000165,16345.00000000,0
1531214489321,1531214489317,117190,0.00000166,82745.00000000,0
1531214489566,1531214489561,117191,0.00000166,32693.00000000,0
1531214490087,1531214490084,117192,0.00000166,2035.00000000,0
1531214491948,1531214491944,117193,0.00000166,4032.00000000,0
1531214500945,1531214500942,117194,0.00000165,55203.00000000,1
1531214501465,1531214501461,117195,0.00000165,60606.00000000,0
1531214501975,1531214501971,117196,0.00000165,73411.00000000,0
1531214502824,1531214502819,117197,0.00000166,132109.00000000,0
1531214502940,1531214502936,117198,0.00000166,71503.00000000,0
1531214503347,1531214503344,117199,0.00000166,20000.00000000,0
1531214509236,1531214509232,117200,0.00000165,20090.00000000,1
1531214509236,1531214509232,117201,0.00000164,74350.00000000,1
1531214509236,1531214509232,117202,0.00000164,690472.00000000,1
1531214509980,1531214509977,117203,0.00000165,60606.00000000,0
1531214510182,1531214510178,117204,0.00000165,5023.00000000,0
1531214510182,1531214510178,117205,0.00000166,14977.00000000,0
1531214512046,1531214512041,117206,0.00000165,1908.00000000,0
1531214512645,1531214512642,117207,0.00000166,1908.00000000,0
1531214520097,1531214520092,117208,0.00000166,101262.00000000,0
1531214553105,1531214553101,117209,0.00000166,20.00000000,0
1531214584983,1531214584978,117210,0.00000165,188482.00000000,1
1531214595766,1531214595763,117211,0.00000165,991.00000000,1
1531214615125,1531214615121,117212,0.00000166,3012.00000000,0
1531214615342,1531214615335,117213,0.00000166,99199.00000000,0
1531214616384,1531214616380,117214,0.00000166,87982.00000000,0
1531214621200,1531214621196,117215,0.00000165,20719.00000000,1
1531214638606,1531214638603,117216,0.00000165,613.00000000,1
1531214647214,1531214647211,117217,0.00000165,3.00000000,1
1531214647908,1531214647904,117218,0.00000165,21659.00000000,1
1531214652475,1531214652472,117219,0.00000165,11063.00000000,1
1531214660803,1531214660800,117220,0.00000166,3592.00000000,0
1531214692906,1531214692901,117221,0.00000166,38941.00000000,0
1531214729335,1531214729330,117222,0.00000166,2934.00000000,0
1531214758125,1531214758122,117223,0.00000165,2744.00000000,1
1531214768085,1531214768080,117224,0.00000165,26222.00000000,1
1531214771524,1531214771519,117225,0.00000166,700.00000000,0
1531214774416,1531214774413,117226,0.00000165,32.00000000,1
1531214811129,1531214811125,117227,0.00000165,24627.00000000,1
1531214819533,1531214819528,117228,0.00000166,2.00000000,0
1531214830193,1531214830190,117229,0.00000166,700.00000000,0
1531214849279,1531214849275,117230,0.00000166,12.00000000,0
1531214850567,1531214850563,117231,0.00000165,132125.00000000,1
1531214855943,1531214855940,117232,0.00000165,20905.00000000,1
1531214861427,1531214861422,117233,0.00000165,6433.00000000,1
1531214888767,1531214888764,117234,0.00000165,3558.00000000,1
1531214947531,1531214947526,117235,0.00000165,30078.00000000,1
1531214994050,1531214994045,117236,0.00000165,20906.00000000,1
1531215001330,1531215001325,117237,0.00000165,38902.00000000,1
1531215011787,1531215011781,117238,0.00000165,1609417.00000000,1
1531215012028,1531215012022,117239,0.00000165,41795.00000000,0
1531215036453,1531215036450,117240,0.00000165,12402.00000000,1
1531215057906,1531215057903,117241,0.00000165,4423.00000000,1
1531215078428,1531215078423,117242,0.00000165,4952.00000000,1
1531215082678,1531215082675,117243,0.00000165,5543.00000000,1
1531215092173,1531215092170,117244,0.00000165,7000.00000000,1
1531215093476,1531215093470,117245,0.00000165,38800.00000000,1
1531215093938,1531215093933,117246,0.00000165,60606.00000000,0
1531215094412,1531215094407,117247,0.00000165,2453.00000000,0
1531215095761,1531215095557,117248,0.00000165,2000.00000000,0
1531215095840,1531215095836,117249,0.00000165,10958.00000000,0
1531215097017,1531215097013,117250,0.00000166,74111.00000000,0
1531215110598,1531215110595,117251,0.00000166,64.00000000,0
1531215120004,1531215119999,117252,0.00000166,66.00000000,0
1531215144698,1531215144694,117253,0.00000166,23.00000000,0
1531215149631,1531215149626,117254,0.00000166,39.00000000,0
1531215162129,1531215162123,117255,0.00000165,2615.00000000,1
1531215163034,1531215163030,117256,0.00000165,4927.00000000,0
1531215185986,1531215185980,117257,0.00000165,6656.00000000,1
1531215188396,1531215188391,117258,0.00000165,4995.00000000,1
1531215294206,1531215294201,117259,0.00000165,2824.00000000,1
1531215369282,1531215369277,117260,0.00000165,251497.00000000,1
1531215383462,1531215383458,117261,0.00000166,74.00000000,0
1531215430473,1531215430470,117262,0.00000166,1600.00000000,0
1531215439028,1531215439023,117263,0.00000165,10758.00000000,1
1531215439028,1531215439023,117264,0.00000164,14249.00000000,1
1531215446470,1531215446465,117265,0.00000165,1901.00000000,0
1531215446701,1531215446696,117266,0.00000165,1355.00000000,0
1531215456684,1531215456679,117267,0.00000165,3024.00000000,1
1531215466654,1531215466650,117268,0.00000164,3012.00000000,1
1531215488573,1531215488568,117269,0.00000164,6094.00000000,1
1531215522878,1531215522875,117270,0.00000164,44935.00000000,1
1531215549234,1531215549231,117271,0.00000164,10349.00000000,1
1531215586736,1531215586733,117272,0.00000165,223618.00000000,0
1531215593153,1531215593150,117273,0.00000165,31109.00000000,0
1531215611649,1531215611646,117274,0.00000165,222021.00000000,0
1531215615269,1531215615258,117275,0.00000164,1462584.00000000,1
1531215615312,1531215615308,117276,0.00000164,150002.00000000,0
1531215615373,1531215615370,117277,0.00000164,2031.00000000,0
1531215615551,1531215615546,117278,0.00000164,14177.00000000,0
1531215615638,1531215615635,117279,0.00000164,40342.00000000,0
1531215616302,1531215616298,117280,0.00000165,149956.00000000,0
1531215616580,1531215616577,117281,0.00000165,56550.00000000,0
1531215617476,1531215617471,117282,0.00000164,393433.00000000,1
1531215618493,1531215618489,117283,0.00000164,6760.00000000,1
1531215618577,1531215618573,117284,0.00000165,54519.00000000,0
1531215620306,1531215620302,117285,0.00000164,109281.00000000,1
1531215620377,1531215620374,117286,0.00000164,1547.00000000,0
1531215620392,1531215620389,117287,0.00000164,1504.00000000,0
1531215620501,1531215620496,117288,0.00000164,34031.00000000,0
1531215620534,1531215620531,117289,0.00000164,3639.00000000,0
1531215623205,1531215623201,117290,0.00000164,1269.00000000,1
1531215625452,1531215625447,117291,0.00000165,2.00000000,0
1531215626370,1531215626366,117292,0.00000164,60055.00000000,1
1531215642852,1531215642848,117293,0.00000164,1.00000000,1
1531215656458,1531215656455,117294,0.00000164,23650.00000000,1
1531215665242,1531215665238,117295,0.00000164,39042.00000000,1
1531215669038,1531215669034,117296,0.00000164,616.00000000,1
1531215669640,1531215669636,117297,0.00000164,2156.00000000,1
1531215679619,1531215679614,117298,0.00000165,65368.00000000,0
1531215679916,1531215679912,117299,0.00000164,92143.00000000,1
1531215680264,1531215680260,117300,0.00000164,581816.00000000,1
1531215680925,1531215680921,117301,0.00000164,103312.00000000,1
1531215683763,1531215683759,117302,0.00000165,1675.00000000,0
1531215685230,1531215685226,117303,0.00000164,346439.00000000,1
1531215686776,1531215686771,117304,0.00000165,4.00000000,0
1531215689821,1531215689816,117305,0.00000164,616.00000000,1
1531215692954,1531215692950,117306,0.00000164,148799.00000000,1
1531215693048,1531215693044,117307,0.00000164,17941.00000000,0
1531215695615,1531215695611,117308,0.00000164,3561.00000000,1
1531215696676,1531215696672,117309,0.00000164,78000.00000000,1
1531215696841,1531215696837,117310,0.00000164,20676.00000000,1
1531215699099,1531215699095,117311,0.00000165,1.00000000,0
1531215701346,1531215701343,117312,0.00000164,17415.00000000,1
1531215702094,1531215702091,117313,0.00000164,1.00000000,1
1531215709040,1531215709035,117314,0.00000163,103.00000000,1
1531215709041,1531215709035,117315,0.00000163,20330.00000000,1
1531215709041,1531215709035,117316,0.00000163,19759.00000000,1
1531215709041,1531215709035,117317,0.00000163,59820.00000000,1
1531215716310,1531215716306,117318,0.00000164,12960.00000000,0
1531215718438,1531215718434,117319,0.00000164,30600.00000000,0
1531215718527,1531215718522,117320,0.00000164,2900.00000000,0
1531215718907,1531215718902,117321,0.00000164,4200.00000000,0
1531215720340,1531215720334,117322,0.00000164,2418.00000000,0
1531215720583,1531215720579,117323,0.00000164,2900.00000000,0
1531215720728,1531215720724,117324,0.00000164,2423.00000000,0
1531215722008,1531215722000,117325,0.00000163,844369.00000000,1
1531215722673,1531215722668,117326,0.00000164,44831.00000000,0
1531215751383,1531215751378,117327,0.00000163,60330.00000000,1
1531215770026,1531215770022,117328,0.00000163,50977.00000000,1
1531215770840,1531215770836,117329,0.00000163,620.00000000,1
1531215781596,1531215781591,117330,0.00000163,50977.00000000,1
1531215782967,1531215782964,117331,0.00000163,1.00000000,1
1531215785656,1531215785653,117332,0.00000164,11961.00000000,0
1531215787764,1531215787761,117333,0.00000163,100000.00000000,1
1531215788199,1531215788195,117334,0.00000164,2.00000000,0
1531215790913,1531215790909,117335,0.00000163,1859.00000000,1
1531215812953,1531215812950,117336,0.00000163,665326.00000000,1
1531215812975,1531215812971,117337,0.00000163,260926.00000000,0
1531215814814,1531215814809,117338,0.00000163,39679.00000000,1
1531215814814,1531215814809,117339,0.00000162,106532.00000000,1
1531215814814,1531215814809,117340,0.00000162,10000.00000000,1
1531215814815,1531215814809,117341,0.00000162,192673.00000000,1
1531215815079,1531215815076,117342,0.00000163,882.00000000,0
1531215817081,1531215817077,117343,0.00000162,57143.00000000,1
1531215817127,1531215817123,117344,0.00000163,3480.00000000,0
1531215821622,1531215821617,117345,0.00000163,3479.00000000,1
1531215821928,1531215821924,117346,0.00000163,30634.00000000,0
1531215824736,1531215824732,117347,0.00000164,30634.00000000,0
1531215826821,1531215826816,117348,0.00000164,12195.00000000,0
1531215829860,1531215829855,117349,0.00000163,699.00000000,1
1531215830310,1531215830306,117350,0.00000163,6947.00000000,1
1531215830508,1531215830504,117351,0.00000163,620.00000000,1
1531215830574,1531215830569,117352,0.00000163,2417.00000000,1
1531215830633,1531215830628,117353,0.00000163,620.00000000,1
1531215831001,1531215830997,117354,0.00000163,2169.00000000,1
1531215842703,1531215842700,117355,0.00000164,592.00000000,0
1531215855470,1531215855466,117356,0.00000164,18181.00000000,0
1531215856747,1531215856744,117357,0.00000163,5095.00000000,1
1531215866912,1531215866909,117358,0.00000163,494.00000000,1
1531215870895,1531215870892,117359,0.00000164,599.00000000,0
1531215871667,1531215871664,117360,0.00000163,2479.00000000,1
1531215876665,1531215876661,117361,0.00000163,18395.00000000,1
1531215877074,1531215877070,117362,0.00000163,7209.00000000,0
1531215877092,1531215877088,117363,0.00000164,7209.00000000,0
1531215878650,1531215878647,117364,0.00000164,7209.00000000,0
1531215880588,1531215880585,117365,0.00000164,161.00000000,0
1531215882336,1531215882332,117366,0.00000162,103.00000000,1
1531215889325,1531215889322,117367,0.00000163,10000.00000000,1
1531215894897,1531215894894,117368,0.00000163,22777.00000000,1
1531215895822,1531215895818,117369,0.00000163,5599.00000000,1
1531215896087,1531215896083,117370,0.00000163,22777.00000000,0
1531215898270,1531215898267,117371,0.00000163,752.00000000,1
1531215900608,1531215900603,117372,0.00000163,37208.00000000,1
1531215902398,1531215902395,117373,0.00000163,752.00000000,0
1531215903462,1531215903458,117374,0.00000163,422.00000000,1
1531215904582,1531215904578,117375,0.00000164,752.00000000,0
1531215908014,1531215908010,117376,0.00000164,30410.00000000,0
1531215936645,1531215936640,117377,0.00000164,10000.00000000,0
1531215950343,1531215950339,117378,0.00000163,6794.00000000,1
1531215961635,1531215961632,117379,0.00000163,6084.00000000,1
1531215964637,1531215964634,117380,0.00000164,9923.00000000,0
1531215966312,1531215966309,117381,0.00000164,77.00000000,0
1531215969716,1531215969713,117382,0.00000164,1204.00000000,0
1531215970575,1531215970570,117383,0.00000163,247592.00000000,1
1531215974677,1531215974673,117384,0.00000164,3048.00000000,0
1531215978577,1531215978574,117385,0.00000164,7115.00000000,0
1531215988500,1531215988495,117386,0.00000163,162954.00000000,1
1531215988890,1531215988886,117387,0.00000163,61349.00000000,0
1531215989102,1531215989099,117388,0.00000163,95852.00000000,0
1531215997467,1531215997463,117389,0.00000164,66827.00000000,0
1531216008467,1531216008462,117390,0.00000163,62161.00000000,1
1531216010107,1531216010098,117391,0.00000163,1954.00000000,0
1531216010361,1531216010358,117392,0.00000164,934.00000000,0
1531216011621,1531216011618,117393,0.00000163,18405.00000000,1
1531216013383,1531216013380,117394,0.00000164,2.00000000,0
1531216014492,1531216014488,117395,0.00000163,8999.00000000,1
1531216019641,1531216019636,117396,0.00000163,4531.00000000,1
1531216022202,1531216022197,117397,0.00000163,22345.00000000,1
1531216048520,1531216048516,117398,0.00000163,5616.00000000,1
1531216050314,1531216050310,117399,0.00000163,5917.00000000,1
1531216053593,1531216053589,117400,0.00000164,15.00000000,0
1531216057619,1531216057615,117401,0.00000164,212.00000000,0
1531216100189,1531216100186,117402,0.00000164,10000.00000000,0
1531216106917,1531216106913,117403,0.00000164,1524.00000000,0
1531216109099,1531216109095,117404,0.00000164,29283.00000000,0
1531216132602,1531216132598,117405,0.00000163,929.00000000,1
1531216146079,1531216146074,117406,0.00000164,91463.00000000,0
1531216167295,1531216167290,117407,0.00000163,40385.00000000,1
1531216170182,1531216170177,117408,0.00000164,3338.00000000,0
1531216192663,1531216192659,117409,0.00000163,1335.00000000,1
1531216255113,1531216255084,117410,0.00000163,8234.00000000,1
1531216255541,1531216255537,117411,0.00000163,5000.00000000,1
1531216269827,1531216269822,117412,0.00000164,203977.00000000,0
1531216270556,1531216270550,117413,0.00000164,30487.00000000,0
1531216271690,1531216271687,117414,0.00000164,18349.00000000,0
1531216276655,1531216276650,117415,0.00000164,30487.00000000,0
1531216276741,1531216276736,117416,0.00000164,39257.00000000,0
1531216277642,1531216277638,117417,0.00000164,39357.00000000,0
1531216279119,1531216279115,117418,0.00000164,902.00000000,0
1531216282896,1531216282893,117419,0.00000164,51587.00000000,0
1531216283231,1531216283227,117420,0.00000164,30487.00000000,0
1531216283696,1531216283693,117421,0.00000164,51587.00000000,0
1531216284846,1531216284841,117422,0.00000164,18349.00000000,0
1531216296081,1531216296077,117423,0.00000164,30487.00000000,0
1531216303524,1531216303519,117424,0.00000164,5773.00000000,0
1531216307926,1531216307921,117425,0.00000163,7070.00000000,1
1531216335460,1531216335455,117426,0.00000164,24652.00000000,0
1531216349818,1531216349814,117427,0.00000164,990.00000000,0
1531216368612,1531216368587,117428,0.00000164,69805.00000000,0
1531216375053,1531216375049,117429,0.00000164,2148.00000000,0
1531216375240,1531216375237,117430,0.00000164,69839.00000000,0
1531216375500,1531216375496,117431,0.00000164,39357.00000000,0
1531216375873,1531216375868,117432,0.00000164,62.00000000,0
1531216376935,1531216376930,117433,0.00000164,148147.00000000,0
1531216377417,1531216377413,117434,0.00000164,18349.00000000,0
1531216386164,1531216386161,117435,0.00000163,38668.00000000,1
1531216390369,1531216390365,117436,0.00000164,30487.00000000,0
1531216410287,1531216410283,117437,0.00000163,620.00000000,1
1531216414740,1531216414734,117438,0.00000164,8.00000000,0
1531216421020,1531216421016,117439,0.00000164,30410.00000000,0
1531216426456,1531216426452,117440,0.00000163,10744.00000000,1
1531216449302,1531216449299,117441,0.00000163,39788.00000000,1
1531216463403,1531216463399,117442,0.00000163,29940.00000000,1
1531216472477,1531216472469,117443,0.00000163,632478.00000000,1
1531216473121,1531216473115,117444,0.00000163,25188.00000000,0
1531216473188,1531216473185,117445,0.00000163,1916.00000000,1
1531216474037,1531216474032,117446,0.00000164,11700.00000000,0
1531216474525,1531216474520,117447,0.00000164,77.00000000,0
1531216475711,1531216475708,117448,0.00000164,12.00000000,0
1531216476179,1531216476173,117449,0.00000164,60975.00000000,0
1531216476913,1531216476909,117450,0.00000164,18349.00000000,0
1531216477489,1531216477483,117451,0.00000164,300000.00000000,0
1531216477926,1531216477921,117452,0.00000164,60975.00000000,0
1531216478570,1531216478566,117453,0.00000164,304878.00000000,0
1531216479768,1531216479764,117454,0.00000164,60975.00000000,0
1531216479829,1531216479825,117455,0.00000164,18349.00000000,0
1531216484853,1531216484848,117456,0.00000164,82075.00000000,0
1531216486399,1531216486394,117457,0.00000164,30487.00000000,0
1531216491066,1531216491062,117458,0.00000164,607.00000000,0
1531216494308,1531216494304,117459,0.00000164,30410.00000000,0
1531216498565,1531216498562,117460,0.00000163,6598.00000000,1
1531216499733,1531216499729,117461,0.00000164,122169.00000000,0
1531216500184,1531216500179,117462,0.00000164,77.00000000,0
1531216503169,1531216503166,117463,0.00000164,122169.00000000,0
1531216517509,1531216517505,117464,0.00000163,42259.00000000,1
1531216523593,1531216523589,117465,0.00000164,29910.00000000,0
1531216527608,1531216527603,117466,0.00000164,129.00000000,0
1531216536401,1531216536398,117467,0.00000164,2279.00000000,0
1531216555411,1531216555406,117468,0.00000163,51426.00000000,1
1531216556018,1531216556015,117469,0.00000163,37313.00000000,1
1531216557925,1531216557920,117470,0.00000163,47340.00000000,1
1531216558673,1531216558669,117471,0.00000164,577.00000000,0
1531216563215,1531216563209,117472,0.00000164,3571.00000000,0
1531216563457,1531216563452,117473,0.00000164,3571.00000000,0
1531216563900,1531216563896,117474,0.00000164,30487.00000000,0
1531216564870,1531216564865,117475,0.00000164,9382.00000000,0
1531216565220,1531216565216,117476,0.00000164,3571.00000000,0
1531216565762,1531216565757,117477,0.00000164,9382.00000000,0
1531216566311,1531216566308,117478,0.00000164,200000.00000000,0
1531216567013,1531216567008,117479,0.00000164,4098.00000000,0
1531216568218,1531216568213,117480,0.00000164,17007.00000000,0
1531216568301,1531216568296,117481,0.00000164,9382.00000000,0
1531216569155,1531216569151,117482,0.00000164,13128.00000000,0
1531216569199,1531216569196,117483,0.00000164,3841.00000000,0
1531216571548,1531216571543,117484,0.00000164,7083.00000000,0
1531216576804,1531216576800,117485,0.00000164,15207.00000000,0
1531216576827,1531216576823,117486,0.00000164,5000.00000000,1
1531216576830,1531216576825,117487,0.00000164,44817.00000000,1
1531216585570,1531216585565,117488,0.00000164,1152.00000000,0
1531216592702,1531216592697,117489,0.00000164,1371.00000000,0
1531216602267,1531216602262,117490,0.00000164,3165.00000000,1
1531216617163,1531216617159,117491,0.00000164,87.00000000,1
1531216618903,1531216618898,117492,0.00000163,1.00000000,1
1531216661413,1531216661409,117493,0.00000164,41.00000000,0
1531216667206,1531216667203,117494,0.00000164,11484.00000000,0
1531216669119,1531216669116,117495,0.00000164,5742.00000000,0
1531216682524,1531216682519,117496,0.00000164,11484.00000000,0
1531216688360,1531216688356,117497,0.00000164,13552.00000000,0
1531216692906,1531216692902,117498,0.00000164,3782.00000000,1
1531216699350,1531216699347,117499,0.00000165,248.00000000,0
1531216710076,1531216710071,117500,0.00000164,908.00000000,1
1531216715673,1531216715668,117501,0.00000164,687.00000000,0
1531216717855,1531216717852,117502,0.00000164,4531.00000000,0
1531216730897,1531216730892,117503,0.00000164,29742.00000000,0
1531216733326,1531216733322,117504,0.00000164,134132.00000000,0
1531216766169,1531216766164,117505,0.00000164,9068.00000000,1
1531216767065,1531216767058,117506,0.00000165,185.00000000,0
1531216770110,1531216770105,117507,0.00000165,1.00000000,0
1531216784772,1531216784768,117508,0.00000165,5695.00000000,0
1531216788434,1531216788430,117509,0.00000164,136564.00000000,1
1531216794979,1531216794975,117510,0.00000164,2400.00000000,1
1531216799950,1531216799946,117511,0.00000164,9437.00000000,1
1531216821359,1531216821355,117512,0.00000164,8572.00000000,1
1531216821750,1531216821746,117513,0.00000164,32752.00000000,1
1531216828641,1531216828636,117514,0.00000164,269451.00000000,1
1531216830926,1531216830922,117515,0.00000164,68.00000000,0
1531216836397,1531216836393,117516,0.00000164,3848.00000000,0
1531216839187,1531216839183,117517,0.00000163,5000.00000000,1
1531216841199,1531216841195,117518,0.00000164,6315.00000000,0
1531216848449,1531216848445,117519,0.00000163,9614.00000000,1
1531216859606,1531216859601,117520,0.00000164,6100.00000000,0
1531216891797,1531216891792,117521,0.00000164,47453.00000000,0
1531216901967,1531216901963,117522,0.00000164,23856.00000000,0
1531216902507,1531216902503,117523,0.00000164,23856.00000000,0
1531216905357,1531216905354,117524,0.00000164,23856.00000000,0
1531216922380,1531216922376,117525,0.00000164,18292.00000000,0
1531216928027,1531216928023,117526,0.00000164,2.00000000,0
1531216936413,1531216936409,117527,0.00000164,34902.00000000,0
1531216950915,1531216950911,117528,0.00000164,161522.00000000,0
1531216975773,1531216975768,117529,0.00000164,17837.00000000,1
1531216986143,1531216986139,117530,0.00000165,10031.00000000,0
1531216989689,1531216989684,117531,0.00000165,60606.00000000,0
1531217010320,1531217010315,117532,0.00000164,85205.00000000,1
1531217020344,1531217020340,117533,0.00000164,114795.00000000,1
1531217043144,1531217043140,117534,0.00000163,1356.00000000,1
1531217043512,1531217043508,117535,0.00000164,3848.00000000,0
1531217073388,1531217073383,117536,0.00000163,5986.00000000,1
1531217083728,1531217083723,117537,0.00000163,5689.00000000,1
1531217089336,1531217089332,117538,0.00000163,6139.00000000,1
1531217091213,1531217091209,117539,0.00000164,108.00000000,0
1531217092898,1531217092893,117540,0.00000164,5410.00000000,0
1531217093189,1531217093185,117541,0.00000164,5410.00000000,0
1531217109754,1531217109749,117542,0.00000164,32727.00000000,0
1531217133482,1531217133474,117543,0.00000163,301208.00000000,1
1531217135573,1531217135569,117544,0.00000163,2850.00000000,1
1531217138025,1531217138021,117545,0.00000164,592.00000000,0
1531217141035,1531217141031,117546,0.00000163,2.00000000,1
1531217153365,1531217153360,117547,0.00000164,1.00000000,0
1531217160105,1531217160101,117548,0.00000164,599.00000000,0
1531217182789,1531217182786,117549,0.00000164,610.00000000,0
1531217184381,1531217184378,117550,0.00000163,620.00000000,1
1531217185497,1531217185492,117551,0.00000164,1263.00000000,0
1531217198660,1531217198655,117552,0.00000163,154334.00000000,1
1531217206460,1531217206455,117553,0.00000163,25718.00000000,1
1531217212662,1531217212658,117554,0.00000163,9312.00000000,1
1531217216690,1531217216686,117555,0.00000163,1316.00000000,1
1531217246999,1531217246996,117556,0.00000163,80182.00000000,1
1531217262928,1531217262923,117557,0.00000164,3776.00000000,0
1531217263892,1531217263887,117558,0.00000164,6058.00000000,0
1531217265032,1531217265026,117559,0.00000164,11.00000000,0
1531217277940,1531217277937,117560,0.00000164,117.00000000,0
1531217325628,1531217325596,117561,0.00000163,230914.00000000,1
1531217338684,1531217338679,117562,0.00000163,33112.00000000,1
1531217354689,1531217354685,117563,0.00000164,4350.00000000,0
1531217355798,1531217355795,117564,0.00000164,1414.00000000,0
1531217375422,1531217375418,117565,0.00000163,29017.00000000,1
1531217383579,1531217383576,117566,0.00000163,2978.00000000,1
1531217384079,1531217384076,117567,0.00000164,1576.00000000,0
1531217400736,1531217400731,117568,0.00000164,651.00000000,0
1531217426857,1531217426853,117569,0.00000164,725.00000000,0
1531217500644,1531217500639,117570,0.00000164,718.00000000,0
1531217522103,1531217522099,117571,0.00000164,4452.00000000,0
1531217526006,1531217526003,117572,0.00000163,2993.00000000,1
1531217530724,1531217530720,117573,0.00000163,1606.00000000,1
1531217539689,1531217539683,117574,0.00000163,2571.00000000,1
1531217543615,1531217543611,117575,0.00000163,2571.00000000,1
1531217543996,1531217543992,117576,0.00000164,188.00000000,0
1531217548108,1531217548104,117577,0.00000163,2608.00000000,1
1531217549819,1531217549815,117578,0.00000163,3503.00000000,1
1531217550248,1531217550245,117579,0.00000163,2608.00000000,1
1531217551493,1531217551488,117580,0.00000163,1934.00000000,1
1531217551601,1531217551597,117581,0.00000163,60545.00000000,1
1531217553208,1531217553203,117582,0.00000163,26132.00000000,1
1531217553551,1531217553546,117583,0.00000163,61349.00000000,0
1531217553973,1531217553969,117584,0.00000163,12519.00000000,0
1531217556496,1531217556492,117585,0.00000163,2000.00000000,1
1531217556511,1531217556505,117586,0.00000163,608.00000000,0
1531217557753,1531217557748,117587,0.00000163,3505.00000000,1
1531217558177,1531217558172,117588,0.00000163,3503.00000000,1
1531217560655,1531217560621,117589,0.00000163,2608.00000000,1
1531217564961,1531217564957,117590,0.00000163,7752.00000000,1
1531217565531,1531217565527,117591,0.00000163,6502.00000000,0
1531217565688,1531217565684,117592,0.00000162,2003.00000000,1
1531217577751,1531217577746,117593,0.00000163,2898.00000000,1
1531217581203,1531217581200,117594,0.00000164,36200.00000000,0
1531217585089,1531217585085,117595,0.00000164,242866.00000000,0
1531217588596,1531217588592,117596,0.00000164,80955.00000000,0
1531217624399,1531217624395,117597,0.00000164,5950.00000000,0
1531217646332,1531217646327,117598,0.00000164,6105.00000000,0
1531217656142,1531217656137,117599,0.00000164,1430.00000000,0
1531217663228,1531217663224,117600,0.00000164,32.00000000,0
1531217675852,1531217675847,117601,0.00000163,121639.00000000,1
1531217678736,1531217678732,117602,0.00000163,52882.00000000,1
1531217718630,1531217718626,117603,0.00000163,42376.00000000,1
1531217724406,1531217724402,117604,0.00000164,610.00000000,0
1531217724682,1531217724675,117605,0.00000163,7.00000000,1
1531217726550,1531217726545,117606,0.00000163,172650.00000000,1
1531217786665,1531217786661,117607,0.00000163,31252.00000000,1
1531217803914,1531217803909,117608,0.00000163,2034.00000000,1
1531217848055,1531217848051,117609,0.00000163,1.00000000,1
1531217874418,1531217874414,117610,0.00000163,15626.00000000,1
1531217906612,1531217906608,117611,0.00000164,204.00000000,0
1531217909816,1531217909812,117612,0.00000164,1.00000000,0
1531217929853,1531217929849,117613,0.00000164,36653.00000000,0
1531217931708,1531217931701,117614,0.00000164,127475.00000000,0
1531217931957,1531217931952,117615,0.00000164,14370.00000000,0
1531217933519,1531217933515,117616,0.00000164,26960.00000000,0
1531217951150,1531217951146,117617,0.00000163,7046.00000000,1
1531217956787,1531217956782,117618,0.00000164,143.00000000,0
1531217959829,1531217959825,117619,0.00000164,1.00000000,0
1531217971447,1531217971442,117620,0.00000164,1308.00000000,0
1531218032380,1531218032377,117621,0.00000164,7670.00000000,0
1531218050856,1531218050853,117622,0.00000163,16266.00000000,1
1531218082177,1531218082173,117623,0.00000163,800.00000000,1
1531218096794,1531218096790,117624,0.00000163,3877.00000000,1
1531218097097,1531218097091,117625,0.00000163,12022.00000000,1
1531218141327,1531218141322,117626,0.00000163,1365.00000000,1
1531218164155,1531218164150,117627,0.00000164,10.00000000,0
1531218176175,1531218176170,117628,0.00000164,3129.00000000,0
1531218239491,1531218239487,117629,0.00000163,699.00000000,1
1531218253353,1531218253348,117630,0.00000163,800.00000000,1
1531218256865,1531218256862,117631,0.00000164,101174.00000000,0
1531218260786,1531218260781,117632,0.00000164,54892.00000000,0
1531218269129,1531218269125,117633,0.00000164,391053.00000000,0
1531218272296,1531218272291,117634,0.00000164,981.00000000,0
1531218272354,1531218272349,117635,0.00000164,60975.00000000,0
1531218274657,1531218274653,117636,0.00000164,172543.00000000,0
1531218275576,1531218275572,117637,0.00000164,15.00000000,0
1531218281100,1531218281096,117638,0.00000164,88151.00000000,0
1531218281197,1531218281192,117639,0.00000164,523904.00000000,0
1531218311763,1531218311759,117640,0.00000165,33.00000000,0
1531218343403,1531218343400,117641,0.00000165,6060.00000000,0
1531218377268,1531218377264,117642,0.00000164,52.00000000,1
1531218378040,1531218378035,117643,0.00000164,3900.00000000,1
1531218384795,1531218384791,117644,0.00000164,1351.00000000,1
1531218397070,1531218397065,117645,0.00000165,1000.00000000,0
1531218423022,1531218423017,117646,0.00000165,70638.00000000,0
1531218445244,1531218445240,117647,0.00000165,5727.00000000,0
1531218472571,1531218472567,117648,0.00000164,3.00000000,1
1531218477781,1531218477777,117649,0.00000165,400.00000000,0
1531218486786,1531218486781,117650,0.00000165,7.00000000,0
1531218527806,1531218527802,117651,0.00000165,5455.00000000,0
1531218582504,1531218582499,117652,0.00000164,2417.00000000,1
1531218586254,1531218586250,117653,0.00000164,2568.00000000,1
1531218602148,1531218602143,117654,0.00000165,8411.00000000,0
1531218634914,1531218634909,117655,0.00000164,8882.00000000,1
1531218645751,1531218645746,117656,0.00000164,7201.00000000,1
1531218699198,1531218699194,117657,0.00000165,6.00000000,0
1531218710511,1531218710507,117658,0.00000164,7258.00000000,1
1531218721820,1531218721816,117659,0.00000165,3762.00000000,0
1531218759488,1531218759482,117660,0.00000164,9.00000000,1
1531218779158,1531218779153,117661,0.00000165,7352.00000000,0
1531218794073,1531218794068,117662,0.00000164,37957.00000000,1
1531218823499,1531218823494,117663,0.00000164,28275.00000000,1
1531218845556,1531218845551,117664,0.00000164,2.00000000,1
1531218850090,1531218850085,117665,0.00000165,215809.00000000,0
1531218850836,1531218850832,117666,0.00000165,244759.00000000,0
1531218853655,1531218853651,117667,0.00000165,60606.00000000,0
1531218859066,1531218859061,117668,0.00000165,20000.00000000,0
1531218873369,1531218873364,117669,0.00000165,10000.00000000,0
1531218912682,1531218912677,117670,0.00000164,6097.00000000,1
1531218920709,1531218920705,117671,0.00000165,33982.00000000,0
1531218959402,1531218959399,117672,0.00000164,151842.00000000,1
1531218976478,1531218976473,117673,0.00000164,78317.00000000,1
1531218982695,1531218982690,117674,0.00000164,2560.00000000,1
1531218989647,1531218989643,117675,0.00000164,122576.00000000,1
1531219015460,1531219015456,117676,0.00000165,48.00000000,0
1531219021894,1531219021887,117677,0.00000164,294645.00000000,1
1531219032704,1531219032699,117678,0.00000164,3784.00000000,0
1531219042524,1531219042518,117679,0.00000164,1331.00000000,1
1531219054168,1531219054163,117680,0.00000164,32844.00000000,1
1531219054506,1531219054502,117681,0.00000164,29165.00000000,0
1531219056550,1531219056546,117682,0.00000164,920.00000000,0
1531219056669,1531219056664,117683,0.00000164,18237.00000000,0
1531219058168,1531219058163,117684,0.00000164,300000.00000000,0
1531219058765,1531219058760,117685,0.00000164,49102.00000000,0
1531219058979,1531219058974,117686,0.00000164,18237.00000000,0
1531219060232,1531219060228,117687,0.00000164,4878.00000000,0
1531219061394,1531219061388,117688,0.00000164,18237.00000000,0
1531219062750,1531219062745,117689,0.00000164,18238.00000000,0
1531219062752,1531219062746,117690,0.00000164,66315.00000000,0
1531219062850,1531219062845,117691,0.00000164,700.00000000,0
1531219065638,1531219065634,117692,0.00000164,47914.00000000,0
1531219102699,1531219102695,117693,0.00000164,25166.00000000,1
1531219160999,1531219160995,117694,0.00000164,22106.00000000,1
1531219161004,1531219160999,117695,0.00000164,22101.00000000,1
1531219161010,1531219161005,117696,0.00000164,4532.00000000,1
1531219161056,1531219161051,117697,0.00000164,18293.00000000,1
1531219192596,1531219192592,117698,0.00000165,37938.00000000,0
1531219212769,1531219212764,117699,0.00000164,1418.00000000,1
1531219220563,1531219220558,117700,0.00000165,5870.00000000,0
1531219226651,1531219226645,117701,0.00000164,17784.00000000,1
1531219231069,1531219231065,117702,0.00000164,1998.00000000,1
1531219233375,1531219233372,117703,0.00000165,14060.00000000,0
1531219235029,1531219235024,117704,0.00000165,653.00000000,0
1531219284723,1531219284719,117705,0.00000164,4517.00000000,1
1531219298680,1531219298676,117706,0.00000164,1800.00000000,1
1531219313940,1531219313934,117707,0.00000164,105607.00000000,1
1531219331764,1531219331759,117708,0.00000165,1.00000000,0
1531219334224,1531219334219,117709,0.00000165,50.00000000,0
1531219356036,1531219356031,117710,0.00000164,122418.00000000,1
1531219374401,1531219374396,117711,0.00000165,651.00000000,0
1531219377424,1531219377419,117712,0.00000165,2.00000000,0
1531219395502,1531219395500,117713,0.00000165,799.00000000,0
1531219421149,1531219421145,117714,0.00000164,51874.00000000,1
1531219424663,1531219424657,117715,0.00000164,20056.00000000,0
1531219478246,1531219478242,117716,0.00000164,5080.00000000,1
1531219506023,1531219506018,117717,0.00000164,6097.00000000,1
1531219515920,1531219515916,117718,0.00000164,5449.00000000,1
1531219516666,1531219516661,117719,0.00000164,10031.00000000,0
1531219516690,1531219516685,117720,0.00000164,8303.00000000,0
1531219519715,1531219519711,117721,0.00000164,14577.00000000,0
1531219519746,1531219519740,117722,0.00000164,71835.00000000,0
1531219519746,1531219519740,117723,0.00000165,14577.00000000,0
1531219565414,1531219565410,117724,0.00000164,88.00000000,1
1531219608255,1531219608251,117725,0.00000164,150.00000000,1
1531219620513,1531219620508,117726,0.00000164,52301.00000000,1
1531219621640,1531219621635,117727,0.00000164,4531.00000000,1
1531219621646,1531219621643,117728,0.00000164,13066.00000000,1
1531219621646,1531219621643,117729,0.00000163,4531.00000000,1
1531219623262,1531219623257,117730,0.00000163,1221.00000000,1
1531219623789,1531219623784,117731,0.00000164,2245.00000000,0
1531219624683,1531219624677,117732,0.00000164,5795.00000000,0
1531219624683,1531219624677,117733,0.00000165,2245.00000000,0
1531219634991,1531219634986,117734,0.00000165,61166.00000000,0
1531219636195,1531219636191,117735,0.00000165,18237.00000000,0
1531219636483,1531219636479,117736,0.00000165,90407.00000000,0
1531219637106,1531219637100,117737,0.00000165,192237.00000000,0
1531219637473,1531219637468,117738,0.00000165,28809.00000000,0
1531219637954,1531219637948,117739,0.00000165,18237.00000000,0
1531219644737,1531219644733,117740,0.00000164,10532.00000000,1
1531219653024,1531219653019,117741,0.00000164,6496.00000000,0
1531219663621,1531219663615,117742,0.00000164,750.00000000,0
1531219675734,1531219675729,117743,0.00000164,13441.00000000,0
1531219681188,1531219681183,117744,0.00000164,7616.00000000,0
1531219692358,1531219692339,117745,0.00000165,3958.00000000,0
1531219693623,1531219693618,117746,0.00000164,7.00000000,1
1531219715645,1531219715641,117747,0.00000164,946.00000000,1
1531219717136,1531219717130,117748,0.00000164,100214.00000000,0
1531219718660,1531219718651,117749,0.00000165,18151.00000000,0
1531219721933,1531219721928,117750,0.00000164,10709.00000000,0
1531219751167,1531219751161,117751,0.00000165,5.00000000,0
1531219764356,1531219764350,117752,0.00000165,344886.00000000,0
1531219769150,1531219769145,117753,0.00000164,1.00000000,1
1531219788287,1531219788283,117754,0.00000165,29405.00000000,0
1531219815322,1531219815320,117755,0.00000164,45333.00000000,1
1531219843708,1531219843703,117756,0.00000164,342169.00000000,1
1531219846094,1531219846089,117757,0.00000164,2372.00000000,0
1531219846237,1531219846236,117758,0.00000165,2372.00000000,0
1531219854047,1531219854041,117759,0.00000164,1833.00000000,1
1531219854047,1531219854041,117760,0.00000163,25140.00000000,1
1531219926188,1531219926182,117761,0.00000164,4678.00000000,1
1531219926188,1531219926182,117762,0.00000163,3951.00000000,1
1531219957720,1531219957716,117763,0.00000163,1585.00000000,1
1531219962751,1531219962747,117764,0.00000163,22300.00000000,1
1531220011313,1531220011308,117765,0.00000165,6060.00000000,0
1531220048079,1531220048074,117766,0.00000165,10057.00000000,0
1531220057701,1531220057698,117767,0.00000164,3571.00000000,1
1531220062431,1531220062425,117768,0.00000165,77937.00000000,0
1531220068981,1531220068977,117769,0.00000164,9000.00000000,1
1531220075947,1531220075942,117770,0.00000165,13.00000000,0
1531220081832,1531220081827,117771,0.00000164,93477.00000000,1
1531220097809,1531220097804,117772,0.00000165,108049.00000000,0
1531220123199,1531220123193,117773,0.00000165,1.00000000,0
1531220124955,1531220124951,117774,0.00000165,13548.00000000,0
1531220134401,1531220134397,117775,0.00000164,132.00000000,1
1531220137362,1531220137358,117776,0.00000165,1.00000000,0
1531220143835,1531220143830,117777,0.00000164,28.00000000,1
1531220155007,1531220155002,117778,0.00000164,293307.00000000,1
1531220160917,1531220160912,117779,0.00000164,999.00000000,1
1531220171575,1531220171570,117780,0.00000164,7191.00000000,1
1531220234101,1531220234096,117781,0.00000165,700.00000000,0
1531220272721,1531220272717,117782,0.00000165,3750.00000000,0
1531220277032,1531220277026,117783,0.00000165,122131.00000000,0
1531220284097,1531220284092,117784,0.00000165,3750.00000000,0
1531220286499,1531220286495,117785,0.00000165,1.00000000,0
1531220331785,1531220331781,117786,0.00000164,2135.00000000,1
1531220342730,1531220342724,117787,0.00000165,16.00000000,0
1531220346491,1531220346485,117788,0.00000164,1396.00000000,1
1531220376705,1531220376699,117789,0.00000164,99639.00000000,1
1531220405684,1531220405679,117790,0.00000165,92653.00000000,0
1531220456765,1531220456761,117791,0.00000164,631.00000000,1
1531220482103,1531220482098,117792,0.00000165,13.00000000,0
1531220507162,1531220507158,117793,0.00000164,8210.00000000,1
1531220565444,1531220565440,117794,0.00000165,402.00000000,0
1531220568451,1531220568447,117795,0.00000165,1.00000000,0
1531220616539,1531220616532,117796,0.00000165,20000.00000000,0
1531220627263,1531220627258,117797,0.00000165,7121.00000000,0
1531220635463,1531220635458,117798,0.00000164,46.00000000,1
1531220672325,1531220672319,117799,0.00000164,35552.00000000,1
1531220682800,1531220682795,117800,0.00000164,7540.00000000,1
1531220732346,1531220732341,117801,0.00000164,25000.00000000,1
1531220763981,1531220763974,117802,0.00000165,442469.00000000,0
1531220789621,1531220789616,117803,0.00000165,6000.00000000,0
1531220799854,1531220799849,117804,0.00000164,9605.00000000,1
1531220813736,1531220813731,117805,0.00000164,3116.00000000,1
1531220836193,1531220836188,117806,0.00000164,16.00000000,1
1531220864457,1531220864451,117807,0.00000164,9122.00000000,1
1531220868632,1531220868629,117808,0.00000165,1591.00000000,0
1531220893492,1531220893487,117809,0.00000165,88835.00000000,0
1531220893924,1531220893922,117810,0.00000165,10000.00000000,1
1531220894731,1531220894726,117811,0.00000165,10000.00000000,1
1531220902429,1531220902424,117812,0.00000165,9.00000000,1
1531220913099,1531220913094,117813,0.00000166,767.00000000,0
1531220918508,1531220918503,117814,0.00000166,6.00000000,0
1531220930670,1531220930665,117815,0.00000165,6496.00000000,1
1531220937410,1531220937405,117816,0.00000165,18274.00000000,1
1531220985135,1531220985130,117817,0.00000165,141.00000000,1
1531220998294,1531220998290,117818,0.00000166,6958.00000000,0
1531221002571,1531221002568,117819,0.00000165,91463.00000000,1
1531221017562,1531221017557,117820,0.00000165,8569.00000000,1
1531221021419,1531221021415,117821,0.00000166,728.00000000,0
1531221026088,1531221026081,117822,0.00000165,12421.00000000,1
1531221027495,1531221027489,117823,0.00000165,1638.00000000,0
1531221027495,1531221027489,117824,0.00000166,1970.00000000,0
1531221036843,1531221036838,117825,0.00000165,1916.00000000,0
1531221036843,1531221036838,117826,0.00000166,184084.00000000,0
1531221053607,1531221053602,117827,0.00000166,4971.00000000,0
1531221095288,1531221095282,117828,0.00000165,36890.00000000,1
1531221112275,1531221112270,117829,0.00000165,2505.00000000,0
1531221118260,1531221118255,117830,0.00000164,2.00000000,1
1531221119149,1531221119144,117831,0.00000165,3932.00000000,0
1531221142164,1531221142160,117832,0.00000165,4887.00000000,0
1531221152613,1531221152608,117833,0.00000165,13408.00000000,0
1531221244031,1531221244027,117834,0.00000166,6916.00000000,0
1531221260921,1531221260915,117835,0.00000165,1461.00000000,1
1531221267937,1531221267931,117836,0.00000165,49.00000000,1
1531221275052,1531221275048,117837,0.00000166,32.00000000,0
1531221322672,1531221322669,117838,0.00000165,50000.00000000,1
1531221323354,1531221323351,117839,0.00000165,5000.00000000,1
1531221354475,1531221354470,117840,0.00000165,206.00000000,1
1531221407540,1531221407534,117841,0.00000165,3381.00000000,1
1531221472223,1531221472219,117842,0.00000165,974.00000000,1
1531221475165,1531221475160,117843,0.00000165,16207.00000000,1
1531221475851,1531221475845,117844,0.00000165,5000.00000000,1
1531221508944,1531221508940,117845,0.00000165,2154.00000000,1
1531221519893,1531221519890,117846,0.00000165,10276.00000000,1
1531221529146,1531221529142,117847,0.00000165,2854.00000000,1
1531221540245,1531221540240,117848,0.00000165,13637.00000000,1
1531221543972,1531221543967,117849,0.00000165,4000.00000000,1
1531221584585,1531221584581,117850,0.00000165,6727.00000000,1
1531221618663,1531221618658,117851,0.00000166,1306.00000000,0
1531221643896,1531221643889,117852,0.00000165,72888.00000000,1
1531221710642,1531221710636,117853,0.00000164,2.00000000,1
1531221710721,1531221710716,117854,0.00000165,19100.00000000,0
1531221744774,1531221744768,117855,0.00000165,218916.00000000,0
1531221747985,1531221747977,117856,0.00000166,100699.00000000,0
1531221780607,1531221780601,117857,0.00000165,3243.00000000,1
1531221780607,1531221780601,117858,0.00000164,1757.00000000,1
1531221786042,1531221786038,117859,0.00000165,1911.00000000,0
1531221786042,1531221786038,117860,0.00000166,7555.00000000,0
1531221796057,1531221796052,117861,0.00000165,28.00000000,1
1531221798634,1531221798631,117862,0.00000166,12048.00000000,0
1531221902038,1531221902034,117863,0.00000166,1252.00000000,0
1531221938928,1531221938923,117864,0.00000165,2330.00000000,1
1531221940199,1531221940195,117865,0.00000165,17.00000000,1
1531221950993,1531221950988,117866,0.00000165,2641.00000000,1
1531221982452,1531221982449,117867,0.00000165,81.00000000,1
1531222002471,1531222002467,117868,0.00000165,11479.00000000,1
1531222032292,1531222032287,117869,0.00000165,17030.00000000,1
1531222062239,1531222062234,117870,0.00000165,8000.00000000,1
1531222095155,1531222095151,117871,0.00000165,2059.00000000,1
1531222106223,1531222106220,117872,0.00000165,10076.00000000,1
1531222110192,1531222110188,117873,0.00000165,4995.00000000,1
1531222196462,1531222196456,117874,0.00000165,4000.00000000,1
1531222197373,1531222197369,117875,0.00000165,8903.00000000,1
1531222221580,1531222221576,117876,0.00000165,10077.00000000,1
1531222307231,1531222307226,117877,0.00000165,50.00000000,1
1531222307665,1531222307661,117878,0.00000166,110.00000000,0
1531222310498,1531222310494,117879,0.00000166,164.00000000,0
1531222313538,1531222313534,117880,0.00000166,164.00000000,0
1531222317764,1531222317759,117881,0.00000165,154.00000000,1
1531222339766,1531222339763,117882,0.00000165,8241.00000000,1
1531222395830,1531222395824,117883,0.00000165,477298.00000000,1
1531222402186,1531222402182,117884,0.00000165,14592.00000000,0
1531222406975,1531222406970,117885,0.00000164,1204.00000000,1
1531222429268,1531222429263,117886,0.00000164,39597.00000000,1
1531222477391,1531222477386,117887,0.00000165,4531.00000000,0
1531222477397,1531222477396,117888,0.00000165,3991.00000000,0
1531222480635,1531222480631,117889,0.00000164,3991.00000000,1
1531222492356,1531222492352,117890,0.00000164,1164.00000000,1
1531222531044,1531222531039,117891,0.00000164,5399.00000000,1
1531222543759,1531222543754,117892,0.00000165,86504.00000000,0
1531222575555,1531222575551,117893,0.00000165,16873.00000000,0
1531222595964,1531222595961,117894,0.00000164,158112.00000000,1
1531222603199,1531222603195,117895,0.00000164,19080.00000000,1
1531222604718,1531222604714,117896,0.00000165,142411.00000000,0
1531222618222,1531222618215,117897,0.00000164,199382.00000000,1
1531222618222,1531222618215,117898,0.00000163,35282.00000000,1
1531222624037,1531222624034,117899,0.00000164,4577.00000000,1
1531222640525,1531222640522,117900,0.00000164,739.00000000,1
1531222641304,1531222641300,117901,0.00000164,1400.00000000,1
1531222643388,1531222643384,117902,0.00000163,3034.00000000,1
1531222644386,1531222644382,117903,0.00000164,2000.00000000,0
1531222644996,1531222644993,117904,0.00000164,16504.00000000,0
1531222658984,1531222658980,117905,0.00000164,53965.00000000,0
1531222661828,1531222661824,117906,0.00000163,620.00000000,1
1531222668104,1531222668100,117907,0.00000164,144470.00000000,0
1531222673248,1531222673243,117908,0.00000163,330074.00000000,1
1531222673262,1531222673257,117909,0.00000163,356108.00000000,1
1531222677525,1531222677522,117910,0.00000163,20911.00000000,1
1531222681763,1531222681759,117911,0.00000164,53539.00000000,0
1531222684227,1531222684224,117912,0.00000163,620.00000000,1
1531222686541,1531222686536,117913,0.00000163,1568.00000000,1
1531222696456,1531222696452,117914,0.00000163,6907.00000000,1
1531222696470,1531222696465,117915,0.00000164,2661.00000000,0
1531222696524,1531222696521,117916,0.00000164,3164.00000000,1
1531222704022,1531222704017,117917,0.00000164,915.00000000,1
1531222705766,1531222705762,117918,0.00000164,2109.00000000,1
1531222708036,1531222708032,117919,0.00000164,54164.00000000,0
1531222721576,1531222721572,117920,0.00000163,620.00000000,1
1531222721906,1531222721903,117921,0.00000163,620.00000000,1
1531222722073,1531222722068,117922,0.00000164,51.00000000,0
1531222728782,1531222728777,117923,0.00000163,64368.00000000,1
1531222742380,1531222742362,117924,0.00000163,1359.00000000,1
1531222764614,1531222764611,117925,0.00000163,4730.00000000,1
1531222774528,1531222774525,117926,0.00000163,736.00000000,1
1531222775611,1531222775608,117927,0.00000163,4205.00000000,1
1531222778495,1531222778491,117928,0.00000163,18162.00000000,1
1531222793439,1531222793436,117929,0.00000163,5542.00000000,1
1531222793553,1531222793548,117930,0.00000164,9203.00000000,0
1531222797042,1531222797040,117931,0.00000163,20000.00000000,1
1531222799550,1531222799546,117932,0.00000163,1040.00000000,1
1531222801970,1531222801966,117933,0.00000163,3715.00000000,1
1531222804831,1531222804827,117934,0.00000164,67474.00000000,0
1531222807439,1531222807435,117935,0.00000163,5000.00000000,1
1531222809497,1531222809494,117936,0.00000164,67.00000000,0
1531222810698,1531222810694,117937,0.00000163,4738.00000000,1
1531222830000,1531222829996,117938,0.00000163,60376.00000000,1
1531222832619,1531222832615,117939,0.00000163,10605.00000000,1
1531222843985,1531222843983,117940,0.00000163,5006.00000000,1
1531222847718,1531222847715,117941,0.00000163,12165.00000000,1
1531222848994,1531222848990,117942,0.00000163,3022.00000000,1
1531222856001,1531222855996,117943,0.00000163,3155.00000000,1
1531222859464,1531222859460,117944,0.00000164,67.00000000,0
1531222871000,1531222870997,117945,0.00000163,1353.00000000,1
1531222874752,1531222874749,117946,0.00000163,17.00000000,1
1531222931222,1531222931217,117947,0.00000164,7000.00000000,0
1531222951871,1531222951867,117948,0.00000163,1676.00000000,1
1531222985795,1531222985794,117949,0.00000163,58139.00000000,1
1531222992752,1531222992747,117950,0.00000164,275907.00000000,0
1531222994705,1531222994702,117951,0.00000164,29304.00000000,0
1531223001747,1531223001744,117952,0.00000164,816.00000000,0
1531223033212,1531223033209,117953,0.00000164,4553.00000000,0
1531223048763,1531223048759,117954,0.00000164,52.00000000,0
1531223051778,1531223051774,117955,0.00000163,25.00000000,1
1531223069792,1531223069787,117956,0.00000163,26585.00000000,1
1531223096791,1531223096787,117957,0.00000164,5165.00000000,0
1531223097640,1531223097635,117958,0.00000163,29889.00000000,1
1531223104407,1531223104404,117959,0.00000164,3030.00000000,0
1531223108174,1531223108172,117960,0.00000164,92.00000000,0
1531223122531,1531223122528,117961,0.00000164,6769.00000000,0
1531223126206,1531223126203,117962,0.00000163,620.00000000,1
1531223136970,1531223136966,117963,0.00000163,9.00000000,1
1531223148426,1531223148423,117964,0.00000164,10000.00000000,0
1531223162260,1531223162254,117965,0.00000164,6060.00000000,0
1531223170846,1531223170842,117966,0.00000163,9605.00000000,1
1531223173498,1531223173493,117967,0.00000164,27086.00000000,0
1531223188804,1531223188800,117968,0.00000164,6275.00000000,0
1531223189306,1531223189301,117969,0.00000164,4368.00000000,0
1531223189308,1531223189304,117970,0.00000164,4004.00000000,0
1531223208811,1531223208808,117971,0.00000163,774.00000000,1
1531223233244,1531223233239,117972,0.00000163,32.00000000,1
1531223251066,1531223251062,117973,0.00000163,34366.00000000,1
1531223264536,1531223264532,117974,0.00000163,192399.00000000,1
1531223273916,1531223273913,117975,0.00000163,1103.00000000,1
1531223303344,1531223303341,117976,0.00000164,46631.00000000,0
1531223304649,1531223304645,117977,0.00000164,21397.00000000,0
1531223359616,1531223359612,117978,0.00000164,25496.00000000,0
1531223426265,1531223426261,117979,0.00000163,37465.00000000,1
1531223435905,1531223435900,117980,0.00000163,29237.00000000,1
1531223446488,1531223446484,117981,0.00000163,7840.00000000,1
1531223461804,1531223461800,117982,0.00000163,47309.00000000,1
1531223476106,1531223476102,117983,0.00000163,1998.00000000,1
1531223510094,1531223510091,117984,0.00000163,445.00000000,1
1531223524943,1531223524940,117985,0.00000163,1098.00000000,1
1531223554996,1531223554993,117986,0.00000163,5000.00000000,1
1531223557212,1531223557209,117987,0.00000163,1369.00000000,1
1531223576004,1531223575999,117988,0.00000164,1603.00000000,0
1531223577274,1531223577269,117989,0.00000163,68693.00000000,1
1531223607806,1531223607802,117990,0.00000163,26271.00000000,1
1531223613481,1531223613478,117991,0.00000163,2055.00000000,1
1531223625138,1531223625134,117992,0.00000163,2055.00000000,1
1531223644134,1531223644130,117993,0.00000163,13671.00000000,1
1531223652607,1531223652605,117994,0.00000163,1307.00000000,1
1531223655809,1531223655805,117995,0.00000162,3779.00000000,1
1531223665333,1531223665329,117996,0.00000162,60975.00000000,1
1531223672809,1531223672806,117997,0.00000162,2001.00000000,1
1531223679497,1531223679491,117998,0.00000162,1197.00000000,1
1531223686140,1531223686136,117999,0.00000162,1197.00000000,1
1531223689653,1531223689649,118000,0.00000162,123253.00000000,1
1531223696331,1531223696330,118001,0.00000163,5.00000000,0
1531223700129,1531223700124,118002,0.00000163,58.00000000,0
1531223704644,1531223704641,118003,0.00000162,3048.00000000,1
1531223704746,1531223704743,118004,0.00000163,10587.00000000,0
1531223743225,1531223743221,118005,0.00000163,31708.00000000,1
1531223755364,1531223755353,118006,0.00000162,197324.00000000,1
1531223757325,1531223757325,118007,0.00000163,51803.00000000,0
1531223773441,1531223773436,118008,0.00000163,2.00000000,0
1531223792942,1531223792939,118009,0.00000162,624.00000000,1
1531223811891,1531223811886,118010,0.00000162,2183.00000000,1
1531223823369,1531223823364,118011,0.00000162,212121.00000000,1
1531223834128,1531223834125,118012,0.00000163,30398.00000000,0
1531223860275,1531223860272,118013,0.00000163,14794.00000000,0
1531223860343,1531223860339,118014,0.00000163,19815.00000000,0
1531223860353,1531223860350,118015,0.00000163,89.00000000,0
1531223861153,1531223861148,118016,0.00000163,22070.00000000,0
1531223862213,1531223862210,118017,0.00000163,18349.00000000,0
1531223862942,1531223862942,118018,0.00000163,106808.00000000,0
1531223863269,1531223863264,118019,0.00000163,106808.00000000,0
1531223864232,1531223864227,118020,0.00000163,18349.00000000,0
1531223903988,1531223903985,118021,0.00000163,99.00000000,0
1531223906685,1531223906681,118022,0.00000163,1.00000000,0
1531223912867,1531223912862,118023,0.00000163,1667.00000000,0
1531223913808,1531223913804,118024,0.00000162,2494.00000000,1
1531223957094,1531223957089,118025,0.00000163,4167.00000000,0
1531223958138,1531223958135,118026,0.00000163,30674.00000000,0
1531223958779,1531223958776,118027,0.00000163,18349.00000000,0
1531223959241,1531223959238,118028,0.00000163,151769.00000000,0
1531223959452,1531223959451,118029,0.00000164,245299.00000000,0
1531223972316,1531223972313,118030,0.00000163,3541.00000000,1
1531223994737,1531223994736,118031,0.00000164,4268.00000000,0
1531224006621,1531224006617,118032,0.00000164,1.00000000,0
1531224011865,1531224011862,118033,0.00000164,5393.00000000,0
1531224018983,1531224018984,118034,0.00000164,16375.00000000,0
1531224047060,1531224047056,118035,0.00000163,572688.00000000,1
1531224055643,1531224055640,118036,0.00000163,1277.00000000,1
1531224100470,1531224100466,118037,0.00000163,23087.00000000,1
1531224107555,1531224107552,118038,0.00000164,4958.00000000,0
1531224115508,1531224115507,118039,0.00000163,620.00000000,1
1531224117642,1531224117636,118040,0.00000164,32.00000000,0
1531224120327,1531224120322,118041,0.00000164,87618.00000000,0
1531224120983,1531224120985,118042,0.00000164,22697.00000000,0
1531224127494,1531224127493,118043,0.00000164,17950.00000000,0
1531224128173,1531224128175,118044,0.00000163,52271.00000000,1
1531224151533,1531224151529,118045,0.00000163,35000.00000000,1
1531224152033,1531224152030,118046,0.00000163,11867.00000000,1
1531224154698,1531224154694,118047,0.00000163,1489.00000000,1
1531224155172,1531224155169,118048,0.00000164,50.00000000,0
1531224161727,1531224161723,118049,0.00000163,522018.00000000,1
1531224164456,1531224164453,118050,0.00000164,57967.00000000,0
1531224188763,1531224188759,118051,0.00000164,20873.00000000,0
1531224259820,1531224259817,118052,0.00000164,4683.00000000,0
1531224289690,1531224289687,118053,0.00000163,21000.00000000,1
1531224306932,1531224306934,118054,0.00000163,684.00000000,1
1531224310639,1531224310636,118055,0.00000164,60975.00000000,0
1531224312069,1531224312068,118056,0.00000164,8000.00000000,0
1531224315421,1531224315417,118057,0.00000164,7977.00000000,0
1531224328130,1531224328127,118058,0.00000164,29685.00000000,0
1531224330006,1531224330002,118059,0.00000164,2000.00000000,0
1531224331176,1531224331173,118060,0.00000164,8691.00000000,0
1531224334449,1531224334446,118061,0.00000164,799.00000000,0
1531224344408,1531224344404,118062,0.00000164,200000.00000000,0
1531224350361,1531224350360,118063,0.00000164,30410.00000000,0
1531224355529,1531224355527,118064,0.00000164,13.00000000,0
1531224357372,1531224357367,118065,0.00000164,77.00000000,0
1531224364135,1531224364132,118066,0.00000164,38533.00000000,0
1531224377826,1531224377822,118067,0.00000163,125923.00000000,1
1531224398759,1531224398756,118068,0.00000164,11.00000000,0
1531224401310,1531224401313,118069,0.00000164,1.00000000,0
1531224408581,1531224408579,118070,0.00000164,6097.00000000,0
1531224424600,1531224424595,118071,0.00000163,4199.00000000,1
1531224426986,1531224426988,118072,0.00000164,18237.00000000,0
1531224427419,1531224427414,118073,0.00000164,60429.00000000,0
1531224429288,1531224429284,118074,0.00000164,18237.00000000,0
1531224429518,1531224429515,118075,0.00000164,30487.00000000,0
1531224435565,1531224435562,118076,0.00000164,5836.00000000,0
1531224457752,1531224457750,118077,0.00000164,24468.00000000,0
1531224458514,1531224458511,118078,0.00000164,24468.00000000,0
1531224466758,1531224466755,118079,0.00000164,6097.00000000,0
1531224468259,1531224468255,118080,0.00000164,153.00000000,0
1531224478052,1531224478049,118081,0.00000164,6.00000000,0
1531224479856,1531224479852,118082,0.00000164,146785.00000000,0
1531224479886,1531224479883,118083,0.00000164,29372.00000000,1
1531224492831,1531224492827,118084,0.00000164,60454.00000000,0
1531224493040,1531224493036,118085,0.00000164,18237.00000000,0
1531224495660,1531224495657,118086,0.00000164,5207.00000000,0
1531224499783,1531224499781,118087,0.00000164,25258.00000000,1
1531224500332,1531224500328,118088,0.00000164,300.00000000,1
1531224500516,1531224500513,118089,0.00000164,610.00000000,1
1531224506167,1531224506163,118090,0.00000165,104.00000000,0
1531224508840,1531224508834,118091,0.00000164,4140.00000000,1
1531224554598,1531224554595,118092,0.00000164,21385.00000000,1
1531224556561,1531224556558,118093,0.00000164,10975.00000000,0
1531224558366,1531224558361,118094,0.00000164,10975.00000000,0
1531224568985,1531224568981,118095,0.00000164,1578.00000000,0
1531224574955,1531224574957,118096,0.00000164,14563.00000000,0
1531224575914,1531224575910,118097,0.00000164,60454.00000000,0
1531224577516,1531224577515,118098,0.00000164,5439.00000000,0
1531224577778,1531224577777,118099,0.00000165,60454.00000000,0
1531224641524,1531224641521,118100,0.00000165,552.00000000,0
1531224658749,1531224658746,118101,0.00000164,2331.00000000,1
1531224664396,1531224664391,118102,0.00000164,109402.00000000,1
1531224677900,1531224677896,118103,0.00000165,3.00000000,0
1531224693612,1531224693612,118104,0.00000164,1344.00000000,1
1531224704025,1531224704022,118105,0.00000164,2585.00000000,1
1531224755951,1531224755948,118106,0.00000164,1900.00000000,1
1531224782661,1531224782658,118107,0.00000165,263.00000000,0
1531224785673,1531224785670,118108,0.00000165,8832.00000000,0
1531224854944,1531224854940,118109,0.00000165,16008.00000000,0
1531224857131,1531224857128,118110,0.00000165,24553.00000000,0
1531224857171,1531224857168,118111,0.00000165,2949.00000000,0
1531224859561,1531224859558,118112,0.00000165,333.00000000,0
1531224865315,1531224865312,118113,0.00000164,20000.00000000,1
1531224867450,1531224867450,118114,0.00000165,7400.00000000,0
1531224881765,1531224881763,118115,0.00000164,1427.00000000,1
1531224886543,1531224886539,118116,0.00000164,4341.00000000,1
1531224899525,1531224899522,118117,0.00000164,1303.00000000,1
1531224922866,1531224922864,118118,0.00000164,27234.00000000,1
1531224925928,1531224925924,118119,0.00000164,323311.00000000,1
1531224976650,1531224976646,118120,0.00000165,116.00000000,0
1531224982954,1531224982950,118121,0.00000164,208675.00000000,1
1531224987252,1531224987248,118122,0.00000164,106121.00000000,1
1531225027557,1531225027554,118123,0.00000163,1149.00000000,1
1531225041678,1531225041675,118124,0.00000164,20000.00000000,0
1531225049111,1531225049108,118125,0.00000164,3050.00000000,0
1531225054287,1531225054286,118126,0.00000163,4952.00000000,1
1531225075746,1531225075743,118127,0.00000164,63492.00000000,0
1531225092149,1531225092146,118128,0.00000164,3596.00000000,1
1531225101481,1531225101478,118129,0.00000164,4643.00000000,1
1531225109528,1531225109526,118130,0.00000164,7308.00000000,1
1531225118726,1531225118722,118131,0.00000165,1397.00000000,0
1531225132085,1531225132084,118132,0.00000165,1250.00000000,0
1531225245169,1531225245166,118133,0.00000164,2000.00000000,1
1531225251520,1531225251517,118134,0.00000165,2135.00000000,0
1531225291554,1531225291551,118135,0.00000165,23.00000000,0
1531225334449,1531225334447,118136,0.00000164,793.00000000,1
1531225360957,1531225360954,118137,0.00000164,14548.00000000,1
1531225496841,1531225496838,118138,0.00000164,5758.00000000,1
1531225500036,1531225500031,118139,0.00000164,1.00000000,1
1531225526132,1531225526129,118140,0.00000164,4484.00000000,1
1531225588512,1531225588515,118141,0.00000165,13.00000000,0
1531225610912,1531225610909,118142,0.00000164,32380.00000000,1
1531225625468,1531225625469,118143,0.00000164,3750.00000000,1
1531225641814,1531225641810,118144,0.00000164,10093.00000000,1
1531225674949,1531225674945,118145,0.00000164,7392.00000000,1
1531225682677,1531225682674,118146,0.00000164,18719.00000000,1
1531225730164,1531225730161,118147,0.00000165,171.00000000,0
1531225730472,1531225730468,118148,0.00000164,1000.00000000,1
1531225783738,1531225783734,118149,0.00000164,133059.00000000,1
1531225797298,1531225797294,118150,0.00000164,1.00000000,1
1531225802584,1531225802580,118151,0.00000164,59830.00000000,1
1531225822794,1531225822795,118152,0.00000164,2890.00000000,1
1531225836981,1531225836978,118153,0.00000165,108.00000000,0
1531225839998,1531225839994,118154,0.00000165,1.00000000,0
1531225935184,1531225935182,118155,0.00000165,11.00000000,0
1531225970228,1531225970223,118156,0.00000165,53870.00000000,0
1531225987375,1531225987371,118157,0.00000164,10500.00000000,1
1531225992051,1531225992046,118158,0.00000164,11226.00000000,1
1531226010214,1531226010213,118159,0.00000164,5893.00000000,1
1531226016044,1531226016041,118160,0.00000164,37354.00000000,1
1531226064643,1531226064639,118161,0.00000165,32.00000000,0
1531226135205,1531226135205,118162,0.00000164,18.00000000,1
1531226145277,1531226145273,118163,0.00000164,189000.00000000,1
1531226175632,1531226175628,118164,0.00000164,3610.00000000,1
1531226188053,1531226188050,118165,0.00000164,8551.00000000,1
1531226241066,1531226241061,118166,0.00000164,72109.00000000,1
1531226282926,1531226282923,118167,0.00000164,5500.00000000,1
1531226282934,1531226282931,118168,0.00000164,5499.00000000,1
1531226339541,1531226339537,118169,0.00000164,13395.00000000,1
1531226339541,1531226339537,118170,0.00000163,58887.00000000,1
1531226339542,1531226339537,118171,0.00000165,139000.00000000,0
1531226364334,1531226364331,118172,0.00000164,122725.00000000,1
1531226379485,1531226379482,118173,0.00000164,87848.00000000,0
1531226386462,1531226386459,118174,0.00000164,1012.00000000,1
1531226434631,1531226434627,118175,0.00000164,2937.00000000,1
1531226475279,1531226475275,118176,0.00000164,74.00000000,1
1531226516972,1531226516968,118177,0.00000165,15.00000000,0
1531226520261,1531226520258,118178,0.00000164,194211.00000000,1
1531226546791,1531226546787,118179,0.00000164,131536.00000000,1
1531226546791,1531226546787,118180,0.00000163,18164.00000000,1
1531226553692,1531226553692,118181,0.00000165,14378.00000000,0
1531226616660,1531226616656,118182,0.00000163,915.00000000,1
1531226661396,1531226661392,118183,0.00000165,287.00000000,0
1531226664440,1531226664437,118184,0.00000165,1.00000000,0
1531226682810,1531226682807,118185,0.00000164,616.00000000,1
1531226716815,1531226716811,118186,0.00000164,594.00000000,1
1531226733829,1531226733824,118187,0.00000165,123450.00000000,0
1531226755859,1531226755853,118188,0.00000165,80171.00000000,0
1531226765610,1531226765606,118189,0.00000165,232.00000000,0
1531226768630,1531226768624,118190,0.00000165,1.00000000,0
1531226790378,1531226790373,118191,0.00000165,4432.00000000,0
1531226791972,1531226791969,118192,0.00000164,7.00000000,1
1531226851741,1531226851736,118193,0.00000164,52.00000000,1
1531226868163,1531226868159,118194,0.00000164,2670.00000000,1
1531226873300,1531226873297,118195,0.00000165,7622.00000000,0
1531226898897,1531226898892,118196,0.00000164,53632.00000000,1
1531226898905,1531226898902,118197,0.00000164,5938.00000000,1
1531226898910,1531226898905,118198,0.00000164,5938.00000000,1
1531226898913,1531226898909,118199,0.00000164,53629.00000000,1
1531226898930,1531226898926,118200,0.00000164,4532.00000000,1
1531226898991,1531226898987,118201,0.00000165,2754.00000000,0
1531226899110,1531226899106,118202,0.00000165,30000.00000000,0
1531226907068,1531226907064,118203,0.00000165,4825.00000000,0
1531226936150,1531226936147,118204,0.00000165,153917.00000000,0
1531226936190,1531226936185,118205,0.00000165,6276.00000000,0
1531226936327,1531226936321,118206,0.00000165,82293.00000000,0
1531226965564,1531226965561,118207,0.00000164,423.00000000,1
1531226981681,1531226981679,118208,0.00000165,90909.00000000,0
1531227081936,1531227081933,118209,0.00000165,5090.00000000,0
1531227086610,1531227086606,118210,0.00000165,1217.00000000,0
1531227088765,1531227088760,118211,0.00000165,607.00000000,0
1531227090107,1531227090101,118212,0.00000164,420.00000000,1
1531227147059,1531227147054,118213,0.00000165,4098.00000000,0
1531227194356,1531227194352,118214,0.00000164,57414.00000000,1
1531227229695,1531227229690,118215,0.00000164,491466.00000000,1
1531227250487,1531227250484,118216,0.00000164,1576.00000000,1
1531227251501,1531227251497,118217,0.00000164,63.00000000,1
1531227282019,1531227282016,118218,0.00000164,6.00000000,1
1531227347490,1531227347486,118219,0.00000165,4516.00000000,0
1531227373060,1531227373058,118220,0.00000165,2637.00000000,0
1531227376768,1531227376764,118221,0.00000165,76119.00000000,0
1531227385848,1531227385843,118222,0.00000165,4532.00000000,0
1531227386324,1531227386316,118223,0.00000165,2490.00000000,0
1531227403415,1531227403411,118224,0.00000165,5845.00000000,0
1531227422170,1531227422165,118225,0.00000164,2673.00000000,1
1531227430958,1531227430952,118226,0.00000165,74296.00000000,0
1531227430965,1531227430961,118227,0.00000165,107566.00000000,0
1531227434094,1531227434090,118228,0.00000164,73969.00000000,1
1531227444443,1531227444439,118229,0.00000164,856.00000000,1
1531227455038,1531227455034,118230,0.00000164,127773.00000000,1
1531227471942,1531227471937,118231,0.00000164,11421.00000000,1
1531227477829,1531227477828,118232,0.00000164,139.00000000,1
1531227478050,1531227478046,118233,0.00000165,35921.00000000,0
1531227481184,1531227481179,118234,0.00000164,4422.00000000,1
1531227553693,1531227553689,118235,0.00000165,1.00000000,0
1531227576882,1531227576876,118236,0.00000164,33.00000000,1
1531227595079,1531227595075,118237,0.00000164,81139.00000000,1
1531227596412,1531227596407,118238,0.00000164,6424.00000000,1
1531227635812,1531227635809,118239,0.00000165,77.00000000,0
1531227666781,1531227666777,118240,0.00000165,173.00000000,0
1531227719600,1531227719596,118241,0.00000165,31580.00000000,0
1531227739595,1531227739592,118242,0.00000164,28.00000000,1
1531227826600,1531227826597,118243,0.00000164,91388.00000000,1
1531227902682,1531227902679,118244,0.00000164,73455.00000000,1
1531227967831,1531227967826,118245,0.00000164,4.00000000,1
1531227970668,1531227970663,118246,0.00000164,23.00000000,1
1531227977964,1531227977960,118247,0.00000164,13483.00000000,1
1531228000455,1531228000451,118248,0.00000164,6716.00000000,1
1531228013708,1531228013706,118249,0.00000165,69.00000000,0
1531228073913,1531228073911,118250,0.00000164,1.00000000,1
1531228094661,1531228094656,118251,0.00000164,12.00000000,1
1531228101124,1531228101119,118252,0.00000164,28874.00000000,1
1531228143213,1531228143209,118253,0.00000164,1306.00000000,1
1531228153132,1531228153128,118254,0.00000164,73455.00000000,1
1531228200219,1531228200214,118255,0.00000164,5536.00000000,1
1531228231979,1531228231976,118256,0.00000165,32.00000000,0
1531228241134,1531228241129,118257,0.00000165,11909.00000000,0
1531228261254,1531228261251,118258,0.00000164,792.00000000,1
1531228285499,1531228285495,118259,0.00000164,7297.00000000,1
1531228286671,1531228286666,118260,0.00000164,55.00000000,1
1531228324262,1531228324259,118261,0.00000164,658.00000000,1
1531228329069,1531228329065,118262,0.00000165,260.00000000,0
1531228330535,1531228330531,118263,0.00000164,11790.00000000,1
1531228339200,1531228339196,118264,0.00000165,12659.00000000,0
1531228340729,1531228340724,118265,0.00000165,4117.00000000,0
1531228368348,1531228368343,118266,0.00000165,912.00000000,0
1531228423017,1531228423016,118267,0.00000164,8636.00000000,1
1531228466477,1531228466474,118268,0.00000165,18292.00000000,0
1531228487546,1531228487542,118269,0.00000165,1000.00000000,0
1531228506677,1531228506672,118270,0.00000165,5047.00000000,0
1531228515012,1531228515008,118271,0.00000164,3034.00000000,1
1531228524183,1531228524179,118272,0.00000164,35593.00000000,1
1531228602297,1531228602289,118273,0.00000164,6900.00000000,1
1531228700529,1531228700526,118274,0.00000164,8526.00000000,1
1531228704325,1531228704321,118275,0.00000164,1189.00000000,1
1531228712868,1531228712862,118276,0.00000165,8400.00000000,0
1531228744582,1531228744578,118277,0.00000165,4000.00000000,0
1531228842529,1531228842525,118278,0.00000165,666.00000000,0
1531228860029,1531228860026,118279,0.00000164,245.00000000,1
1531228891845,1531228891840,118280,0.00000165,98830.00000000,0
1531228919147,1531228919143,118281,0.00000165,1568.00000000,0
1531228977824,1531228977819,118282,0.00000165,5804.00000000,0
1531228980038,1531228980033,118283,0.00000165,13.00000000,0
1531228982267,1531228982261,118284,0.00000165,290012.00000000,0
1531228993618,1531228993611,118285,0.00000165,788209.00000000,0
1531229041478,1531229041474,118286,0.00000166,1199.00000000,0
1531229043604,1531229043599,118287,0.00000166,12.00000000,0
1531229050737,1531229050733,118288,0.00000166,7770.00000000,0
1531229066938,1531229066934,118289,0.00000165,200.00000000,1
1531229067472,1531229067465,118290,0.00000166,848264.00000000,0
1531229067755,1531229067751,118291,0.00000165,613.00000000,1
1531229073550,1531229073546,118292,0.00000166,4819.00000000,0
1531229091732,1531229091728,118293,0.00000166,7228.00000000,0
1531229093004,1531229092999,118294,0.00000166,4819.00000000,0
1531229095176,1531229095171,118295,0.00000166,5378.00000000,0
1531229098427,1531229098423,118296,0.00000166,4033.00000000,0
1531229117900,1531229117896,118297,0.00000166,3313.00000000,0
1531229127002,1531229126997,118298,0.00000165,109.00000000,1
1531229133984,1531229133980,118299,0.00000166,943.00000000,0
1531229142768,1531229142764,118300,0.00000166,55265.00000000,0
1531229145396,1531229145393,118301,0.00000166,77094.00000000,0
1531229151955,1531229151951,118302,0.00000166,1950.00000000,0
1531229152862,1531229152856,118303,0.00000166,240963.00000000,0
1531229155131,1531229155127,118304,0.00000166,62307.00000000,0
1531229155442,1531229155438,118305,0.00000166,18592.00000000,0
1531229155672,1531229155669,118306,0.00000166,11735.00000000,0
1531229160785,1531229160780,118307,0.00000166,12195.00000000,1
1531229172539,1531229172534,118308,0.00000167,3025.00000000,0
1531229175459,1531229175454,118309,0.00000167,2251.00000000,0
1531229178689,1531229178686,118310,0.00000167,1688.00000000,0
1531229188975,1531229188971,118311,0.00000167,1203.00000000,0
1531229196467,1531229196462,118312,0.00000166,699.00000000,1
1531229198148,1531229198144,118313,0.00000167,9734.00000000,0
1531229202987,1531229202983,118314,0.00000166,3.00000000,1
1531229208688,1531229208683,118315,0.00000167,97914.00000000,0
1531229227748,1531229227742,118316,0.00000167,33751.00000000,0
1531229234757,1531229234750,118317,0.00000167,299820.00000000,0
1531229240588,1531229240583,118318,0.00000167,28062.00000000,0
1531229247099,1531229247094,118319,0.00000167,23875.00000000,0
1531229249238,1531229249232,118320,0.00000167,132103.00000000,0
1531229257594,1531229257589,118321,0.00000167,48054.00000000,0
1531229275147,1531229275143,118322,0.00000167,7403.00000000,0
1531229275382,1531229275378,118323,0.00000167,28786.00000000,0
1531229283786,1531229283782,118324,0.00000167,7403.00000000,0
1531229289214,1531229289210,118325,0.00000167,80245.00000000,0
1531229290008,1531229290002,118326,0.00000167,85119.00000000,1
1531229290383,1531229290379,118327,0.00000167,7160.00000000,1
1531229296819,1531229296815,118328,0.00000167,54045.00000000,1
1531229299453,1531229299449,118329,0.00000167,188571.00000000,0
1531229304569,1531229304565,118330,0.00000167,6037.00000000,1
1531229325852,1531229325847,118331,0.00000167,174.00000000,1
1531229329401,1531229329398,118332,0.00000168,41936.00000000,0
1531229333899,1531229333894,118333,0.00000167,6716.00000000,1
1531229340318,1531229340313,118334,0.00000168,4348.00000000,0
1531229340550,1531229340547,118335,0.00000168,8954.00000000,0
1531229341570,1531229341566,118336,0.00000168,1520.00000000,0
1531229342208,1531229342204,118337,0.00000168,2914.00000000,0
1531229344518,1531229344516,118338,0.00000168,48114.00000000,0
1531229345097,1531229345092,118339,0.00000167,1524.00000000,1
