event_time,trade_time,trade_id,price,quantity,maker
1531210355250,1531210355246,1082899,0.00000232,692.00000000,0
1531210355509,1531210355505,1082900,0.00000232,168774.00000000,0
1531210355728,1531210355723,1082901,0.00000232,106289.00000000,0
1531210355984,1531210355980,1082902,0.00000232,434.00000000,0
1531210355996,1531210355992,1082903,0.00000231,2187.00000000,1
1531210356975,1531210356971,1082904,0.00000232,16737.00000000,0
1531210356987,1531210356985,1082905,0.00000232,9397.00000000,1
1531210356993,1531210356989,1082906,0.00000232,15095.00000000,1
1531210357060,1531210357055,1082907,0.00000232,9397.00000000,1
1531210357246,1531210357241,1082908,0.00000232,9395.00000000,1
1531210357692,1531210357687,1082909,0.00000232,3000.00000000,1
1531210358588,1531210358585,1082910,0.00000232,439.00000000,1
1531210359735,1531210359730,1082911,0.00000233,1650.00000000,0
1531210360282,1531210360277,1082912,0.00000232,500.00000000,1
1531210360734,1531210360730,1082913,0.00000232,26518.00000000,1
1531210360776,1531210360770,1082914,0.00000232,53331.00000000,0
1531210360776,1531210360770,1082915,0.00000233,224393.00000000,0
1531210362660,1531210362655,1082916,0.00000232,52729.00000000,1
1531210362967,1531210362962,1082917,0.00000232,11601.00000000,0
1531210362967,1531210362962,1082918,0.00000233,2503.00000000,0
1531210363111,1531210363107,1082919,0.00000232,24802.00000000,0
1531210363437,1531210363432,1082920,0.00000232,10690.00000000,0
1531210372478,1531210372474,1082921,0.00000232,1336.00000000,0
1531210373312,1531210373306,1082922,0.00000232,1906.00000000,0
1531210374907,1531210374903,1082923,0.00000232,32799.00000000,0
1531210375342,1531210375337,1082924,0.00000232,8957.00000000,0
1531210375895,1531210375889,1082925,0.00000232,1301.00000000,0
1531210375941,1531210375935,1082926,0.00000232,34179.00000000,0
1531210376011,1531210376006,1082927,0.00000232,434.00000000,0
1531210377027,1531210377023,1082928,0.00000232,6225.00000000,0
1531210377117,1531210377113,1082929,0.00000232,150970.00000000,0
1531210377137,1531210377132,1082930,0.00000232,432.00000000,0
1531210377308,1531210377302,1082931,0.00000232,961.00000000,0
1531210378082,1531210378076,1082932,0.00000233,604.00000000,0
1531210380558,1531210380552,1082933,0.00000232,19019.00000000,1
1531210380558,1531210380552,1082934,0.00000231,46008.00000000,1
1531210383098,1531210383095,1082935,0.00000233,5627.00000000,0
1531210383660,1531210383655,1082936,0.00000233,473.00000000,0
1531210386386,1531210386379,1082937,0.00000233,136851.00000000,0
1531210387622,1531210387619,1082938,0.00000232,61190.00000000,1
1531210388954,1531210388949,1082939,0.00000233,3367.00000000,0
1531210389155,1531210389151,1082940,0.00000233,101434.00000000,0
1531210389912,1531210389904,1082941,0.00000233,170110.00000000,0
1531210389995,1531210389991,1082942,0.00000232,36827.00000000,1
1531210390586,1531210390580,1082943,0.00000231,300000.00000000,1
1531210390586,1531210390580,1082944,0.00000231,1242.00000000,1
1531210390631,1531210390624,1082945,0.00000231,73853.00000000,1
1531210390664,1531210390655,1082946,0.00000231,2592.00000000,1
1531210390664,1531210390655,1082947,0.00000230,223555.00000000,1
1531210390665,1531210390655,1082948,0.00000230,38457.00000000,1
1531210391490,1531210391484,1082949,0.00000231,1939.00000000,0
1531210391501,1531210391498,1082950,0.00000231,2453.00000000,0
1531210391502,1531210391499,1082951,0.00000231,1939.00000000,0
1531210391507,1531210391502,1082952,0.00000231,1939.00000000,0
1531210391509,1531210391506,1082953,0.00000231,1939.00000000,0
1531210391510,1531210391510,1082954,0.00000231,1939.00000000,0
1531210391510,1531210391510,1082955,0.00000231,6711.00000000,0
1531210391536,1531210391535,1082956,0.00000232,10209.00000000,0
1531210391625,1531210391621,1082957,0.00000230,2947.00000000,1
1531210391625,1531210391621,1082958,0.00000229,13976.00000000,1
1531210391880,1531210391874,1082959,0.00000231,4236.00000000,0
1531210392310,1531210392305,1082960,0.00000231,751.00000000,0
1531210392466,1531210392460,1082961,0.00000230,1336.00000000,1
1531210394684,1531210394679,1082962,0.00000231,3000.00000000,0
1531210396785,1531210396780,1082963,0.00000230,1110.00000000,1
1531210399261,1531210399257,1082964,0.00000231,694.00000000,0
1531210399699,1531210399696,1082965,0.00000230,31738.00000000,1
1531210400419,1531210400416,1082966,0.00000230,1650.00000000,1
1531210401403,1531210401398,1082967,0.00000230,1503.00000000,1
1531210407420,1531210407416,1082968,0.00000230,50401.00000000,1
1531210407940,1531210407934,1082969,0.00000231,8718.00000000,0
1531210408603,1531210408600,1082970,0.00000231,1.00000000,0
1531210408855,1531210408850,1082971,0.00000230,19579.00000000,1
1531210408901,1531210408896,1082972,0.00000230,25348.00000000,1
1531210409617,1531210409613,1082973,0.00000230,19164.00000000,0
1531210410406,1531210410402,1082974,0.00000230,97.00000000,0
1531210411902,1531210411895,1082975,0.00000230,2592.00000000,1
1531210413817,1531210413813,1082976,0.00000231,1.00000000,0
1531210416464,1531210416459,1082977,0.00000231,1.00000000,0
1531210416738,1531210416734,1082978,0.00000231,19969.00000000,0
1531210417941,1531210417936,1082979,0.00000231,1.00000000,0
1531210420990,1531210420986,1082980,0.00000230,1.00000000,1
1531210422562,1531210422557,1082981,0.00000230,1.00000000,1
1531210424061,1531210424057,1082982,0.00000230,1.00000000,1
1531210424285,1531210424283,1082983,0.00000230,8580.00000000,1
1531210425520,1531210425515,1082984,0.00000230,1.00000000,1
1531210425926,1531210425922,1082985,0.00000230,40515.00000000,1
1531210426292,1531210426288,1082986,0.00000230,21884.00000000,1
1531210427750,1531210427747,1082987,0.00000230,2245.00000000,1
1531210428584,1531210428578,1082988,0.00000230,15304.00000000,0
1531210436047,1531210436043,1082989,0.00000230,20009.00000000,1
1531210436204,1531210436200,1082990,0.00000230,17555.00000000,0
1531210436288,1531210436285,1082991,0.00000230,438.00000000,0
1531210436311,1531210436306,1082992,0.00000230,435.00000000,0
1531210436499,1531210436496,1082993,0.00000229,1906.00000000,1
1531210436586,1531210436581,1082994,0.00000230,95197.00000000,0
1531210437988,1531210437984,1082995,0.00000230,11292.00000000,0
1531210439020,1531210439014,1082996,0.00000230,479.00000000,0
1531210440499,1531210440494,1082997,0.00000230,565.00000000,0
1531210443503,1531210443496,1082998,0.00000229,205580.00000000,1
1531210443941,1531210443940,1082999,0.00000230,1302.00000000,0
1531210444598,1531210444595,1083000,0.00000229,15304.00000000,1
1531210444629,1531210444625,1083001,0.00000229,481.00000000,1
1531210444670,1531210444668,1083002,0.00000229,525.00000000,1
1531210444708,1531210444703,1083003,0.00000229,10957.00000000,1
1531210444726,1531210444722,1083004,0.00000229,3031.00000000,0
1531210444763,1531210444757,1083005,0.00000229,3031.00000000,0
1531210444806,1531210444802,1083006,0.00000229,3031.00000000,0
1531210445374,1531210445369,1083007,0.00000229,3037.00000000,0
1531210445443,1531210445438,1083008,0.00000229,3000.00000000,0
1531210446911,1531210446908,1083009,0.00000229,8377.00000000,0
1531210447397,1531210447393,1083010,0.00000229,523.00000000,0
1531210447680,1531210447676,1083011,0.00000229,1000.00000000,0
1531210448037,1531210448031,1083012,0.00000229,9036.00000000,0
1531210448173,1531210448167,1083013,0.00000228,2750.00000000,1
1531210448281,1531210448276,1083014,0.00000229,8881.00000000,0
1531210449272,1531210449269,1083015,0.00000229,9215.00000000,0
1531210449274,1531210449270,1083016,0.00000229,567.00000000,0
1531210450728,1531210450724,1083017,0.00000229,9143.00000000,0
1531210450911,1531210450907,1083018,0.00000229,956.00000000,0
1531210451854,1531210451850,1083019,0.00000229,7935.00000000,0
1531210452003,1531210451999,1083020,0.00000229,1935.00000000,0
1531210452232,1531210452229,1083021,0.00000228,886.00000000,1
1531210452650,1531210452645,1083022,0.00000228,1059.00000000,1
1531210453320,1531210453316,1083023,0.00000229,7077.00000000,0
1531210454679,1531210454678,1083024,0.00000229,7043.00000000,0
1531210455198,1531210455192,1083025,0.00000229,7152.00000000,0
1531210455761,1531210455757,1083026,0.00000229,437.00000000,0
1531210456299,1531210456294,1083027,0.00000229,8168.00000000,0
1531210463286,1531210463280,1083028,0.00000228,42027.00000000,1
1531210467529,1531210467525,1083029,0.00000228,39643.00000000,1
1531210475068,1531210475062,1083030,0.00000228,192535.00000000,1
1531210477268,1531210477264,1083031,0.00000228,152374.00000000,1
1531210477591,1531210477587,1083032,0.00000228,2205.00000000,0
1531210477640,1531210477635,1083033,0.00000228,878.00000000,0
1531210478530,1531210478526,1083034,0.00000227,602.00000000,1
1531210478530,1531210478526,1083035,0.00000227,8948.00000000,1
1531210479257,1531210479252,1083036,0.00000228,7226.00000000,0
1531210479927,1531210479923,1083037,0.00000228,7149.00000000,0
1531210479998,1531210479994,1083038,0.00000227,9546.00000000,1
1531210480599,1531210480599,1083039,0.00000227,1302.00000000,1
1531210484429,1531210484423,1083040,0.00000228,774.00000000,0
1531210489042,1531210489037,1083041,0.00000227,104960.00000000,1
1531210490727,1531210490727,1083042,0.00000228,580.00000000,0
1531210491682,1531210491679,1083043,0.00000228,1650.00000000,0
1531210493254,1531210493249,1083044,0.00000227,974.00000000,1
1531210494059,1531210494055,1083045,0.00000228,206950.00000000,0
1531210494527,1531210494522,1083046,0.00000228,101799.00000000,0
1531210495683,1531210495678,1083047,0.00000229,37066.00000000,0
1531210495683,1531210495678,1083048,0.00000230,7378.00000000,0
1531210495711,1531210495707,1083049,0.00000229,1251.00000000,1
1531210495768,1531210495761,1083050,0.00000230,1251.00000000,0
1531210495887,1531210495883,1083051,0.00000229,1779.00000000,0
1531210495900,1531210495897,1083052,0.00000229,867.00000000,1
1531210495907,1531210495902,1083053,0.00000229,2647.00000000,0
1531210495907,1531210495903,1083054,0.00000227,867.00000000,1
1531210496119,1531210496114,1083055,0.00000229,267.00000000,0
1531210496724,1531210496721,1083056,0.00000229,1251.00000000,0
1531210497675,1531210497672,1083057,0.00000229,867.00000000,0
1531210497970,1531210497965,1083058,0.00000229,783.00000000,0
1531210500819,1531210500814,1083059,0.00000229,290390.00000000,0
1531210502093,1531210502090,1083060,0.00000229,5408.00000000,0
1531210502552,1531210502548,1083061,0.00000229,1650.00000000,0
1531210504187,1531210504182,1083062,0.00000228,483.00000000,1
1531210505335,1531210505331,1083063,0.00000229,78000.00000000,0
1531210511799,1531210511796,1083064,0.00000228,458.00000000,1
1531210516083,1531210516079,1083065,0.00000229,935.00000000,0
1531210519528,1531210519523,1083066,0.00000229,27979.00000000,0
1531210522218,1531210522214,1083067,0.00000228,691.00000000,1
1531210530552,1531210530549,1083068,0.00000230,555.00000000,0
1531210531340,1531210531335,1083069,0.00000229,1935.00000000,1
1531210531530,1531210531526,1083070,0.00000229,249.00000000,0
1531210533140,1531210533134,1083071,0.00000230,99187.00000000,0
1531210533165,1531210533158,1083072,0.00000230,454.00000000,1
1531210533353,1531210533350,1083073,0.00000230,570.00000000,1
1531210533491,1531210533485,1083074,0.00000230,454.00000000,1
1531210533521,1531210533515,1083075,0.00000231,300000.00000000,0
1531210533555,1531210533548,1083076,0.00000231,149949.00000000,0
1531210533585,1531210533579,1083077,0.00000232,20024.00000000,0
1531210534177,1531210534172,1083078,0.00000230,2848.00000000,1
1531210534511,1531210534506,1083079,0.00000231,863.00000000,1
1531210534545,1531210534543,1083080,0.00000230,863.00000000,1
1531210534553,1531210534547,1083081,0.00000230,866.00000000,1
1531210534559,1531210534555,1083082,0.00000230,863.00000000,1
1531210534683,1531210534680,1083083,0.00000232,557.00000000,0
1531210536308,1531210536303,1083084,0.00000230,460.00000000,1
1531210537518,1531210537513,1083085,0.00000230,7284.00000000,1
1531210540158,1531210540154,1083086,0.00000231,12979.00000000,0
1531210540308,1531210540302,1083087,0.00000231,47243.00000000,0
1531210541406,1531210541401,1083088,0.00000231,25942.00000000,1
1531210541893,1531210541887,1083089,0.00000231,8424.00000000,1
1531210542689,1531210542686,1083090,0.00000231,8394.00000000,1
1531210543765,1531210543761,1083091,0.00000231,8552.00000000,1
1531210544411,1531210544406,1083092,0.00000231,2447.00000000,1
1531210545298,1531210545294,1083093,0.00000231,8603.00000000,1
1531210546656,1531210546652,1083094,0.00000231,9096.00000000,1
1531210547090,1531210547086,1083095,0.00000231,9491.00000000,1
1531210548486,1531210548482,1083096,0.00000231,5408.00000000,1
1531210548596,1531210548591,1083097,0.00000231,8647.00000000,1
1531210548961,1531210548957,1083098,0.00000231,2000.00000000,0
1531210549526,1531210549526,1083099,0.00000231,9855.00000000,1
1531210550401,1531210550401,1083100,0.00000231,9688.00000000,1
1531210551292,1531210551288,1083101,0.00000232,570.00000000,0
1531210551345,1531210551342,1083102,0.00000231,7954.00000000,1
1531210552512,1531210552507,1083103,0.00000231,1591.00000000,1
1531210554562,1531210554557,1083104,0.00000232,16215.00000000,0
1531210557703,1531210557699,1083105,0.00000231,15560.00000000,1
1531210562774,1531210562768,1083106,0.00000231,1632.00000000,1
1531210563570,1531210563566,1083107,0.00000232,28889.00000000,0
1531210566758,1531210566754,1083108,0.00000232,71484.00000000,0
1531210569098,1531210569097,1083109,0.00000231,527.00000000,1
1531210575507,1531210575501,1083110,0.00000231,159657.00000000,1
1531210575688,1531210575683,1083111,0.00000231,8097.00000000,0
1531210577968,1531210577963,1083112,0.00000231,434.00000000,0
1531210578054,1531210578050,1083113,0.00000231,434.00000000,0
1531210578123,1531210578118,1083114,0.00000231,434.00000000,0
1531210579845,1531210579841,1083115,0.00000231,477.00000000,0
1531210579921,1531210579918,1083116,0.00000231,477.00000000,0
1531210580588,1531210580584,1083117,0.00000231,2165.00000000,0
1531210583750,1531210583747,1083118,0.00000231,302600.00000000,0
1531210583914,1531210583909,1083119,0.00000231,1241.00000000,0
1531210585213,1531210585210,1083120,0.00000231,2604.00000000,0
1531210587646,1531210587642,1083121,0.00000231,36076.00000000,0
1531210587646,1531210587642,1083122,0.00000232,2107.00000000,0
1531210589009,1531210589009,1083123,0.00000232,1112.00000000,0
1531210594680,1531210594676,1083124,0.00000231,750.00000000,1
1531210596998,1531210596995,1083125,0.00000231,4872.00000000,0
1531210599502,1531210599496,1083126,0.00000231,1334.00000000,1
1531210600515,1531210600512,1083127,0.00000231,14268.00000000,1
1531210600541,1531210600537,1083128,0.00000231,71840.00000000,1
1531210600541,1531210600537,1083129,0.00000230,228160.00000000,1
1531210600573,1531210600568,1083130,0.00000230,285732.00000000,1
1531210604002,1531210603997,1083131,0.00000230,2187.00000000,1
1531210604064,1531210604060,1083132,0.00000230,8864.00000000,1
1531210612980,1531210612976,1083133,0.00000230,150970.00000000,1
1531210613578,1531210613573,1083134,0.00000230,302600.00000000,1
1531210616031,1531210616027,1083135,0.00000230,112683.00000000,1
1531210616064,1531210616061,1083136,0.00000230,1650.00000000,0
1531210616103,1531210616099,1083137,0.00000230,1650.00000000,0
1531210616124,1531210616121,1083138,0.00000230,1650.00000000,0
1531210616629,1531210616625,1083139,0.00000230,1653.00000000,0
1531210623190,1531210623184,1083140,0.00000229,1650.00000000,1
1531210624383,1531210624379,1083141,0.00000230,479.00000000,0
1531210630923,1531210630918,1083142,0.00000230,34529.00000000,0
1531210635244,1531210635240,1083143,0.00000229,136.00000000,1
1531210635704,1531210635700,1083144,0.00000230,8132.00000000,0
1531210637737,1531210637733,1083145,0.00000230,58496.00000000,0
1531210650419,1531210650414,1083146,0.00000230,93350.00000000,0
1531210655660,1531210655655,1083147,0.00000231,21354.00000000,0
1531210661223,1531210661218,1083148,0.00000231,310722.00000000,0
1531210665644,1531210665639,1083149,0.00000231,19723.00000000,0
1531210665909,1531210665905,1083150,0.00000231,535.00000000,0
1531210666285,1531210666281,1083151,0.00000230,2242.00000000,1
1531210669592,1531210669587,1083152,0.00000231,24617.00000000,0
1531210669824,1531210669820,1083153,0.00000231,476.00000000,0
1531210682720,1531210682716,1083154,0.00000231,5689.00000000,0
1531210682784,1531210682780,1083155,0.00000231,2453.00000000,1
1531210683782,1531210683778,1083156,0.00000231,5000.00000000,1
1531210684341,1531210684337,1083157,0.00000232,647.00000000,0
1531210686698,1531210686695,1083158,0.00000231,16572.00000000,1
1531210690377,1531210690373,1083159,0.00000231,2859.00000000,1
1531210695402,1531210695397,1083160,0.00000232,15310.00000000,0
1531210696371,1531210696367,1083161,0.00000232,4695.00000000,0
1531210706058,1531210706054,1083162,0.00000231,3186.00000000,1
1531210708736,1531210708732,1083163,0.00000232,21263.00000000,0
1531210712570,1531210712565,1083164,0.00000231,12521.00000000,1
1531210713281,1531210713275,1083165,0.00000232,480835.00000000,0
1531210715816,1531210715813,1083166,0.00000232,102376.00000000,0
1531210716511,1531210716507,1083167,0.00000231,17948.00000000,1
1531210717109,1531210717103,1083168,0.00000232,1547650.00000000,0
1531210717177,1531210717172,1083169,0.00000232,514.00000000,1
1531210717186,1531210717182,1083170,0.00000232,969.00000000,1
1531210717539,1531210717530,1083171,0.00000233,106930.00000000,0
1531210717539,1531210717530,1083172,0.00000234,193070.00000000,0
1531210717575,1531210717567,1083173,0.00000234,252099.00000000,0
1531210717601,1531210717595,1083174,0.00000235,47901.00000000,0
1531210718205,1531210718201,1083175,0.00000233,2598.00000000,1
1531210718233,1531210718229,1083176,0.00000232,2598.00000000,1
1531210718610,1531210718606,1083177,0.00000233,2598.00000000,1
1531210718613,1531210718609,1083178,0.00000232,2598.00000000,1
1531210718642,1531210718638,1083179,0.00000232,2598.00000000,1
1531210718760,1531210718755,1083180,0.00000233,4290.00000000,1
1531210718762,1531210718761,1083181,0.00000233,4290.00000000,1
1531210718770,1531210718767,1083182,0.00000232,2145.00000000,1
1531210718785,1531210718782,1083183,0.00000234,3115.00000000,0
1531210718785,1531210718782,1083184,0.00000235,1175.00000000,0
1531210718806,1531210718802,1083185,0.00000232,4290.00000000,1
1531210719175,1531210719171,1083186,0.00000233,1753.00000000,0
1531210719206,1531210719202,1083187,0.00000233,392.00000000,1
1531210719217,1531210719212,1083188,0.00000232,2260.00000000,1
1531210719287,1531210719282,1083189,0.00000233,2530.00000000,1
1531210719305,1531210719302,1083190,0.00000232,2530.00000000,1
1531210719333,1531210719329,1083191,0.00000232,2530.00000000,1
1531210719566,1531210719565,1083192,0.00000232,4012.00000000,1
1531210721488,1531210721483,1083193,0.00000233,9876.00000000,0
1531210721501,1531210721496,1083194,0.00000233,24103.00000000,1
1531210721503,1531210721499,1083195,0.00000232,24103.00000000,1
1531210721856,1531210721853,1083196,0.00000233,37929.00000000,1
1531210721888,1531210721883,1083197,0.00000232,17764.00000000,1
1531210722169,1531210722162,1083198,0.00000234,19521.00000000,0
1531210722169,1531210722162,1083199,0.00000235,118772.00000000,0
1531210724046,1531210724042,1083200,0.00000234,8058.00000000,0
1531210724046,1531210724042,1083201,0.00000235,47747.00000000,0
1531210724070,1531210724065,1083202,0.00000235,86641.00000000,1
1531210724087,1531210724083,1083203,0.00000235,6398.00000000,1
1531210724095,1531210724089,1083204,0.00000235,6453.00000000,1
1531210724344,1531210724339,1083205,0.00000235,23995.00000000,1
1531210724636,1531210724632,1083206,0.00000235,2243.00000000,1
1531210725082,1531210725077,1083207,0.00000235,21975.00000000,1
1531210725360,1531210725356,1083208,0.00000235,1650.00000000,1
1531210726073,1531210726070,1083209,0.00000236,1650.00000000,0
1531210726566,1531210726561,1083210,0.00000235,2243.00000000,1
1531210727374,1531210727371,1083211,0.00000236,22412.00000000,0
1531210727621,1531210727618,1083212,0.00000235,25000.00000000,1
1531210729121,1531210729116,1083213,0.00000236,7153.00000000,0
1531210729293,1531210729289,1083214,0.00000235,9911.00000000,1
1531210729921,1531210729916,1083215,0.00000235,34179.00000000,1
1531210732023,1531210732018,1083216,0.00000235,39195.00000000,1
1531210732161,1531210732156,1083217,0.00000235,37929.00000000,1
1531210732225,1531210732224,1083218,0.00000236,11158.00000000,0
1531210732313,1531210732308,1083219,0.00000235,21976.00000000,1
1531210732433,1531210732428,1083220,0.00000235,1906.00000000,1
1531210732853,1531210732850,1083221,0.00000235,9040.00000000,1
1531210733727,1531210733724,1083222,0.00000236,5555.00000000,0
1531210734933,1531210734928,1083223,0.00000236,2754.00000000,0
1531210736210,1531210736206,1083224,0.00000236,8535.00000000,0
1531210736373,1531210736370,1083225,0.00000236,1377.00000000,0
1531210737000,1531210736995,1083226,0.00000235,25000.00000000,1
1531210737339,1531210737336,1083227,0.00000235,2254.00000000,1
1531210738044,1531210738040,1083228,0.00000236,689.00000000,0
1531210739310,1531210739306,1083229,0.00000236,344.00000000,0
1531210739798,1531210739794,1083230,0.00000236,853.00000000,0
1531210739957,1531210739953,1083231,0.00000236,427.00000000,0
1531210740397,1531210740393,1083232,0.00000235,532.00000000,1
1531210740578,1531210740577,1083233,0.00000236,172.00000000,0
1531210740760,1531210740756,1083234,0.00000236,427.00000000,0
1531210740827,1531210740822,1083235,0.00000236,853.00000000,0
1531210740920,1531210740914,1083236,0.00000236,7671.00000000,0
1531210741191,1531210741188,1083237,0.00000236,424.00000000,0
1531210741563,1531210741558,1083238,0.00000236,848.00000000,0
1531210741968,1531210741964,1083239,0.00000235,2243.00000000,1
1531210741996,1531210741990,1083240,0.00000236,172.00000000,0
1531210742337,1531210742333,1083241,0.00000236,75936.00000000,0
1531210743000,1531210742996,1083242,0.00000236,1484.00000000,0
1531210743475,1531210743471,1083243,0.00000235,2243.00000000,1
1531210745318,1531210745311,1083244,0.00000235,213587.00000000,1
1531210745533,1531210745526,1083245,0.00000234,39081.00000000,1
1531210745972,1531210745966,1083246,0.00000233,31144.00000000,1
1531210746133,1531210746130,1083247,0.00000234,1650.00000000,0
1531210746147,1531210746143,1083248,0.00000234,3046.00000000,0
1531210746161,1531210746156,1083249,0.00000234,2260.00000000,0
1531210746172,1531210746168,1083250,0.00000234,1650.00000000,0
1531210746542,1531210746535,1083251,0.00000233,24268.00000000,1
1531210746690,1531210746685,1083252,0.00000234,1782.00000000,0
1531210748888,1531210748883,1083253,0.00000233,1889.00000000,0
1531210751656,1531210751654,1083254,0.00000232,19536.00000000,1
1531210754170,1531210754169,1083255,0.00000233,687.00000000,0
1531210755540,1531210755533,1083256,0.00000233,3729.00000000,1
1531210755623,1531210755618,1083257,0.00000234,3000.00000000,0
1531210756539,1531210756535,1083258,0.00000233,10000.00000000,1
1531210756659,1531210756655,1083259,0.00000233,602.00000000,0
1531210758177,1531210758173,1083260,0.00000233,860.00000000,1
1531210758217,1531210758212,1083261,0.00000233,2989.00000000,0
1531210759124,1531210759120,1083262,0.00000233,8316.00000000,0
1531210760034,1531210760029,1083263,0.00000234,1290.00000000,0
1531210760437,1531210760434,1083264,0.00000234,430.00000000,0
1531210760469,1531210760466,1083265,0.00000234,430.00000000,0
1531210760534,1531210760529,1083266,0.00000233,2011.00000000,1
1531210760733,1531210760728,1083267,0.00000234,430.00000000,0
1531210762065,1531210762062,1083268,0.00000233,2137.00000000,0
1531210762231,1531210762227,1083269,0.00000233,428.00000000,0
1531210762544,1531210762536,1083270,0.00000232,28985.00000000,1
1531210762697,1531210762693,1083271,0.00000233,471.00000000,0
1531210762793,1531210762788,1083272,0.00000233,471.00000000,0
1531210763230,1531210763226,1083273,0.00000233,2790.00000000,0
1531210763362,1531210763358,1083274,0.00000233,428.00000000,0
1531210763762,1531210763758,1083275,0.00000233,496.00000000,0
1531210763901,1531210763898,1083276,0.00000233,473.00000000,0
1531210763937,1531210763932,1083277,0.00000232,1650.00000000,1
1531210764011,1531210764004,1083278,0.00000233,430.00000000,0
1531210764201,1531210764197,1083279,0.00000233,3000.00000000,0
1531210764240,1531210764235,1083280,0.00000232,1993.00000000,1
1531210764475,1531210764471,1083281,0.00000232,152.00000000,0
1531210764543,1531210764539,1083282,0.00000232,371.00000000,1
1531210765213,1531210765209,1083283,0.00000231,11467.00000000,1
1531210765541,1531210765536,1083284,0.00000232,475.00000000,1
1531210766439,1531210766436,1083285,0.00000232,2145.00000000,0
1531210766442,1531210766438,1083286,0.00000233,2145.00000000,0
1531210767302,1531210767298,1083287,0.00000232,16952.00000000,0
1531210769418,1531210769418,1083288,0.00000232,849.00000000,0
1531210769981,1531210769977,1083289,0.00000232,73256.00000000,0
1531210769988,1531210769984,1083290,0.00000232,63945.00000000,0
1531210770006,1531210770003,1083291,0.00000232,980.00000000,0
1531210770080,1531210770078,1083292,0.00000232,12931.00000000,0
1531210772227,1531210772223,1083293,0.00000232,71881.00000000,0
1531210772593,1531210772592,1083294,0.00000232,41265.00000000,0
1531210776900,1531210776899,1083295,0.00000232,3313.00000000,1
1531210780703,1531210780698,1083296,0.00000232,31768.00000000,1
1531210784534,1531210784529,1083297,0.00000233,108920.00000000,0
1531210785895,1531210785890,1083298,0.00000233,290004.00000000,0
1531210788253,1531210788248,1083299,0.00000232,32901.00000000,1
1531210788652,1531210788648,1083300,0.00000233,109787.00000000,0
1531210789865,1531210789859,1083301,0.00000233,149026.00000000,0
1531210790768,1531210790762,1083302,0.00000233,35446.00000000,0
1531210793874,1531210793868,1083303,0.00000233,41546.00000000,0
1531210794851,1531210794847,1083304,0.00000232,34095.00000000,1
1531210798572,1531210798568,1083305,0.00000233,163240.00000000,0
1531210803023,1531210803019,1083306,0.00000234,536.00000000,0
1531210803026,1531210803019,1083307,0.00000234,137910.00000000,0
1531210803050,1531210803049,1083308,0.00000234,7776.00000000,1
1531210803295,1531210803291,1083309,0.00000234,3000.00000000,1
1531210804366,1531210804362,1083310,0.00000234,811.00000000,1
1531210804705,1531210804701,1083311,0.00000235,469.00000000,0
1531210806148,1531210806144,1083312,0.00000234,11108.00000000,1
1531210807647,1531210807644,1083313,0.00000234,34643.00000000,1
1531210808201,1531210808196,1083314,0.00000234,31214.00000000,1
1531210808534,1531210808528,1083315,0.00000233,76039.00000000,1
1531210809080,1531210809075,1083316,0.00000233,2565.00000000,0
1531210810502,1531210810502,1083317,0.00000233,536.00000000,1
1531210810545,1531210810540,1083318,0.00000233,5029.00000000,1
1531210810712,1531210810708,1083319,0.00000234,14980.00000000,0
1531210816001,1531210815995,1083320,0.00000233,2565.00000000,0
1531210816001,1531210815995,1083321,0.00000234,8734.00000000,0
1531210817543,1531210817538,1083322,0.00000233,3105.00000000,1
1531210817664,1531210817660,1083323,0.00000234,7993.00000000,0
1531210818450,1531210818446,1083324,0.00000234,216574.00000000,0
1531210819203,1531210819199,1083325,0.00000233,2565.00000000,0
1531210819401,1531210819398,1083326,0.00000233,8732.00000000,1
1531210819541,1531210819535,1083327,0.00000233,14067.00000000,1
1531210821590,1531210821585,1083328,0.00000234,177911.00000000,0
1531210823947,1531210823944,1083329,0.00000234,8477.00000000,0
1531210824077,1531210824076,1083330,0.00000234,2222.00000000,0
1531210827606,1531210827601,1083331,0.00000234,40029.00000000,0
1531210829298,1531210829292,1083332,0.00000232,333374.00000000,1
1531210829832,1531210829827,1083333,0.00000232,559.00000000,0
1531210830038,1531210830034,1083334,0.00000232,1795.00000000,0
1531210830438,1531210830433,1083335,0.00000232,177442.00000000,0
1531210830471,1531210830468,1083336,0.00000232,2609.00000000,0
1531210830535,1531210830530,1083337,0.00000232,25430.00000000,0
1531210832130,1531210832127,1083338,0.00000231,540.00000000,1
1531210832918,1531210832914,1083339,0.00000232,22222.00000000,0
1531210834095,1531210834091,1083340,0.00000232,74936.00000000,0
1531210836320,1531210836315,1083341,0.00000232,24548.00000000,0
1531210836808,1531210836804,1083342,0.00000232,507.00000000,0
1531210840187,1531210840183,1083343,0.00000232,1588.00000000,0
1531210840229,1531210840225,1083344,0.00000232,39197.00000000,0
1531210840426,1531210840418,1083345,0.00000232,434.00000000,0
1531210840606,1531210840605,1083346,0.00000232,434.00000000,0
1531210841346,1531210841342,1083347,0.00000232,434.00000000,0
1531210841806,1531210841802,1083348,0.00000232,475.00000000,0
1531210841861,1531210841857,1083349,0.00000232,604.00000000,0
1531210842391,1531210842387,1083350,0.00000232,1509.00000000,0
1531210842637,1531210842634,1083351,0.00000232,2156.00000000,0
1531210845386,1531210845381,1083352,0.00000232,540.00000000,0
1531210845593,1531210845590,1083353,0.00000232,19790.00000000,0
1531210847535,1531210847531,1083354,0.00000232,25000.00000000,0
1531210848392,1531210848385,1083355,0.00000233,2312.00000000,0
1531210848392,1531210848385,1083356,0.00000234,8799.00000000,0
1531210849544,1531210849540,1083357,0.00000233,3000.00000000,0
1531210850081,1531210850074,1083358,0.00000234,18846.00000000,0
1531210851862,1531210851858,1083359,0.00000234,604.00000000,0
1531210852117,1531210852112,1083360,0.00000234,1046.00000000,0
1531210855538,1531210855533,1083361,0.00000232,475.00000000,1
1531210856267,1531210856263,1083362,0.00000234,3355.00000000,0
1531210857543,1531210857538,1083363,0.00000233,1943.00000000,0
1531210862203,1531210862202,1083364,0.00000233,9990.00000000,1
1531210862540,1531210862536,1083365,0.00000233,2573.00000000,1
1531210863534,1531210863530,1083366,0.00000233,21286.00000000,1
1531210863947,1531210863941,1083367,0.00000233,2137.00000000,0
1531210867520,1531210867516,1083368,0.00000232,14688.00000000,1
1531210869973,1531210869973,1083369,0.00000233,436.00000000,0
1531210870537,1531210870532,1083370,0.00000233,512.00000000,1
1531210871141,1531210871136,1083371,0.00000234,19035.00000000,0
1531210872105,1531210872100,1083372,0.00000232,296736.00000000,1
1531210872123,1531210872119,1083373,0.00000232,1650.00000000,0
1531210872142,1531210872138,1083374,0.00000232,2453.00000000,0
1531210872146,1531210872141,1083375,0.00000232,1654.00000000,0
1531210872190,1531210872186,1083376,0.00000232,1650.00000000,0
1531210872402,1531210872398,1083377,0.00000231,1650.00000000,1
1531210874628,1531210874623,1083378,0.00000232,356515.00000000,0
1531210874828,1531210874822,1083379,0.00000232,2584.00000000,0
1531210878188,1531210878184,1083380,0.00000232,2966.00000000,0
1531210882014,1531210882010,1083381,0.00000231,475.00000000,1
1531210886326,1531210886324,1083382,0.00000232,6793.00000000,0
1531210894587,1531210894583,1083383,0.00000232,1183.00000000,0
1531210895093,1531210895086,1083384,0.00000231,220223.00000000,1
1531210899278,1531210899273,1083385,0.00000232,63905.00000000,0
1531210900726,1531210900722,1083386,0.00000232,434.00000000,0
1531210902300,1531210902295,1083387,0.00000232,6861.00000000,0
1531210903028,1531210903023,1083388,0.00000232,41738.00000000,1
1531210903870,1531210903866,1083389,0.00000232,1834.00000000,0
1531210904534,1531210904528,1083390,0.00000232,575.00000000,1
1531210908678,1531210908674,1083391,0.00000232,500.00000000,0
1531210909535,1531210909532,1083392,0.00000232,12536.00000000,1
1531210911119,1531210911115,1083393,0.00000231,540.00000000,1
1531210911751,1531210911749,1083394,0.00000232,583.00000000,0
1531210918578,1531210918578,1083395,0.00000232,552.00000000,0
1531210921685,1531210921682,1083396,0.00000232,1449.00000000,0
1531210923363,1531210923359,1083397,0.00000232,109677.00000000,1
1531210923545,1531210923540,1083398,0.00000232,23274.00000000,1
1531210925542,1531210925538,1083399,0.00000232,39434.00000000,1
1531210925572,1531210925566,1083400,0.00000232,36111.00000000,1
1531210927544,1531210927540,1083401,0.00000232,44800.00000000,1
1531210930543,1531210930539,1083402,0.00000232,1000.00000000,1
1531210933532,1531210933529,1083403,0.00000232,49441.00000000,1
1531210936537,1531210936533,1083404,0.00000232,8062.00000000,1
1531210949102,1531210949097,1083405,0.00000232,22378.00000000,0
1531210950496,1531210950493,1083406,0.00000232,6640.00000000,0
1531210960901,1531210960898,1083407,0.00000232,2556.00000000,0
1531210961966,1531210961962,1083408,0.00000231,2187.00000000,1
1531210967506,1531210967502,1083409,0.00000232,11284.00000000,0
1531210971769,1531210971764,1083410,0.00000232,5270.00000000,1
1531210975046,1531210975041,1083411,0.00000232,2156.00000000,1
1531210977451,1531210977445,1083412,0.00000232,11284.00000000,1
1531210981708,1531210981705,1083413,0.00000232,2184.00000000,1
1531210997726,1531210997722,1083414,0.00000232,88476.00000000,1
1531210999034,1531210999032,1083415,0.00000232,805.00000000,1
1531210999570,1531210999567,1083416,0.00000232,760.00000000,1
1531211000305,1531211000301,1083417,0.00000232,86494.00000000,1
1531211001596,1531211001592,1083418,0.00000232,50201.00000000,1
1531211002488,1531211002485,1083419,0.00000232,7255.00000000,0
1531211008552,1531211008548,1083420,0.00000232,3186.00000000,0
1531211013500,1531211013496,1083421,0.00000232,4023.00000000,0
1531211024313,1531211024313,1083422,0.00000232,435.00000000,0
1531211024397,1531211024393,1083423,0.00000231,710.00000000,1
1531211024397,1531211024393,1083424,0.00000231,1672.00000000,1
1531211037320,1531211037317,1083425,0.00000232,16857.00000000,0
1531211056035,1531211056035,1083426,0.00000232,8062.00000000,0
1531211056406,1531211056400,1083427,0.00000232,4404.00000000,0
1531211056642,1531211056636,1083428,0.00000232,1650.00000000,0
1531211062993,1531211062989,1083429,0.00000231,64007.00000000,1
1531211072745,1531211072739,1083430,0.00000231,390000.00000000,1
1531211076187,1531211076183,1083431,0.00000231,24824.00000000,1
1531211076200,1531211076197,1083432,0.00000231,42877.00000000,0
1531211080812,1531211080809,1083433,0.00000231,33015.00000000,1
1531211080828,1531211080823,1083434,0.00000231,29625.00000000,0
1531211080835,1531211080831,1083435,0.00000231,29625.00000000,0
1531211080858,1531211080855,1083436,0.00000231,508.00000000,0
1531211080870,1531211080866,1083437,0.00000231,960.00000000,0
1531211081836,1531211081830,1083438,0.00000231,87043.00000000,0
1531211081836,1531211081830,1083439,0.00000232,4807.00000000,0
1531211083388,1531211083382,1083440,0.00000230,1650.00000000,1
1531211083388,1531211083382,1083441,0.00000230,15000.00000000,1
1531211083389,1531211083382,1083442,0.00000230,18050.00000000,1
1531211083694,1531211083688,1083443,0.00000230,266.00000000,1
1531211084805,1531211084802,1083444,0.00000230,3821.00000000,1
1531211087221,1531211087216,1083445,0.00000231,1691.00000000,0
1531211087336,1531211087331,1083446,0.00000230,863.00000000,1
1531211092004,1531211092004,1083447,0.00000231,16923.00000000,0
1531211092911,1531211092906,1083448,0.00000231,6432.00000000,0
1531211093414,1531211093410,1083449,0.00000231,2500.00000000,0
1531211095140,1531211095135,1083450,0.00000231,1650.00000000,0
1531211098395,1531211098392,1083451,0.00000231,46312.00000000,0
1531211102285,1531211102282,1083452,0.00000231,3000.00000000,0
1531211102896,1531211102892,1083453,0.00000231,3650.00000000,0
1531211104685,1531211104679,1083454,0.00000231,46312.00000000,0
1531211106175,1531211106170,1083455,0.00000231,103021.00000000,0
1531211107578,1531211107575,1083456,0.00000232,15000.00000000,0
1531211108225,1531211108217,1083457,0.00000231,2453.00000000,1
1531211108546,1531211108539,1083458,0.00000231,175792.00000000,1
1531211108571,1531211108565,1083459,0.00000230,116257.00000000,1
1531211109561,1531211109560,1083460,0.00000232,2200.00000000,0
1531211109603,1531211109595,1083461,0.00000232,35000.00000000,0
1531211112930,1531211112925,1083462,0.00000231,2595.00000000,1
1531211116915,1531211116912,1083463,0.00000231,25260.00000000,0
1531211120633,1531211120633,1083464,0.00000230,12725.00000000,1
1531211122542,1531211122538,1083465,0.00000230,10063.00000000,1
1531211128787,1531211128783,1083466,0.00000230,14406.00000000,1
1531211128948,1531211128945,1083467,0.00000230,20000.00000000,1
1531211130161,1531211130157,1083468,0.00000230,63841.00000000,1
1531211130521,1531211130517,1083469,0.00000230,204296.00000000,1
1531211131500,1531211131499,1083470,0.00000230,49850.00000000,1
1531211131518,1531211131513,1083471,0.00000230,5688.00000000,0
1531211131526,1531211131522,1083472,0.00000230,4625.00000000,0
1531211132836,1531211132831,1083473,0.00000230,1870.00000000,1
1531211136128,1531211136125,1083474,0.00000230,28567.00000000,1
1531211136708,1531211136703,1083475,0.00000230,2254.00000000,0
1531211137580,1531211137575,1083476,0.00000229,1742.00000000,1
1531211137581,1531211137575,1083477,0.00000229,889.00000000,1
1531211137591,1531211137587,1083478,0.00000230,522.00000000,0
1531211137615,1531211137614,1083479,0.00000230,2025.00000000,0
1531211137628,1531211137623,1083480,0.00000229,2591.00000000,1
1531211141226,1531211141222,1083481,0.00000230,1650.00000000,0
1531211144923,1531211144919,1083482,0.00000230,217391.00000000,0
1531211150586,1531211150583,1083483,0.00000230,2500.00000000,0
1531211151527,1531211151521,1083484,0.00000229,1082.00000000,1
1531211153007,1531211153002,1083485,0.00000230,1111.00000000,0
1531211153623,1531211153617,1083486,0.00000230,7602.00000000,0
1531211154047,1531211154042,1083487,0.00000229,1355.00000000,1
1531211156897,1531211156886,1083488,0.00000229,125328.00000000,1
1531211156897,1531211156886,1083489,0.00000228,90726.00000000,1
1531211156899,1531211156886,1083490,0.00000228,90235.00000000,1
1531211156899,1531211156886,1083491,0.00000227,6526.00000000,1
1531211156916,1531211156911,1083492,0.00000228,1237.00000000,0
1531211156924,1531211156919,1083493,0.00000230,1237.00000000,0
1531211157631,1531211157627,1083494,0.00000229,608.00000000,0
1531211157868,1531211157865,1083495,0.00000229,651.00000000,1
1531211157985,1531211157980,1083496,0.00000229,1741.00000000,1
1531211158014,1531211158013,1083497,0.00000229,796.00000000,0
1531211158052,1531211158045,1083498,0.00000229,796.00000000,0
1531211158082,1531211158078,1083499,0.00000229,796.00000000,0
1531211160730,1531211160726,1083500,0.00000229,874.00000000,0
1531211160962,1531211160957,1083501,0.00000228,2125.00000000,1
1531211161414,1531211161410,1083502,0.00000229,2172.00000000,0
1531211161580,1531211161574,1083503,0.00000229,11440.00000000,0
1531211161595,1531211161590,1083504,0.00000228,1249.00000000,1
1531211163753,1531211163748,1083505,0.00000229,11111.00000000,0
1531211164518,1531211164513,1083506,0.00000229,9898.00000000,0
1531211165340,1531211165336,1083507,0.00000229,1470.00000000,0
1531211167146,1531211167143,1083508,0.00000228,4720.00000000,1
1531211174558,1531211174554,1083509,0.00000228,25715.00000000,1
1531211179008,1531211179005,1083510,0.00000228,21978.00000000,1
1531211179432,1531211179428,1083511,0.00000229,4015.00000000,0
1531211180272,1531211180267,1083512,0.00000228,35798.00000000,1
1531211189709,1531211189705,1083513,0.00000229,1882.00000000,0
1531211201480,1531211201475,1083514,0.00000228,645.00000000,1
1531211202716,1531211202713,1083515,0.00000229,12161.00000000,0
1531211203630,1531211203624,1083516,0.00000228,5496.00000000,1
1531211203996,1531211203992,1083517,0.00000228,2215.00000000,1
1531211209557,1531211209552,1083518,0.00000229,85180.00000000,0
1531211209631,1531211209631,1083519,0.00000229,1593.00000000,0
1531211211615,1531211211610,1083520,0.00000229,2184.00000000,1
1531211217366,1531211217362,1083521,0.00000229,2595.00000000,1
1531211217557,1531211217554,1083522,0.00000229,12471.00000000,0
1531211249702,1531211249700,1083523,0.00000230,1062.00000000,0
1531211259522,1531211259517,1083524,0.00000230,43478.00000000,0
1531211291661,1531211291656,1083525,0.00000230,1636.00000000,0
1531211296166,1531211296160,1083526,0.00000230,110520.00000000,0
1531211297725,1531211297720,1083527,0.00000229,31.00000000,1
1531211297969,1531211297962,1083528,0.00000230,8132.00000000,0
1531211298350,1531211298345,1083529,0.00000230,21394.00000000,0
1531211298617,1531211298612,1083530,0.00000230,2193.00000000,1
1531211306855,1531211306852,1083531,0.00000231,5456.00000000,0
1531211307584,1531211307581,1083532,0.00000230,2595.00000000,1
1531211307584,1531211307581,1083533,0.00000229,95056.00000000,1
1531211312302,1531211312298,1083534,0.00000230,1204.00000000,1
1531211317793,1531211317788,1083535,0.00000230,5434.00000000,0
1531211318932,1531211318928,1083536,0.00000230,2156.00000000,0
1531211326440,1531211326436,1083537,0.00000230,28923.00000000,0
1531211334090,1531211334086,1083538,0.00000229,31047.00000000,1
1531211334106,1531211334101,1083539,0.00000229,1650.00000000,0
1531211334135,1531211334131,1083540,0.00000229,1650.00000000,0
1531211334452,1531211334447,1083541,0.00000229,1653.00000000,0
1531211334916,1531211334912,1083542,0.00000229,5245.00000000,0
1531211334916,1531211334912,1083543,0.00000230,10314.00000000,0
1531211337181,1531211337181,1083544,0.00000229,1650.00000000,1
1531211342635,1531211342632,1083545,0.00000229,10274.00000000,1
1531211342810,1531211342806,1083546,0.00000229,9267.00000000,0
1531211343589,1531211343586,1083547,0.00000229,117436.00000000,0
1531211362428,1531211362422,1083548,0.00000229,49085.00000000,1
1531211366847,1531211366844,1083549,0.00000230,1213.00000000,0
1531211388522,1531211388518,1083550,0.00000229,89895.00000000,1
1531211391556,1531211391552,1083551,0.00000229,17854.00000000,1
1531211393515,1531211393509,1083552,0.00000229,4313.00000000,1
1531211397665,1531211397661,1083553,0.00000229,19289.00000000,1
1531211402864,1531211402863,1083554,0.00000229,19573.00000000,1
1531211404439,1531211404434,1083555,0.00000228,558.00000000,1
1531211411564,1531211411561,1083556,0.00000229,1930.00000000,0
1531211423873,1531211423869,1083557,0.00000229,530138.00000000,0
1531211423875,1531211423872,1083558,0.00000230,133763.00000000,0
1531211423886,1531211423884,1083559,0.00000230,340822.00000000,0
1531211423890,1531211423885,1083560,0.00000230,23053.00000000,0
1531211423890,1531211423885,1083561,0.00000231,1697541.00000000,0
1531211423901,1531211423899,1083562,0.00000231,12541.00000000,0
1531211423905,1531211423902,1083563,0.00000231,4347.00000000,0
1531211423938,1531211423936,1083564,0.00000231,4329.00000000,0
1531211424163,1531211424158,1083565,0.00000229,15283.00000000,1
1531211424163,1531211424158,1083566,0.00000228,45872.00000000,1
1531211424376,1531211424372,1083567,0.00000231,2500.00000000,0
1531211424753,1531211424749,1083568,0.00000231,16923.00000000,0
1531211425687,1531211425683,1083569,0.00000230,537.00000000,1
1531211425972,1531211425969,1083570,0.00000230,56.00000000,1
1531211427677,1531211427673,1083571,0.00000230,1593.00000000,1
1531211429361,1531211429358,1083572,0.00000230,1200.00000000,1
1531211430331,1531211430327,1083573,0.00000231,1200.00000000,0
1531211438490,1531211438483,1083574,0.00000230,7797.00000000,1
1531211438490,1531211438483,1083575,0.00000229,70125.00000000,1
1531211439607,1531211439602,1083576,0.00000230,1253.00000000,0
1531211444310,1531211444305,1083577,0.00000231,1104151.00000000,0
1531211454390,1531211454387,1083578,0.00000231,8558.00000000,0
1531211456645,1531211456639,1083579,0.00000231,4415.00000000,0
1531211459705,1531211459705,1083580,0.00000230,2174.00000000,1
1531211460632,1531211460628,1083581,0.00000230,440.00000000,0
1531211462242,1531211462237,1083582,0.00000229,443.00000000,1
1531211463501,1531211463495,1083583,0.00000230,3961.00000000,1
1531211468776,1531211468772,1083584,0.00000231,303.00000000,0
1531211473641,1531211473638,1083585,0.00000231,300000.00000000,0
1531211473661,1531211473655,1083586,0.00000231,180871.00000000,0
1531211473807,1531211473802,1083587,0.00000230,3266.00000000,1
1531211483504,1531211483499,1083588,0.00000231,865800.00000000,0
1531211484286,1531211484282,1083589,0.00000231,126975.00000000,0
1531211484865,1531211484860,1083590,0.00000231,37443.00000000,0
1531211484918,1531211484915,1083591,0.00000231,109821.00000000,0
1531211485155,1531211485151,1083592,0.00000231,43761.00000000,0
1531211485268,1531211485263,1083593,0.00000231,763571.00000000,0
1531211485843,1531211485839,1083594,0.00000232,436.00000000,0
1531211485898,1531211485895,1083595,0.00000232,19055.00000000,0
1531211486262,1531211486259,1083596,0.00000232,260.00000000,0
1531211486752,1531211486753,1083597,0.00000231,4776.00000000,1
1531211486857,1531211486853,1083598,0.00000232,9527.00000000,0
1531211486878,1531211486872,1083599,0.00000232,9908.00000000,0
1531211487234,1531211487230,1083600,0.00000232,1650.00000000,0
1531211487311,1531211487306,1083601,0.00000231,24592.00000000,1
1531211487857,1531211487854,1083602,0.00000232,2156.00000000,0
1531211489041,1531211489040,1083603,0.00000232,45249.00000000,0
1531211489799,1531211489793,1083604,0.00000232,7575.00000000,0
1531211491458,1531211491454,1083605,0.00000233,3297.00000000,0
1531211511217,1531211511213,1083606,0.00000232,31450.00000000,0
1531211515192,1531211515190,1083607,0.00000232,17605.00000000,0
1531211517192,1531211517189,1083608,0.00000232,26410.00000000,0
1531211521469,1531211521464,1083609,0.00000232,5876.00000000,0
1531211521822,1531211521818,1083610,0.00000231,437.00000000,1
1531211523030,1531211523025,1083611,0.00000231,15480.00000000,1
1531211524368,1531211524363,1083612,0.00000232,67098.00000000,0
1531211525131,1531211525127,1083613,0.00000232,475.00000000,0
1531211525790,1531211525784,1083614,0.00000232,60380.00000000,0
1531211525790,1531211525784,1083615,0.00000233,14620.00000000,0
1531211526998,1531211526995,1083616,0.00000233,434.00000000,0
1531211527721,1531211527716,1083617,0.00000233,4617.00000000,0
1531211528711,1531211528706,1083618,0.00000231,5460.00000000,1
1531211529219,1531211529214,1083619,0.00000233,473.00000000,0
1531211530343,1531211530339,1083620,0.00000232,476.00000000,0
1531211530672,1531211530668,1083621,0.00000232,22.00000000,1
1531211542173,1531211542168,1083622,0.00000232,32359.00000000,0
1531211545644,1531211545638,1083623,0.00000231,218238.00000000,1
1531211546255,1531211546251,1083624,0.00000231,189.00000000,0
1531211546316,1531211546311,1083625,0.00000231,1882.00000000,1
1531211546974,1531211546969,1083626,0.00000232,609.00000000,0
1531211547244,1531211547240,1083627,0.00000231,990.00000000,1
1531211547249,1531211547245,1083628,0.00000231,990.00000000,1
1531211547264,1531211547260,1083629,0.00000231,990.00000000,1
1531211547977,1531211547973,1083630,0.00000231,1650.00000000,1
1531211550451,1531211550448,1083631,0.00000231,2018.00000000,1
1531211552113,1531211552109,1083632,0.00000231,990.00000000,0
1531211552274,1531211552270,1083633,0.00000231,274.00000000,0
1531211558421,1531211558415,1083634,0.00000231,1106.00000000,1
1531211564256,1531211564252,1083635,0.00000231,8079.00000000,0
1531211564652,1531211564647,1083636,0.00000231,788.00000000,1
1531211566767,1531211566763,1083637,0.00000231,8718.00000000,1
1531211581999,1531211581994,1083638,0.00000231,1650.00000000,1
1531211584258,1531211584254,1083639,0.00000232,31791.00000000,0
1531211599835,1531211599831,1083640,0.00000231,2596.00000000,1
1531211602401,1531211602396,1083641,0.00000232,180604.00000000,0
1531211603461,1531211603453,1083642,0.00000232,329448.00000000,1
1531211603461,1531211603453,1083643,0.00000231,26673.00000000,1
1531211603461,1531211603453,1083644,0.00000230,376934.00000000,1
1531211603461,1531211603453,1083645,0.00000229,17388.00000000,1
1531211603461,1531211603453,1083646,0.00000230,1225.00000000,0
1531211603479,1531211603476,1083647,0.00000230,165502.00000000,0
1531211603488,1531211603484,1083648,0.00000230,22699.00000000,0
1531211603510,1531211603506,1083649,0.00000230,165524.00000000,0
1531211603514,1531211603509,1083650,0.00000229,22699.00000000,1
1531211603519,1531211603516,1083651,0.00000230,22699.00000000,0
1531211603656,1531211603647,1083652,0.00000229,121053.00000000,1
1531211603703,1531211603699,1083653,0.00000229,16923.00000000,1
1531211603766,1531211603762,1083654,0.00000229,259.00000000,1
1531211604123,1531211604118,1083655,0.00000230,17596.00000000,0
1531211605261,1531211605257,1083656,0.00000230,9295.00000000,0
1531211614889,1531211614885,1083657,0.00000229,1650.00000000,1
1531211615620,1531211615615,1083658,0.00000230,1738.00000000,0
1531211624772,1531211624772,1083659,0.00000230,960.00000000,0
1531211625662,1531211625658,1083660,0.00000229,52817.00000000,1
1531211627168,1531211627163,1083661,0.00000230,52954.00000000,0
1531211629020,1531211629016,1083662,0.00000230,7042.00000000,0
1531211668401,1531211668398,1083663,0.00000230,20071.00000000,0
1531211689890,1531211689887,1083664,0.00000230,17774.00000000,0
1531211728040,1531211728034,1083665,0.00000229,1289.00000000,1
1531211733482,1531211733477,1083666,0.00000230,5127.00000000,0
1531211734587,1531211734583,1083667,0.00000229,4617.00000000,1
1531211734918,1531211734913,1083668,0.00000229,2652.00000000,1
1531211741531,1531211741527,1083669,0.00000229,4233.00000000,1
1531211741650,1531211741647,1083670,0.00000229,65695.00000000,1
1531211741666,1531211741660,1083671,0.00000229,14266.00000000,1
1531211741690,1531211741686,1083672,0.00000229,23247.00000000,0
1531211741706,1531211741701,1083673,0.00000229,1380.00000000,0
1531211741717,1531211741714,1083674,0.00000229,1084.00000000,0
1531211741888,1531211741883,1083675,0.00000229,3458.00000000,0
1531211743417,1531211743412,1083676,0.00000229,762.00000000,1
1531211748237,1531211748234,1083677,0.00000229,1084.00000000,1
1531211754031,1531211754024,1083678,0.00000229,47798.00000000,1
1531211754031,1531211754024,1083679,0.00000228,174308.00000000,1
1531211754271,1531211754266,1083680,0.00000228,56343.00000000,1
1531211762250,1531211762244,1083681,0.00000228,1700.00000000,1
1531211785478,1531211785473,1083682,0.00000228,5102.00000000,1
1531211807756,1531211807752,1083683,0.00000229,4550.00000000,0
1531211824315,1531211824310,1083684,0.00000229,505.00000000,0
1531211829126,1531211829122,1083685,0.00000229,1111.00000000,0
1531211835751,1531211835745,1083686,0.00000229,3715.00000000,0
1531211836680,1531211836680,1083687,0.00000229,7247.00000000,1
1531211845657,1531211845652,1083688,0.00000229,22699.00000000,1
1531211849833,1531211849829,1083689,0.00000229,1380.00000000,1
1531211853118,1531211853114,1083690,0.00000229,4482.00000000,1
1531211854414,1531211854411,1083691,0.00000229,63556.00000000,1
1531211855445,1531211855442,1083692,0.00000229,3000.00000000,0
1531211873272,1531211873266,1083693,0.00000228,167093.00000000,1
1531211875522,1531211875512,1083694,0.00000228,85510.00000000,1
1531211875522,1531211875512,1083695,0.00000227,707429.00000000,1
1531211875522,1531211875512,1083696,0.00000227,15544.00000000,1
1531211875522,1531211875512,1083697,0.00000227,4863.00000000,1
1531211876670,1531211876665,1083698,0.00000228,2548.00000000,0
1531211876761,1531211876758,1083699,0.00000228,1569.00000000,0
1531211876827,1531211876823,1083700,0.00000228,659.00000000,0
1531211877256,1531211877250,1083701,0.00000228,1978.00000000,0
1531211877618,1531211877613,1083702,0.00000228,2198.00000000,1
1531211877690,1531211877686,1083703,0.00000228,802.00000000,1
1531211878239,1531211878235,1083704,0.00000228,492.00000000,0
1531211879082,1531211879077,1083705,0.00000228,2592.00000000,0
1531211879091,1531211879087,1083706,0.00000228,6.00000000,0
1531211880237,1531211880233,1083707,0.00000228,2198.00000000,1
1531211880255,1531211880251,1083708,0.00000228,31145.00000000,0
1531211883675,1531211883671,1083709,0.00000228,802.00000000,1
1531211886729,1531211886725,1083710,0.00000228,11574.00000000,0
1531211886744,1531211886741,1083711,0.00000228,11574.00000000,0
1531211886774,1531211886771,1083712,0.00000228,2447.00000000,0
1531211887208,1531211887202,1083713,0.00000228,1700.00000000,0
1531211888722,1531211888719,1083714,0.00000228,1000.00000000,0
1531211891524,1531211891519,1083715,0.00000227,2225.00000000,1
1531211894088,1531211894083,1083716,0.00000228,3000.00000000,0
1531211903268,1531211903263,1083717,0.00000227,1957.00000000,1
1531211910260,1531211910254,1083718,0.00000227,31588.00000000,1
1531211910260,1531211910254,1083719,0.00000226,738.00000000,1
1531211910260,1531211910254,1083720,0.00000226,35920.00000000,1
1531211910260,1531211910254,1083721,0.00000226,17960.00000000,1
1531211911233,1531211911228,1083722,0.00000227,1818.00000000,0
1531211911372,1531211911367,1083723,0.00000227,2590.00000000,0
1531211912580,1531211912574,1083724,0.00000227,647.00000000,0
1531211912829,1531211912825,1083725,0.00000227,605.00000000,0
1531211913983,1531211913980,1083726,0.00000227,2144.00000000,1
1531211914814,1531211914808,1083727,0.00000227,3000.00000000,1
1531211914814,1531211914808,1083728,0.00000226,887.00000000,1
1531211914956,1531211914951,1083729,0.00000227,42729.00000000,0
1531211914972,1531211914971,1083730,0.00000227,35742.00000000,0
1531211914972,1531211914972,1083731,0.00000227,2453.00000000,0
1531211914973,1531211914972,1083732,0.00000227,42742.00000000,0
1531211914999,1531211914994,1083733,0.00000227,48999.00000000,0
1531211915077,1531211915072,1083734,0.00000227,856.00000000,0
1531211915220,1531211915215,1083735,0.00000227,35893.00000000,0
1531211915225,1531211915220,1083736,0.00000227,7582.00000000,0
1531211915748,1531211915745,1083737,0.00000227,1311.00000000,0
1531211915766,1531211915762,1083738,0.00000227,2550.00000000,0
1531211915863,1531211915862,1083739,0.00000227,3000.00000000,0
1531211931881,1531211931876,1083740,0.00000226,97747.00000000,1
1531211938661,1531211938656,1083741,0.00000226,36011.00000000,1
1531211943264,1531211943260,1083742,0.00000227,445.00000000,0
1531211946246,1531211946240,1083743,0.00000227,5.00000000,0
1531211946793,1531211946789,1083744,0.00000227,896.00000000,0
1531211950399,1531211950395,1083745,0.00000226,36351.00000000,1
1531211956799,1531211956798,1083746,0.00000227,62498.00000000,0
1531211966955,1531211966950,1083747,0.00000227,1100.00000000,0
1531211968446,1531211968440,1083748,0.00000227,20789.00000000,0
1531211971678,1531211971674,1083749,0.00000226,447.00000000,1
1531211972230,1531211972229,1083750,0.00000227,3068.00000000,0
1531211977924,1531211977921,1083751,0.00000227,21100.00000000,0
1531211981224,1531211981217,1083752,0.00000226,346672.00000000,1
1531211987833,1531211987829,1083753,0.00000226,186830.00000000,1
1531211988440,1531211988435,1083754,0.00000226,81321.00000000,1
1531211988466,1531211988461,1083755,0.00000226,5194.00000000,0
1531211988472,1531211988469,1083756,0.00000226,760.00000000,0
1531211988491,1531211988487,1083757,0.00000226,760.00000000,0
1531211988532,1531211988528,1083758,0.00000226,586.00000000,0
1531211988720,1531211988716,1083759,0.00000226,2818.00000000,0
1531211988725,1531211988721,1083760,0.00000226,5210.00000000,0
1531211989944,1531211989939,1083761,0.00000226,8576.00000000,0
1531211990177,1531211990174,1083762,0.00000226,482.00000000,0
1531211990271,1531211990267,1083763,0.00000226,7195.00000000,0
1531211991223,1531211991220,1083764,0.00000226,19995.00000000,0
1531211991625,1531211991620,1083765,0.00000226,14902.00000000,1
1531211991681,1531211991677,1083766,0.00000226,2301.00000000,0
1531211992702,1531211992695,1083767,0.00000225,138293.00000000,1
1531211992702,1531211992695,1083768,0.00000225,46135.00000000,1
1531211992735,1531211992732,1083769,0.00000226,3240.00000000,0
1531211994944,1531211994938,1083770,0.00000225,35081.00000000,1
1531211995662,1531211995658,1083771,0.00000226,6293.00000000,0
1531211995775,1531211995771,1083772,0.00000226,1260.00000000,0
1531211996311,1531211996305,1083773,0.00000226,18539.00000000,1
1531211996653,1531211996650,1083774,0.00000226,26011.00000000,1
1531212000713,1531212000707,1083775,0.00000226,38586.00000000,1
1531212001685,1531212001681,1083776,0.00000226,1907.00000000,1
1531212005976,1531212005971,1083777,0.00000226,1045.00000000,1
1531212012352,1531212012346,1083778,0.00000225,85500.00000000,1
1531212016769,1531212016764,1083779,0.00000226,1396.00000000,0
1531212016804,1531212016799,1083780,0.00000226,1396.00000000,0
1531212016811,1531212016806,1083781,0.00000226,1396.00000000,0
1531212021724,1531212021722,1083782,0.00000225,620313.00000000,1
1531212022618,1531212022614,1083783,0.00000226,28695.00000000,0
1531212022704,1531212022695,1083784,0.00000225,300000.00000000,1
1531212022736,1531212022731,1083785,0.00000225,50274.00000000,1
1531212023628,1531212023622,1083786,0.00000225,1650.00000000,0
1531212024193,1531212024189,1083787,0.00000225,661.00000000,0
1531212024374,1531212024368,1083788,0.00000224,1650.00000000,1
1531212024376,1531212024368,1083789,0.00000224,298959.00000000,1
1531212024561,1531212024557,1083790,0.00000224,1971.00000000,1
1531212024771,1531212024766,1083791,0.00000225,2198.00000000,0
1531212025388,1531212025383,1083792,0.00000224,1934.00000000,1
1531212026117,1531212026112,1083793,0.00000224,2180.00000000,1
1531212029649,1531212029643,1083794,0.00000225,747.00000000,0
1531212031098,1531212031094,1083795,0.00000225,33054.00000000,1
1531212031098,1531212031094,1083796,0.00000224,41871.00000000,1
1531212031993,1531212031989,1083797,0.00000224,677.00000000,1
1531212032391,1531212032387,1083798,0.00000224,451.00000000,1
1531212033528,1531212033524,1083799,0.00000224,722.00000000,1
1531212033946,1531212033943,1083800,0.00000225,545.00000000,0
1531212034022,1531212034018,1083801,0.00000225,545.00000000,0
1531212034556,1531212034550,1083802,0.00000224,44449.00000000,1
1531212034741,1531212034735,1083803,0.00000225,2198.00000000,0
1531212038757,1531212038752,1083804,0.00000225,1650.00000000,0
1531212038912,1531212038906,1083805,0.00000225,83883.00000000,0
1531212038912,1531212038907,1083806,0.00000225,90984.00000000,0
1531212038973,1531212038967,1083807,0.00000225,118008.00000000,1
1531212038973,1531212038967,1083808,0.00000224,26481.00000000,1
1531212041911,1531212041905,1083809,0.00000225,8907.00000000,1
1531212041911,1531212041905,1083810,0.00000224,375264.00000000,1
1531212041938,1531212041934,1083811,0.00000224,75725.00000000,0
1531212041942,1531212041938,1083812,0.00000224,4464.00000000,0
1531212041956,1531212041953,1083813,0.00000224,35482.00000000,0
1531212042606,1531212042601,1083814,0.00000223,655.00000000,1
1531212042606,1531212042601,1083815,0.00000223,895.00000000,1
1531212042737,1531212042732,1083816,0.00000224,2403.00000000,0
1531212042928,1531212042923,1083817,0.00000224,2415.00000000,0
1531212043037,1531212043034,1083818,0.00000224,63579.00000000,0
1531212043079,1531212043077,1083819,0.00000223,3729.00000000,1
1531212043490,1531212043486,1083820,0.00000224,69730.00000000,0
1531212043599,1531212043594,1083821,0.00000223,2527.00000000,1
1531212043713,1531212043712,1083822,0.00000223,1650.00000000,1
1531212043890,1531212043886,1083823,0.00000223,1802.00000000,1
1531212043906,1531212043902,1083824,0.00000224,49514.00000000,0
1531212044617,1531212044613,1083825,0.00000224,9207.00000000,0
1531212046201,1531212046196,1083826,0.00000224,7258.00000000,0
1531212046571,1531212046566,1083827,0.00000224,4271.00000000,0
1531212046833,1531212046829,1083828,0.00000224,167075.00000000,0
1531212047418,1531212047412,1083829,0.00000224,11529.00000000,1
1531212047418,1531212047412,1083830,0.00000223,23248.00000000,1
1531212049109,1531212049105,1083831,0.00000225,316.00000000,0
1531212051819,1531212051815,1083832,0.00000225,1752.00000000,0
1531212055852,1531212055847,1083833,0.00000224,128679.00000000,1
1531212056697,1531212056691,1083834,0.00000225,32439.00000000,0
1531212063534,1531212063528,1083835,0.00000225,140073.00000000,0
1531212063569,1531212063565,1083836,0.00000225,18169.00000000,0
1531212063592,1531212063589,1083837,0.00000225,70222.00000000,1
1531212063635,1531212063632,1083838,0.00000225,893.00000000,1
1531212063815,1531212063809,1083839,0.00000225,115710.00000000,1
1531212064261,1531212064257,1083840,0.00000225,3000.00000000,1
1531212064285,1531212064281,1083841,0.00000226,1306.00000000,0
1531212064765,1531212064762,1083842,0.00000225,7173.00000000,1
1531212064851,1531212064848,1083843,0.00000225,489.00000000,1
1531212065001,1531212064997,1083844,0.00000226,407.00000000,0
1531212067693,1531212067686,1083845,0.00000225,7047.00000000,1
1531212075899,1531212075895,1083846,0.00000225,1956.00000000,0
1531212083396,1531212083391,1083847,0.00000225,2222.00000000,0
1531212085829,1531212085824,1083848,0.00000225,1.00000000,0
1531212087279,1531212087274,1083849,0.00000225,56871.00000000,0
1531212087346,1531212087341,1083850,0.00000226,1468.00000000,0
1531212087695,1531212087692,1083851,0.00000225,485.00000000,1
1531212093607,1531212093603,1083852,0.00000225,449.00000000,1
1531212094110,1531212094106,1083853,0.00000225,2245.00000000,1
1531212105201,1531212105196,1083854,0.00000226,118.00000000,0
1531212107051,1531212107045,1083855,0.00000226,33957.00000000,0
1531212113831,1531212113825,1083856,0.00000225,2453.00000000,1
1531212124693,1531212124687,1083857,0.00000225,35544.00000000,1
1531212124841,1531212124836,1083858,0.00000225,889.00000000,1
1531212130901,1531212130896,1083859,0.00000225,4374.00000000,1
1531212133030,1531212133025,1083860,0.00000225,449.00000000,1
1531212133612,1531212133607,1083861,0.00000225,1796.00000000,1
1531212154435,1531212154430,1083862,0.00000225,1000.00000000,1
1531212158238,1531212158234,1083863,0.00000225,7705.00000000,1
1531212160417,1531212160412,1083864,0.00000226,481.00000000,0
1531212164375,1531212164369,1083865,0.00000226,664.00000000,0
1531212169014,1531212169010,1083866,0.00000225,1043.00000000,1
1531212176474,1531212176471,1083867,0.00000225,5000.00000000,1
1531212182017,1531212182013,1083868,0.00000225,5274.00000000,1
1531212182162,1531212182159,1083869,0.00000225,699.00000000,1
1531212183010,1531212183007,1083870,0.00000226,4424.00000000,0
1531212193695,1531212193691,1083871,0.00000226,1.00000000,0
1531212194370,1531212194366,1083872,0.00000226,1.00000000,0
1531212194435,1531212194430,1083873,0.00000226,1.00000000,0
1531212195154,1531212195151,1083874,0.00000226,1.00000000,0
1531212195700,1531212195695,1083875,0.00000226,1.00000000,0
1531212196505,1531212196502,1083876,0.00000226,1.00000000,0
1531212196540,1531212196536,1083877,0.00000226,1.00000000,0
1531212197595,1531212197592,1083878,0.00000226,1.00000000,0
1531212197710,1531212197705,1083879,0.00000226,1.00000000,0
1531212198464,1531212198461,1083880,0.00000226,1.00000000,0
1531212198981,1531212198977,1083881,0.00000226,1.00000000,0
1531212199740,1531212199735,1083882,0.00000226,1.00000000,0
1531212199929,1531212199928,1083883,0.00000226,1.00000000,0
1531212200694,1531212200690,1083884,0.00000226,1.00000000,0
1531212200868,1531212200863,1083885,0.00000226,1.00000000,0
1531212201742,1531212201738,1083886,0.00000226,1.00000000,0
1531212202449,1531212202443,1083887,0.00000226,1.00000000,0
1531212202868,1531212202865,1083888,0.00000226,1.00000000,0
1531212203354,1531212203350,1083889,0.00000226,1.00000000,0
1531212203845,1531212203840,1083890,0.00000226,1.00000000,0
1531212204397,1531212204392,1083891,0.00000226,1.00000000,0
1531212204984,1531212204981,1083892,0.00000226,1.00000000,0
1531212205555,1531212205552,1083893,0.00000226,1.00000000,0
1531212206176,1531212206173,1083894,0.00000226,1.00000000,0
1531212206303,1531212206298,1083895,0.00000226,1.00000000,0
1531212206951,1531212206946,1083896,0.00000226,1.00000000,0
1531212207538,1531212207534,1083897,0.00000226,1.00000000,0
1531212208224,1531212208220,1083898,0.00000226,1.00000000,0
1531212208962,1531212208959,1083899,0.00000226,1.00000000,0
1531212209178,1531212209174,1083900,0.00000226,1.00000000,0
1531212209911,1531212209907,1083901,0.00000226,1.00000000,0
1531212210651,1531212210647,1083902,0.00000226,1.00000000,0
1531212211278,1531212211274,1083903,0.00000226,1.00000000,0
1531212211467,1531212211462,1083904,0.00000226,1.00000000,0
1531212212048,1531212212046,1083905,0.00000226,11.00000000,0
1531212212536,1531212212531,1083906,0.00000226,1.00000000,0
1531212213092,1531212213088,1083907,0.00000226,1.00000000,0
1531212213252,1531212213249,1083908,0.00000226,1.00000000,0
1531212214029,1531212214023,1083909,0.00000226,1.00000000,0
1531212215710,1531212215706,1083910,0.00000226,1.00000000,0
1531212216340,1531212216336,1083911,0.00000226,1.00000000,0
1531212216949,1531212216946,1083912,0.00000226,1.00000000,0
1531212217755,1531212217750,1083913,0.00000226,1.00000000,0
1531212218337,1531212218333,1083914,0.00000226,1.00000000,0
1531212218339,1531212218335,1083915,0.00000226,1.00000000,0
1531212219125,1531212219121,1083916,0.00000226,1.00000000,0
1531212219868,1531212219865,1083917,0.00000226,1.00000000,0
1531212221489,1531212221485,1083918,0.00000226,1.00000000,0
1531212232789,1531212232784,1083919,0.00000225,37904.00000000,1
1531212236519,1531212236515,1083920,0.00000225,2202.00000000,1
1531212238380,1531212238375,1083921,0.00000225,6767.00000000,1
1531212238720,1531212238715,1083922,0.00000225,38437.00000000,0
1531212241822,1531212241817,1083923,0.00000224,4267.00000000,1
1531212279872,1531212279869,1083924,0.00000226,15000.00000000,0
1531212293266,1531212293262,1083925,0.00000225,170011.00000000,1
1531212327128,1531212327124,1083926,0.00000225,61853.00000000,1
1531212342738,1531212342733,1083927,0.00000225,11498.00000000,1
1531212358342,1531212358340,1083928,0.00000225,3079.00000000,1
1531212360333,1531212360327,1083929,0.00000226,92477.00000000,0
1531212362752,1531212362748,1083930,0.00000226,4497.00000000,0
1531212377290,1531212377285,1083931,0.00000226,5000.00000000,0
1531212382652,1531212382646,1083932,0.00000226,311576.00000000,0
1531212382748,1531212382745,1083933,0.00000226,11335.00000000,1
1531212384301,1531212384296,1083934,0.00000226,10431.00000000,1
1531212385181,1531212385176,1083935,0.00000226,149739.00000000,1
1531212385335,1531212385332,1083936,0.00000226,7626.00000000,1
1531212386702,1531212386697,1083937,0.00000226,7798.00000000,1
1531212387790,1531212387787,1083938,0.00000226,7576.00000000,1
1531212388464,1531212388457,1083939,0.00000226,7756.00000000,1
1531212389962,1531212389958,1083940,0.00000226,7098.00000000,1
1531212401364,1531212401358,1083941,0.00000226,1926.00000000,1
1531212402871,1531212402867,1083942,0.00000226,15988.00000000,1
1531212420419,1531212420414,1083943,0.00000226,41357.00000000,1
1531212421677,1531212421673,1083944,0.00000225,8631.00000000,1
1531212440568,1531212440564,1083945,0.00000226,1855.00000000,0
1531212441016,1531212441010,1083946,0.00000226,9010.00000000,1
1531212443219,1531212443214,1083947,0.00000226,7085.00000000,1
1531212443506,1531212443500,1083948,0.00000226,42759.00000000,1
1531212448965,1531212448960,1083949,0.00000225,9990.00000000,1
1531212457584,1531212457578,1083950,0.00000225,270.00000000,1
1531212478063,1531212478060,1083951,0.00000225,13243.00000000,1
1531212489767,1531212489764,1083952,0.00000225,4777.00000000,1
1531212497119,1531212497116,1083953,0.00000226,445.00000000,0
1531212497310,1531212497308,1083954,0.00000226,500.00000000,0
1531212504243,1531212504239,1083955,0.00000226,1008.00000000,0
1531212511483,1531212511478,1083956,0.00000226,1983.00000000,0
1531212537228,1531212537224,1083957,0.00000226,26338.00000000,0
1531212539362,1531212539358,1083958,0.00000226,46175.00000000,0
1531212547699,1531212547695,1083959,0.00000225,15094.00000000,1
1531212558862,1531212558856,1083960,0.00000225,217391.00000000,1
1531212588714,1531212588709,1083961,0.00000226,10100.00000000,0
1531212590700,1531212590695,1083962,0.00000225,187284.00000000,1
1531212606491,1531212606487,1083963,0.00000225,20055.00000000,1
1531212607567,1531212607563,1083964,0.00000225,169940.00000000,1
1531212608064,1531212608059,1083965,0.00000225,40394.00000000,1
1531212615454,1531212615449,1083966,0.00000225,16198.00000000,1
1531212630509,1531212630506,1083967,0.00000225,60970.00000000,1
1531212643412,1531212643409,1083968,0.00000225,29090.00000000,1
1531212711442,1531212711436,1083969,0.00000225,135744.00000000,1
1531212712339,1531212712335,1083970,0.00000225,76135.00000000,1
1531212717254,1531212717248,1083971,0.00000225,2317.00000000,1
1531212723470,1531212723465,1083972,0.00000224,2317.00000000,1
1531212728835,1531212728829,1083973,0.00000224,6799.00000000,1
1531212738433,1531212738429,1083974,0.00000224,9350.00000000,1
1531212745167,1531212745163,1083975,0.00000224,5891.00000000,1
1531212756475,1531212756470,1083976,0.00000224,42466.00000000,1
1531212766185,1531212766180,1083977,0.00000224,4545.00000000,1
1531212767188,1531212767183,1083978,0.00000224,137267.00000000,1
1531212769036,1531212769033,1083979,0.00000224,5563.00000000,1
1531212781964,1531212781960,1083980,0.00000225,449.00000000,0
1531212786983,1531212786979,1083981,0.00000224,7933.00000000,1
1531212790056,1531212790051,1083982,0.00000224,67812.00000000,1
1531212791998,1531212791993,1083983,0.00000224,2211.00000000,1
1531212796783,1531212796780,1083984,0.00000224,3235.00000000,1
1531212797876,1531212797872,1083985,0.00000224,13192.00000000,1
1531212806415,1531212806411,1083986,0.00000224,11226.00000000,1
1531212825817,1531212825814,1083987,0.00000225,9339.00000000,0
1531212825820,1531212825814,1083988,0.00000224,162604.00000000,1
1531212825820,1531212825814,1083989,0.00000223,73043.00000000,1
1531212832896,1531212832891,1083990,0.00000224,1543.00000000,0
1531212836182,1531212836178,1083991,0.00000223,774.00000000,1
1531212837461,1531212837458,1083992,0.00000224,764.00000000,0
1531212838272,1531212838267,1083993,0.00000224,35.00000000,0
1531212839509,1531212839504,1083994,0.00000224,785.00000000,0
1531212839638,1531212839634,1083995,0.00000223,2275.00000000,1
1531212840942,1531212840939,1083996,0.00000224,2319.00000000,0
1531212841858,1531212841853,1083997,0.00000224,382.00000000,0
1531212843930,1531212843925,1083998,0.00000223,494.00000000,1
1531212844570,1531212844566,1083999,0.00000223,897.00000000,1
1531212849604,1531212849598,1084000,0.00000224,110358.00000000,0
1531212849967,1531212849961,1084001,0.00000224,1417.00000000,1
1531212851042,1531212851038,1084002,0.00000225,667.00000000,0
1531212851502,1531212851498,1084003,0.00000224,11682.00000000,1
1531212854263,1531212854258,1084004,0.00000224,2233.00000000,1
1531212856048,1531212856043,1084005,0.00000224,96475.00000000,1
1531212862024,1531212862019,1084006,0.00000225,9042.00000000,0
1531212863323,1531212863320,1084007,0.00000225,2960.00000000,0
1531212869484,1531212869477,1084008,0.00000224,5133.00000000,1
1531212870694,1531212870692,1084009,0.00000224,7074.00000000,1
1531212871622,1531212871617,1084010,0.00000224,7126.00000000,1
1531212873097,1531212873093,1084011,0.00000224,7065.00000000,1
1531212873508,1531212873504,1084012,0.00000224,7120.00000000,1
1531212880255,1531212880251,1084013,0.00000224,1308.00000000,1
1531212900996,1531212900991,1084014,0.00000224,587.00000000,1
1531212903675,1531212903671,1084015,0.00000224,1340.00000000,1
1531212910213,1531212910208,1084016,0.00000224,89770.00000000,1
1531212930400,1531212930397,1084017,0.00000224,15194.00000000,1
1531212938531,1531212938525,1084018,0.00000224,1490.00000000,1
1531212940017,1531212940011,1084019,0.00000224,124422.00000000,1
1531212942141,1531212942137,1084020,0.00000224,228.00000000,1
1531212948766,1531212948760,1084021,0.00000225,13577.00000000,0
1531212957768,1531212957763,1084022,0.00000225,10088.00000000,0
1531212962345,1531212962341,1084023,0.00000224,3000.00000000,1
1531212971902,1531212971898,1084024,0.00000225,42918.00000000,0
1531212989991,1531212989986,1084025,0.00000224,116180.00000000,1
1531213008717,1531213008714,1084026,0.00000224,3996.00000000,0
1531213016926,1531213016922,1084027,0.00000223,10088.00000000,1
1531213017769,1531213017763,1084028,0.00000224,1651.00000000,0
1531213047876,1531213047873,1084029,0.00000224,1000.00000000,0
1531213062406,1531213062403,1084030,0.00000224,1596.00000000,0
1531213091150,1531213091145,1084031,0.00000224,1738.00000000,1
1531213093853,1531213093849,1084032,0.00000224,89496.00000000,1
1531213095201,1531213095195,1084033,0.00000224,43637.00000000,1
1531213157500,1531213157495,1084034,0.00000224,18006.00000000,1
1531213181185,1531213181180,1084035,0.00000224,11990.00000000,1
1531213220113,1531213220110,1084036,0.00000224,6808.00000000,1
1531213257183,1531213257180,1084037,0.00000224,2406.00000000,1
1531213268617,1531213268611,1084038,0.00000225,193928.00000000,0
1531213287603,1531213287598,1084039,0.00000225,1070.00000000,0
1531213305239,1531213305235,1084040,0.00000224,10000.00000000,1
1531213306168,1531213306164,1084041,0.00000225,123572.00000000,0
1531213315857,1531213315852,1084042,0.00000225,1142.00000000,0
1531213330052,1531213330048,1084043,0.00000225,46196.00000000,0
1531213331489,1531213331483,1084044,0.00000225,3558.00000000,1
1531213336582,1531213336577,1084045,0.00000226,4680.00000000,0
1531213344898,1531213344894,1084046,0.00000226,122564.00000000,0
1531213347561,1531213347557,1084047,0.00000226,500.00000000,0
1531213354845,1531213354840,1084048,0.00000225,3390.00000000,1
1531213355084,1531213355078,1084049,0.00000226,437210.00000000,0
1531213367372,1531213367369,1084050,0.00000225,18628.00000000,1
1531213368407,1531213368401,1084051,0.00000226,55508.00000000,0
1531213368479,1531213368475,1084052,0.00000226,8153.00000000,1
1531213368885,1531213368881,1084053,0.00000226,19900.00000000,1
1531213373785,1531213373781,1084054,0.00000226,9321.00000000,1
1531213375738,1531213375733,1084055,0.00000226,6981.00000000,1
1531213376761,1531213376757,1084056,0.00000226,999.00000000,1
1531213377084,1531213377081,1084057,0.00000226,7967.00000000,1
1531213383604,1531213383598,1084058,0.00000226,7.00000000,1
1531213384272,1531213384269,1084059,0.00000227,661.00000000,0
1531213384894,1531213384889,1084060,0.00000226,2319.00000000,1
1531213387172,1531213387168,1084061,0.00000227,443.00000000,0
1531213390625,1531213390621,1084062,0.00000227,7848.00000000,0
1531213400970,1531213400966,1084063,0.00000226,316.00000000,1
1531213405437,1531213405434,1084064,0.00000227,5278.00000000,0
1531213410736,1531213410731,1084065,0.00000227,1512.00000000,0
1531213411009,1531213411002,1084066,0.00000227,366040.00000000,0
1531213411044,1531213411040,1084067,0.00000227,2237.00000000,1
1531213414973,1531213414968,1084068,0.00000227,124656.00000000,1
1531213441476,1531213441471,1084069,0.00000227,17145.00000000,0
1531213443708,1531213443703,1084070,0.00000227,485.00000000,0
1531213444717,1531213444712,1084071,0.00000227,122008.00000000,0
1531213445883,1531213445878,1084072,0.00000226,23684.00000000,1
1531213445923,1531213445919,1084073,0.00000226,90439.00000000,0
1531213445926,1531213445922,1084074,0.00000226,145841.00000000,0
1531213445953,1531213445948,1084075,0.00000226,560.00000000,0
1531213445980,1531213445976,1084076,0.00000226,8818.00000000,0
1531213445989,1531213445985,1084077,0.00000226,8818.00000000,0
1531213446715,1531213446709,1084078,0.00000226,37871.00000000,0
1531213449588,1531213449585,1084079,0.00000227,95105.00000000,0
1531213449842,1531213449839,1084080,0.00000227,80659.00000000,0
1531213459849,1531213459844,1084081,0.00000226,41359.00000000,1
1531213460727,1531213460723,1084082,0.00000226,3269.00000000,0
1531213466314,1531213466310,1084083,0.00000226,8143.00000000,1
1531213486476,1531213486473,1084084,0.00000226,252.00000000,1
1531213506623,1531213506619,1084085,0.00000226,3187.00000000,1
1531213506805,1531213506801,1084086,0.00000226,1907.00000000,1
1531213511527,1531213511523,1084087,0.00000225,76.00000000,1
1531213540990,1531213540987,1084088,0.00000226,106182.00000000,1
1531213546806,1531213546802,1084089,0.00000226,6299.00000000,1
1531213554841,1531213554837,1084090,0.00000226,6287.00000000,1
1531213563826,1531213563821,1084091,0.00000226,112091.00000000,1
1531213572920,1531213572910,1084092,0.00000225,138044.00000000,1
1531213572920,1531213572910,1084093,0.00000224,103050.00000000,1
1531213573769,1531213573767,1084094,0.00000224,76.00000000,1
1531213587718,1531213587713,1084095,0.00000225,449.00000000,1
1531213600977,1531213600972,1084096,0.00000225,10722.00000000,1
1531213602067,1531213602059,1084097,0.00000225,22159.00000000,1
1531213602067,1531213602059,1084098,0.00000224,80048.00000000,1
1531213602619,1531213602615,1084099,0.00000224,3250.00000000,1
1531213603906,1531213603901,1084100,0.00000225,6541.00000000,0
1531213607489,1531213607486,1084101,0.00000225,473.00000000,1
1531213607917,1531213607913,1084102,0.00000225,1090.00000000,0
1531213621209,1531213621204,1084103,0.00000224,40489.00000000,1
1531213628297,1531213628291,1084104,0.00000224,4509.00000000,1
1531213651777,1531213651774,1084105,0.00000224,56467.00000000,1
1531213668473,1531213668467,1084106,0.00000224,451.00000000,1
1531213669065,1531213669058,1084107,0.00000225,61545.00000000,0
1531213669176,1531213669172,1084108,0.00000225,2255.00000000,1
1531213669911,1531213669908,1084109,0.00000225,54.00000000,1
1531213685294,1531213685291,1084110,0.00000225,765.00000000,0
1531213686017,1531213686012,1084111,0.00000225,16742.00000000,0
1531213689349,1531213689346,1084112,0.00000225,7944.00000000,0
1531213689632,1531213689627,1084113,0.00000224,172146.00000000,1
1531213691080,1531213691076,1084114,0.00000224,14225.00000000,1
1531213691873,1531213691868,1084115,0.00000224,4680.00000000,1
1531213698593,1531213698589,1084116,0.00000225,9742.00000000,0
1531213715810,1531213715807,1084117,0.00000225,631.00000000,0
1531213715938,1531213715933,1084118,0.00000225,36435.00000000,1
1531213716933,1531213716929,1084119,0.00000225,1872.00000000,1
1531213718943,1531213718938,1084120,0.00000225,23290.00000000,1
1531213726890,1531213726886,1084121,0.00000225,6419.00000000,0
1531213730203,1531213730200,1084122,0.00000224,37066.00000000,1
1531213730638,1531213730635,1084123,0.00000224,1650.00000000,1
1531213748469,1531213748464,1084124,0.00000224,9141.00000000,1
1531213749173,1531213749169,1084125,0.00000224,1510.00000000,1
1531213750159,1531213750153,1084126,0.00000224,24133.00000000,1
1531213769676,1531213769671,1084127,0.00000224,570.00000000,1
1531213771645,1531213771642,1084128,0.00000224,5265.00000000,1
1531213774356,1531213774353,1084129,0.00000224,99384.00000000,1
1531213804807,1531213804803,1084130,0.00000224,591.00000000,1
1531213811681,1531213811678,1084131,0.00000224,784.00000000,1
1531213817358,1531213817353,1084132,0.00000224,128069.00000000,1
1531213817891,1531213817888,1084133,0.00000224,14547.00000000,0
1531213819627,1531213819623,1084134,0.00000223,76.00000000,1
1531213820172,1531213820166,1084135,0.00000224,3356.00000000,0
1531213826768,1531213826762,1084136,0.00000224,474.00000000,0
1531213829989,1531213829984,1084137,0.00000224,1696.00000000,0
1531213830268,1531213830264,1084138,0.00000224,11067.00000000,0
1531213831405,1531213831400,1084139,0.00000223,590.00000000,1
1531213838651,1531213838648,1084140,0.00000223,816.00000000,1
1531213854585,1531213854580,1084141,0.00000224,1000.00000000,0
1531213867159,1531213867151,1084142,0.00000223,280985.00000000,1
1531213867349,1531213867346,1084143,0.00000224,12238.00000000,0
1531213899563,1531213899560,1084144,0.00000224,19454.00000000,0
1531213914167,1531213914163,1084145,0.00000224,121337.00000000,0
1531213914167,1531213914163,1084146,0.00000225,114940.00000000,0
1531213914914,1531213914911,1084147,0.00000225,2125.00000000,0
1531213914953,1531213914949,1084148,0.00000225,1650.00000000,0
1531213918120,1531213918115,1084149,0.00000224,6728.00000000,1
1531213923188,1531213923181,1084150,0.00000224,584.00000000,1
1531213923669,1531213923665,1084151,0.00000224,2993.00000000,0
1531213923669,1531213923665,1084152,0.00000225,5297.00000000,0
1531213923734,1531213923731,1084153,0.00000225,893.00000000,1
1531213923951,1531213923948,1084154,0.00000225,19527.00000000,1
1531213924508,1531213924504,1084155,0.00000224,494.00000000,1
1531213925213,1531213925207,1084156,0.00000225,5297.00000000,0
1531213941624,1531213941620,1084157,0.00000225,4251.00000000,0
1531213942023,1531213942020,1084158,0.00000224,137275.00000000,1
1531213944322,1531213944317,1084159,0.00000225,578.00000000,0
1531213952681,1531213952678,1084160,0.00000224,2255.00000000,1
1531213955985,1531213955982,1084161,0.00000225,688.00000000,0
1531213964147,1531213964142,1084162,0.00000224,13943.00000000,1
1531213972335,1531213972330,1084163,0.00000225,600.00000000,0
1531214017633,1531214017629,1084164,0.00000225,1429.00000000,0
1531214018178,1531214018174,1084165,0.00000225,5758.00000000,0
1531214040179,1531214040176,1084166,0.00000225,6.00000000,0
1531214043343,1531214043338,1084167,0.00000225,263185.00000000,0
1531214047426,1531214047423,1084168,0.00000225,4660.00000000,0
1531214057076,1531214057071,1084169,0.00000224,16832.00000000,1
1531214073099,1531214073095,1084170,0.00000224,11662.00000000,1
1531214076711,1531214076707,1084171,0.00000225,174386.00000000,0
1531214086482,1531214086480,1084172,0.00000224,24975.00000000,1
1531214102985,1531214102980,1084173,0.00000224,15008.00000000,1
1531214116877,1531214116872,1084174,0.00000224,19581.00000000,1
1531214135920,1531214135917,1084175,0.00000224,12461.00000000,1
1531214137097,1531214137092,1084176,0.00000224,9346.00000000,1
1531214138332,1531214138329,1084177,0.00000224,7009.00000000,1
1531214139608,1531214139605,1084178,0.00000224,5257.00000000,1
1531214145439,1531214145435,1084179,0.00000224,7886.00000000,1
1531214158812,1531214158808,1084180,0.00000224,30352.00000000,1
1531214160458,1531214160454,1084181,0.00000224,33053.00000000,1
1531214166542,1531214166539,1084182,0.00000223,4660.00000000,1
1531214166542,1531214166539,1084183,0.00000223,895.00000000,1
1531214174593,1531214174589,1084184,0.00000223,455.00000000,1
1531214181802,1531214181798,1084185,0.00000224,27209.00000000,0
1531214192717,1531214192714,1084186,0.00000224,1.00000000,0
1531214204349,1531214204343,1084187,0.00000224,471.00000000,0
1531214211600,1531214211594,1084188,0.00000223,100306.00000000,1
1531214229102,1531214229095,1084189,0.00000223,116314.00000000,1
1531214229102,1531214229095,1084190,0.00000222,174076.00000000,1
1531214229102,1531214229095,1084191,0.00000222,55259.00000000,1
1531214229108,1531214229095,1084192,0.00000222,268347.00000000,1
1531214229124,1531214229121,1084193,0.00000222,111320.00000000,0
1531214229139,1531214229135,1084194,0.00000222,111333.00000000,0
1531214229153,1531214229150,1084195,0.00000222,711.00000000,0
1531214229160,1531214229156,1084196,0.00000222,23215.00000000,0
1531214229192,1531214229189,1084197,0.00000222,711.00000000,0
1531214229200,1531214229197,1084198,0.00000222,23268.00000000,0
1531214229372,1531214229368,1084199,0.00000222,3000.00000000,0
1531214229453,1531214229449,1084200,0.00000222,225200.00000000,0
1531214229453,1531214229449,1084201,0.00000224,41461.00000000,0
1531214229683,1531214229678,1084202,0.00000223,895.00000000,0
1531214231256,1531214231252,1084203,0.00000222,645.00000000,1
1531214231290,1531214231287,1084204,0.00000222,76.00000000,1
1531214232002,1531214231998,1084205,0.00000222,2594.00000000,1
1531214232352,1531214232348,1084206,0.00000222,26372.00000000,1
1531214232816,1531214232812,1084207,0.00000221,1650.00000000,1
1531214235638,1531214235634,1084208,0.00000221,76.00000000,1
1531214236059,1531214236055,1084209,0.00000221,2667.00000000,1
1531214236352,1531214236346,1084210,0.00000221,868.00000000,1
1531214236685,1531214236680,1084211,0.00000221,2594.00000000,1
1531214236692,1531214236687,1084212,0.00000221,2720.00000000,1
1531214236695,1531214236691,1084213,0.00000221,2720.00000000,1
1531214238473,1531214238470,1084214,0.00000222,8944.00000000,0
1531214238489,1531214238483,1084215,0.00000222,8944.00000000,0
1531214238517,1531214238514,1084216,0.00000222,8947.00000000,0
1531214239461,1531214239456,1084217,0.00000222,16923.00000000,0
1531214239502,1531214239499,1084218,0.00000222,8944.00000000,0
1531214243262,1531214243256,1084219,0.00000222,2200.00000000,0
1531214244116,1531214244111,1084220,0.00000222,75559.00000000,0
1531214245010,1531214245003,1084221,0.00000222,89823.00000000,1
1531214245010,1531214245003,1084222,0.00000221,176571.00000000,1
1531214254904,1531214254899,1084223,0.00000221,212204.00000000,1
1531214254969,1531214254964,1084224,0.00000221,6899.00000000,0
1531214255681,1531214255677,1084225,0.00000223,1.00000000,0
1531214255913,1531214255909,1084226,0.00000220,457.00000000,1
1531214255913,1531214255909,1084227,0.00000220,6976.00000000,1
1531214255915,1531214255909,1084228,0.00000220,35006.00000000,1
1531214255915,1531214255909,1084229,0.00000220,52901.00000000,1
1531214256166,1531214256161,1084230,0.00000220,1193.00000000,1
1531214258291,1531214258286,1084231,0.00000220,76.00000000,1
1531214259728,1531214259724,1084232,0.00000221,3691.00000000,0
1531214260659,1531214260654,1084233,0.00000221,500.00000000,1
1531214260659,1531214260654,1084234,0.00000220,393.00000000,1
1531214261996,1531214261993,1084235,0.00000222,500.00000000,0
1531214262625,1531214262622,1084236,0.00000221,46465.00000000,1
1531214268421,1531214268418,1084237,0.00000221,2.00000000,1
1531214271116,1531214271111,1084238,0.00000221,3690.00000000,1
1531214276318,1531214276313,1084239,0.00000221,458.00000000,1
1531214276400,1531214276395,1084240,0.00000221,915.00000000,1
1531214279248,1531214279245,1084241,0.00000221,227160.00000000,1
1531214279658,1531214279653,1084242,0.00000221,9496.00000000,1
1531214284187,1531214284182,1084243,0.00000221,1810.00000000,1
1531214285128,1531214285125,1084244,0.00000221,498.00000000,1
1531214285194,1531214285191,1084245,0.00000221,905.00000000,1
1531214285289,1531214285284,1084246,0.00000221,1358.00000000,1
1531214285454,1531214285451,1084247,0.00000221,905.00000000,1
1531214285565,1531214285562,1084248,0.00000221,679.00000000,1
1531214286197,1531214286192,1084249,0.00000221,4983.00000000,1
1531214288628,1531214288623,1084250,0.00000221,2.00000000,1
1531214295026,1531214295023,1084251,0.00000221,33297.00000000,1
1531214295389,1531214295384,1084252,0.00000221,1372.00000000,1
1531214295446,1531214295442,1084253,0.00000221,458.00000000,1
1531214295501,1531214295496,1084254,0.00000221,595.00000000,1
1531214295532,1531214295529,1084255,0.00000221,458.00000000,1
1531214295604,1531214295599,1084256,0.00000221,1829.00000000,1
1531214295656,1531214295653,1084257,0.00000221,4571.00000000,1
1531214295926,1531214295921,1084258,0.00000221,458.00000000,1
1531214295949,1531214295945,1084259,0.00000221,124875.00000000,1
1531214296009,1531214296005,1084260,0.00000221,1326.00000000,1
1531214296408,1531214296405,1084261,0.00000221,5485.00000000,1
1531214296493,1531214296461,1084262,0.00000221,458.00000000,1
1531214297458,1531214297453,1084263,0.00000221,1183.00000000,1
1531214304386,1531214304379,1084264,0.00000222,91592.00000000,0
1531214304386,1531214304379,1084265,0.00000223,20408.00000000,0
1531214305687,1531214305682,1084266,0.00000223,1650.00000000,0
1531214307549,1531214307544,1084267,0.00000221,5007.00000000,1
1531214307702,1531214307691,1084268,0.00000223,316.00000000,0
1531214307751,1531214307746,1084269,0.00000221,8944.00000000,1
1531214315587,1531214315583,1084270,0.00000222,485.00000000,0
1531214316375,1531214316371,1084271,0.00000221,6856.00000000,1
1531214316442,1531214316437,1084272,0.00000221,2286.00000000,1
1531214316888,1531214316885,1084273,0.00000221,458.00000000,1
1531214316941,1531214316936,1084274,0.00000221,686.00000000,1
1531214322581,1531214322579,1084275,0.00000221,25229.00000000,1
1531214327383,1531214327380,1084276,0.00000221,1979.00000000,1
1531214327662,1531214327658,1084277,0.00000222,2190.00000000,0
1531214328521,1531214328516,1084278,0.00000222,86.00000000,0
1531214333521,1531214333515,1084279,0.00000221,35860.00000000,1
1531214334525,1531214334519,1084280,0.00000221,1344.00000000,1
1531214335224,1531214335219,1084281,0.00000222,40692.00000000,0
1531214336556,1531214336551,1084282,0.00000221,458.00000000,1
1531214342031,1531214342025,1084283,0.00000222,9268.00000000,0
1531214343768,1531214343765,1084284,0.00000221,679.00000000,1
1531214344070,1531214344065,1084285,0.00000221,3971.00000000,1
1531214344417,1531214344413,1084286,0.00000221,905.00000000,1
1531214344497,1531214344494,1084287,0.00000221,1358.00000000,1
1531214344617,1531214344611,1084288,0.00000222,56189.00000000,0
1531214344736,1531214344732,1084289,0.00000222,2263.00000000,1
1531214344814,1531214344809,1084290,0.00000222,8944.00000000,1
1531214350498,1531214350492,1084291,0.00000223,2181.00000000,0
1531214353358,1531214353355,1084292,0.00000222,16861.00000000,1
1531214356062,1531214356059,1084293,0.00000223,9045.00000000,0
1531214356148,1531214356145,1084294,0.00000223,1836.00000000,0
1531214363737,1531214363732,1084295,0.00000223,1651.00000000,0
1531214371951,1531214371947,1084296,0.00000223,75653.00000000,0
1531214374574,1531214374571,1084297,0.00000223,4484.00000000,0
1531214384096,1531214384093,1084298,0.00000222,22805.00000000,1
1531214394588,1531214394582,1084299,0.00000222,183936.00000000,1
1531214394974,1531214394970,1084300,0.00000222,31441.00000000,0
1531214396244,1531214396238,1084301,0.00000223,451.00000000,0
1531214401712,1531214401706,1084302,0.00000223,50000.00000000,0
1531214402016,1531214402013,1084303,0.00000223,1650.00000000,0
1531214404409,1531214404402,1084304,0.00000223,2557.00000000,0
1531214404674,1531214404669,1084305,0.00000223,2243.00000000,0
1531214404741,1531214404736,1084306,0.00000223,2104.00000000,0
1531214405109,1531214405104,1084307,0.00000223,494.00000000,0
1531214406131,1531214406126,1084308,0.00000223,449.00000000,0
1531214411264,1531214411260,1084309,0.00000223,2713.00000000,0
1531214413328,1531214413325,1084310,0.00000222,1.00000000,1
1531214418313,1531214418310,1084311,0.00000222,4.00000000,1
1531214431361,1531214431356,1084312,0.00000222,5937.00000000,1
1531214435359,1531214435355,1084313,0.00000222,813.00000000,1
1531214436446,1531214436442,1084314,0.00000222,1296.00000000,1
1531214436588,1531214436584,1084315,0.00000222,850.00000000,1
1531214442504,1531214442500,1084316,0.00000222,46496.00000000,1
1531214442549,1531214442544,1084317,0.00000222,642.00000000,1
1531214443106,1531214443103,1084318,0.00000223,24894.00000000,0
1531214443121,1531214443116,1084319,0.00000223,24894.00000000,0
1531214443128,1531214443122,1084320,0.00000223,24894.00000000,0
1531214443140,1531214443136,1084321,0.00000223,2242.00000000,0
1531214443163,1531214443158,1084322,0.00000223,24894.00000000,0
1531214443171,1531214443166,1084323,0.00000223,24894.00000000,0
1531214443215,1531214443212,1084324,0.00000223,24941.00000000,0
1531214443433,1531214443429,1084325,0.00000222,50522.00000000,1
1531214443722,1531214443719,1084326,0.00000222,11962.00000000,1
1531214443722,1531214443719,1084327,0.00000221,4961.00000000,1
1531214446479,1531214446474,1084328,0.00000223,3338.00000000,0
1531214446934,1531214446930,1084329,0.00000222,1502.00000000,1
1531214446974,1531214446970,1084330,0.00000221,1650.00000000,1
1531214446985,1531214446981,1084331,0.00000222,1502.00000000,0
1531214447008,1531214447004,1084332,0.00000222,497.00000000,0
1531214447010,1531214447007,1084333,0.00000222,1502.00000000,0
1531214447136,1531214447132,1084334,0.00000222,1275.00000000,0
1531214454912,1531214454908,1084335,0.00000222,642.00000000,0
1531214455337,1531214455332,1084336,0.00000222,811.00000000,0
1531214459454,1531214459450,1084337,0.00000222,1.00000000,0
1531214461970,1531214461967,1084338,0.00000222,4500.00000000,0
1531214463477,1531214463475,1084339,0.00000221,39819.00000000,1
1531214466599,1531214466592,1084340,0.00000221,398680.00000000,1
1531214468525,1531214468518,1084341,0.00000221,6000.00000000,1
1531214468525,1531214468518,1084342,0.00000220,178525.00000000,1
1531214468658,1531214468654,1084343,0.00000222,6006.00000000,0
1531214470048,1531214470044,1084344,0.00000221,2612.00000000,0
1531214472601,1531214472598,1084345,0.00000221,7223.00000000,0
1531214473967,1531214473964,1084346,0.00000221,7260.00000000,0
1531214474433,1531214474429,1084347,0.00000221,7262.00000000,0
1531214475464,1531214475459,1084348,0.00000220,94508.00000000,1
1531214475979,1531214475974,1084349,0.00000221,1874.00000000,0
1531214479027,1531214479023,1084350,0.00000222,708.00000000,0
1531214480092,1531214480089,1084351,0.00000222,1002.00000000,0
1531214480260,1531214480257,1084352,0.00000220,23450.00000000,1
1531214481979,1531214481976,1084353,0.00000221,768.00000000,0
1531214486856,1531214486852,1084354,0.00000221,17788.00000000,0
1531214486967,1531214486965,1084355,0.00000221,2864.00000000,1
1531214488727,1531214488724,1084356,0.00000222,1444.00000000,0
1531214490758,1531214490753,1084357,0.00000222,1558.00000000,0
1531214490813,1531214490809,1084358,0.00000221,1970.00000000,1
1531214492145,1531214492142,1084359,0.00000220,6.00000000,1
1531214492145,1531214492142,1084360,0.00000220,1861.00000000,1
1531214494508,1531214494503,1084361,0.00000221,22924.00000000,1
1531214498236,1531214498232,1084362,0.00000221,636.00000000,1
1531214498726,1531214498722,1084363,0.00000221,318.00000000,1
1531214498763,1531214498758,1084364,0.00000221,458.00000000,1
1531214502415,1531214502407,1084365,0.00000220,503617.00000000,1
1531214502428,1531214502423,1084366,0.00000220,1650.00000000,0
1531214502589,1531214502586,1084367,0.00000219,2242.00000000,1
1531214502592,1531214502586,1084368,0.00000219,129893.00000000,1
1531214502593,1531214502586,1084369,0.00000219,5676.00000000,1
1531214502634,1531214502629,1084370,0.00000220,14971.00000000,0
1531214502976,1531214502972,1084371,0.00000220,47919.00000000,0
1531214503242,1531214503237,1084372,0.00000220,453.00000000,0
1531214503419,1531214503413,1084373,0.00000220,2379.00000000,0
1531214503628,1531214503625,1084374,0.00000220,2666.00000000,0
1531214503628,1531214503625,1084375,0.00000221,167.00000000,0
1531214503628,1531214503625,1084376,0.00000221,8548.00000000,0
1531214503969,1531214503965,1084377,0.00000221,2447.00000000,1
1531214504115,1531214504110,1084378,0.00000221,1650.00000000,1
1531214504373,1531214504368,1084379,0.00000221,1888.00000000,1
1531214504517,1531214504513,1084380,0.00000221,1650.00000000,1
1531214504825,1531214504821,1084381,0.00000221,1924.00000000,1
1531214504974,1531214504969,1084382,0.00000221,114104.00000000,1
1531214506790,1531214506786,1084383,0.00000221,1650.00000000,0
1531214508428,1531214508424,1084384,0.00000221,774.00000000,0
1531214509756,1531214509751,1084385,0.00000221,48272.00000000,0
1531214517837,1531214517833,1084386,0.00000220,689.00000000,1
1531214518467,1531214518463,1084387,0.00000220,460.00000000,1
1531214518980,1531214518977,1084388,0.00000220,460.00000000,1
1531214519097,1531214519093,1084389,0.00000220,689.00000000,1
1531214519191,1531214519187,1084390,0.00000220,735.00000000,1
1531214522691,1531214522686,1084391,0.00000221,8005.00000000,0
1531214525083,1531214525078,1084392,0.00000222,441.00000000,0
1531214525430,1531214525427,1084393,0.00000222,11072.00000000,0
1531214526300,1531214526296,1084394,0.00000222,451.00000000,0
1531214530670,1531214530666,1084395,0.00000221,26670.00000000,1
1531214533085,1531214533081,1084396,0.00000221,2444.00000000,1
1531214537166,1531214537161,1084397,0.00000221,212516.00000000,1
1531214537977,1531214537974,1084398,0.00000221,23525.00000000,0
1531214538981,1531214538978,1084399,0.00000221,1374.00000000,0
1531214539131,1531214539126,1084400,0.00000221,458.00000000,1
1531214539931,1531214539928,1084401,0.00000221,458.00000000,1
1531214546007,1531214546004,1084402,0.00000221,73786.00000000,1
1531214553704,1531214553700,1084403,0.00000221,16768.00000000,1
1531214566648,1531214566645,1084404,0.00000221,6991.00000000,0
1531214575762,1531214575756,1084405,0.00000221,78841.00000000,0
1531214578674,1531214578670,1084406,0.00000221,2296.00000000,1
1531214582319,1531214582316,1084407,0.00000221,16614.00000000,1
1531214583816,1531214583811,1084408,0.00000221,498.00000000,1
1531214583897,1531214583894,1084409,0.00000221,905.00000000,1
1531214583990,1531214583986,1084410,0.00000221,1810.00000000,1
1531214584258,1531214584254,1084411,0.00000221,2941.00000000,1
1531214584260,1531214584255,1084412,0.00000220,189519.00000000,1
1531214585877,1531214585874,1084413,0.00000220,2001.00000000,1
1531214594376,1531214594372,1084414,0.00000220,107177.00000000,1
1531214595124,1531214595119,1084415,0.00000220,1650.00000000,1
1531214601106,1531214601103,1084416,0.00000220,16063.00000000,1
1531214607752,1531214607748,1084417,0.00000220,1342.00000000,1
1531214618679,1531214618670,1084418,0.00000220,409252.00000000,1
1531214621805,1531214621801,1084419,0.00000220,182516.00000000,1
1531214623055,1531214623051,1084420,0.00000220,9218.00000000,1
1531214623384,1531214623380,1084421,0.00000220,26047.00000000,1
1531214623427,1531214623423,1084422,0.00000220,24312.00000000,1
1531214624054,1531214624049,1084423,0.00000220,12461.00000000,1
1531214625055,1531214625052,1084424,0.00000219,1841.00000000,1
1531214627697,1531214627694,1084425,0.00000219,4021.00000000,1
1531214627733,1531214627727,1084426,0.00000219,476.00000000,1
1531214630758,1531214630754,1084427,0.00000220,212450.00000000,0
1531214634190,1531214634185,1084428,0.00000220,26433.00000000,1
1531214634479,1531214634476,1084429,0.00000220,672.00000000,0
1531214634990,1531214634985,1084430,0.00000220,5441.00000000,0
1531214644814,1531214644811,1084431,0.00000220,25688.00000000,1
1531214646085,1531214646081,1084432,0.00000220,9209.00000000,0
1531214652742,1531214652739,1084433,0.00000220,905.00000000,0
1531214653566,1531214653561,1084434,0.00000220,36709.00000000,0
1531214663818,1531214663815,1084435,0.00000221,1000.00000000,0
1531214669865,1531214669861,1084436,0.00000221,196719.00000000,0
1531214671135,1531214671132,1084437,0.00000221,19467.00000000,0
1531214671206,1531214671202,1084438,0.00000221,3518.00000000,1
1531214673565,1531214673561,1084439,0.00000221,4244.00000000,1
1531214673633,1531214673630,1084440,0.00000221,7.00000000,1
1531214674443,1531214674438,1084441,0.00000221,7079.00000000,1
1531214675452,1531214675448,1084442,0.00000221,1362.00000000,1
1531214675844,1531214675841,1084443,0.00000221,7193.00000000,1
1531214677251,1531214677248,1084444,0.00000221,563.00000000,1
1531214679846,1531214679842,1084445,0.00000221,458.00000000,1
1531214679887,1531214679883,1084446,0.00000221,15642.00000000,1
1531214681329,1531214681325,1084447,0.00000222,4000.00000000,0
1531214681736,1531214681730,1084448,0.00000221,2508.00000000,1
1531214682284,1531214682281,1084449,0.00000220,1058.00000000,1
1531214683298,1531214683294,1084450,0.00000220,13918.00000000,1
1531214693037,1531214693034,1084451,0.00000220,505.00000000,1
1531214694933,1531214694930,1084452,0.00000220,2846.00000000,1
1531214710928,1531214710923,1084453,0.00000221,965.00000000,0
1531214712845,1531214712840,1084454,0.00000220,1223.00000000,1
1531214713328,1531214713325,1084455,0.00000220,4363.00000000,1
1531214714192,1531214714188,1084456,0.00000221,36394.00000000,0
1531214746295,1531214746291,1084457,0.00000221,7557.00000000,0
1531214746997,1531214746993,1084458,0.00000221,15066.00000000,1
1531214748844,1531214748839,1084459,0.00000221,8747.00000000,1
1531214750165,1531214750160,1084460,0.00000222,302.00000000,0
1531214752399,1531214752396,1084461,0.00000221,78627.00000000,1
1531214753169,1531214753164,1084462,0.00000221,895.00000000,0
1531214762907,1531214762903,1084463,0.00000221,7013.00000000,0
1531214763871,1531214763867,1084464,0.00000220,910.00000000,1
1531214764026,1531214764021,1084465,0.00000221,569.00000000,0
1531214769570,1531214769567,1084466,0.00000221,6601.00000000,0
1531214779529,1531214779526,1084467,0.00000221,1813.00000000,0
1531214787991,1531214787988,1084468,0.00000221,101521.00000000,0
1531214788227,1531214788223,1084469,0.00000221,14483.00000000,0
1531214792008,1531214792004,1084470,0.00000221,146510.00000000,0
1531214802869,1531214802864,1084471,0.00000222,769.00000000,0
1531214804376,1531214804371,1084472,0.00000222,17161.00000000,0
1531214805552,1531214805548,1084473,0.00000222,2.00000000,0
1531214809932,1531214809926,1084474,0.00000221,7028.00000000,1
1531214810834,1531214810830,1084475,0.00000221,7029.00000000,1
1531214812375,1531214812371,1084476,0.00000221,7113.00000000,1
1531214822466,1531214822462,1084477,0.00000221,419.00000000,1
1531214825229,1531214825224,1084478,0.00000222,4965.00000000,0
1531214826912,1531214826906,1084479,0.00000222,82183.00000000,0
1531214835228,1531214835222,1084480,0.00000221,212082.00000000,1
1531214835625,1531214835622,1084481,0.00000222,20809.00000000,0
