event_time,trade_time,trade_id,price,quantity,maker
1531210354322,1531210354317,2340966,0.00000713,235.00000000,0
1531210354329,1531210354325,2340967,0.00000713,514.00000000,1
1531210360109,1531210360105,2340968,0.00000713,1959.00000000,1
1531210360958,1531210360953,2340969,0.00000713,198.00000000,1
1531210361407,1531210361404,2340970,0.00000712,610.00000000,1
1531210382009,1531210381997,2340971,0.00000713,1598.00000000,1
1531210382012,1531210382007,2340972,0.00000713,675.00000000,0
1531210382028,1531210382024,2340973,0.00000713,803.00000000,1
1531210382045,1531210382041,2340974,0.00000713,795.00000000,1
1531210390413,1531210390408,2340975,0.00000713,153.00000000,1
1531210396090,1531210396084,2340976,0.00000714,808.00000000,0
1531210422388,1531210422383,2340977,0.00000714,152.00000000,1
1531210455212,1531210455208,2340978,0.00000713,152.00000000,1
1531210482465,1531210482459,2340979,0.00000714,580.00000000,1
1531210482474,1531210482469,2340980,0.00000714,902.00000000,0
1531210482482,1531210482477,2340981,0.00000714,580.00000000,1
1531210483264,1531210483259,2340982,0.00000715,2444.00000000,0
1531210499436,1531210499431,2340983,0.00000714,471.00000000,1
1531210499446,1531210499441,2340984,0.00000714,291.00000000,0
1531210499458,1531210499454,2340985,0.00000714,471.00000000,1
1531210648775,1531210648773,2340986,0.00000713,701.00000000,1
1531210660591,1531210660587,2340987,0.00000713,358.00000000,1
1531210692745,1531210692741,2340988,0.00000713,584.00000000,1
1531210721536,1531210721532,2340989,0.00000713,529.00000000,1
1531210721559,1531210721554,2340990,0.00000713,736.00000000,1
1531210721585,1531210721581,2340991,0.00000713,231.00000000,1
1531210753809,1531210753804,2340992,0.00000713,761.00000000,1
1531210753828,1531210753825,2340993,0.00000713,307.00000000,1
1531210762405,1531210762401,2340994,0.00000714,181.00000000,0
1531210762405,1531210762401,2340995,0.00000715,4523.00000000,0
1531210776210,1531210776205,2340996,0.00000713,827.00000000,1
1531210813710,1531210813709,2340997,0.00000713,665.00000000,1
1531210851828,1531210851822,2340998,0.00000715,181.00000000,0
1531210851828,1531210851822,2340999,0.00000717,837.00000000,0
1531210851828,1531210851822,2341000,0.00000719,5775.00000000,0
1531210852812,1531210852808,2341001,0.00000713,2270.00000000,1
1531210860634,1531210860630,2341002,0.00000713,370.00000000,1
1531210860649,1531210860645,2341003,0.00000713,141.00000000,1
1531210863186,1531210863182,2341004,0.00000713,629.00000000,1
1531210869765,1531210869761,2341005,0.00000713,4283.00000000,1
1531210871454,1531210871449,2341006,0.00000713,231.00000000,1
1531210877417,1531210877413,2341007,0.00000717,200.00000000,0
1531210922333,1531210922329,2341008,0.00000715,1737.00000000,0
1531210922345,1531210922341,2341009,0.00000714,583.00000000,1
1531210956438,1531210956434,2341010,0.00000715,980.00000000,0
1531210956448,1531210956443,2341011,0.00000714,460.00000000,1
1531210956464,1531210956459,2341012,0.00000714,539.00000000,1
1531210986176,1531210986170,2341013,0.00000714,794.00000000,1
1531210986198,1531210986194,2341014,0.00000714,141.00000000,1
1531211030063,1531211030059,2341015,0.00000715,334.00000000,1
1531211049205,1531211049200,2341016,0.00000714,152.00000000,1
1531211066796,1531211066792,2341017,0.00000716,1105.00000000,0
1531211066813,1531211066808,2341018,0.00000715,439.00000000,1
1531211086130,1531211086125,2341019,0.00000716,1633.00000000,0
1531211086142,1531211086138,2341020,0.00000715,878.00000000,1
1531211086155,1531211086151,2341021,0.00000714,379.00000000,1
1531211086155,1531211086151,2341022,0.00000713,160.00000000,1
1531211124654,1531211124650,2341023,0.00000715,270.00000000,0
1531211124662,1531211124657,2341024,0.00000714,141.00000000,1
1531211124675,1531211124670,2341025,0.00000714,242.00000000,1
1531211135310,1531211135306,2341026,0.00000713,127.00000000,1
1531211147908,1531211147905,2341027,0.00000714,178.00000000,1
1531211154675,1531211154671,2341028,0.00000713,79.00000000,1
1531211184463,1531211184458,2341029,0.00000715,768.00000000,1
1531211218586,1531211218582,2341030,0.00000715,267.00000000,1
1531211237976,1531211237971,2341031,0.00000714,66.00000000,1
1531211243612,1531211243608,2341032,0.00000715,736.00000000,1
1531211243649,1531211243645,2341033,0.00000715,603.00000000,1
1531211243667,1531211243663,2341034,0.00000715,542.00000000,1
1531211262636,1531211262631,2341035,0.00000715,704.00000000,1
1531211302562,1531211302557,2341036,0.00000715,173.00000000,1
1531211303802,1531211303799,2341037,0.00000715,1117.00000000,1
1531211303817,1531211303813,2341038,0.00000715,1555.00000000,0
1531211303826,1531211303823,2341039,0.00000715,300.00000000,1
1531211303842,1531211303837,2341040,0.00000715,817.00000000,1
1531211326953,1531211326949,2341041,0.00000715,173.00000000,0
1531211358460,1531211358456,2341042,0.00000715,817.00000000,1
1531211358460,1531211358456,2341043,0.00000714,847.00000000,1
1531211358953,1531211358949,2341044,0.00000714,465.00000000,1
1531211363123,1531211363116,2341045,0.00000714,727.00000000,1
1531211376811,1531211376808,2341046,0.00000715,140.00000000,1
1531211423541,1531211423536,2341047,0.00000715,791.00000000,1
1531211434891,1531211434888,2341048,0.00000713,20.00000000,1
1531211464135,1531211464129,2341049,0.00000716,487.00000000,0
1531211464135,1531211464129,2341050,0.00000718,2070.00000000,0
1531211464135,1531211464129,2341051,0.00000719,22035.00000000,0
1531211480826,1531211480822,2341052,0.00000715,1300.00000000,0
1531211480841,1531211480837,2341053,0.00000714,574.00000000,1
1531211480866,1531211480861,2341054,0.00000714,1084.00000000,1
1531211518766,1531211518762,2341055,0.00000714,410.00000000,1
1531211518788,1531211518783,2341056,0.00000714,807.00000000,1
1531211552961,1531211552957,2341057,0.00000715,35157.00000000,0
1531211552978,1531211552974,2341058,0.00000714,12396.00000000,1
1531211553003,1531211552999,2341059,0.00000714,29656.00000000,1
1531211581118,1531211581114,2341060,0.00000714,15768.00000000,1
1531211587705,1531211587700,2341061,0.00000717,141.00000000,0
1531211641041,1531211641037,2341062,0.00000714,13374.00000000,1
1531211641056,1531211641051,2341063,0.00000714,9696.00000000,1
1531211665762,1531211665757,2341064,0.00000715,5744.00000000,0
1531211665776,1531211665772,2341065,0.00000714,5319.00000000,1
1531211700964,1531211700960,2341066,0.00000715,4089.00000000,0
1531211700981,1531211700977,2341067,0.00000714,25509.00000000,1
1531211701000,1531211700995,2341068,0.00000714,4010.00000000,1
1531211717609,1531211717604,2341069,0.00000714,11362.00000000,1
1531211725745,1531211725741,2341070,0.00000713,8673.00000000,1
1531211759378,1531211759374,2341071,0.00000714,128.00000000,1
1531211761296,1531211761292,2341072,0.00000714,5431.00000000,1
1531211761309,1531211761305,2341073,0.00000714,41506.00000000,1
1531211768973,1531211768969,2341074,0.00000714,128.00000000,0
1531211783645,1531211783640,2341075,0.00000715,11392.00000000,1
1531211783659,1531211783653,2341076,0.00000715,44028.00000000,1
1531211783678,1531211783673,2341077,0.00000714,41506.00000000,1
1531211791118,1531211791114,2341078,0.00000713,2669.00000000,1
1531211791548,1531211791548,2341079,0.00000713,3804.00000000,1
1531211798824,1531211798819,2341080,0.00000713,2367.00000000,1
1531211798834,1531211798829,2341081,0.00000713,45269.00000000,0
1531211798849,1531211798845,2341082,0.00000714,128.00000000,0
1531211818685,1531211818680,2341083,0.00000716,35364.00000000,0
1531211818702,1531211818697,2341084,0.00000714,31022.00000000,1
1531211859805,1531211859800,2341085,0.00000714,21627.00000000,1
1531211884458,1531211884453,2341086,0.00000715,16885.00000000,0
1531211884467,1531211884462,2341087,0.00000713,43239.00000000,1
1531211884481,1531211884476,2341088,0.00000713,14846.00000000,1
1531211909479,1531211909475,2341089,0.00000715,32276.00000000,0
1531211909494,1531211909490,2341090,0.00000713,6863.00000000,1
1531211909514,1531211909510,2341091,0.00000713,35831.00000000,1
1531211949195,1531211949190,2341092,0.00000715,40341.00000000,0
1531211949217,1531211949213,2341093,0.00000713,34629.00000000,1
1531212030996,1531212030991,2341094,0.00000714,14930.00000000,0
1531212031010,1531212031006,2341095,0.00000713,9217.00000000,1
1531212055807,1531212055802,2341096,0.00000712,3639.00000000,1
1531212058284,1531212058282,2341097,0.00000710,4050.00000000,1
1531212060184,1531212060180,2341098,0.00000710,24.00000000,1
1531212063336,1531212063331,2341099,0.00000710,20.00000000,1
1531212063764,1531212063759,2341100,0.00000710,3493.00000000,1
1531212063805,1531212063800,2341101,0.00000712,6680.00000000,0
1531212063815,1531212063810,2341102,0.00000710,15993.00000000,1
1531212063835,1531212063831,2341103,0.00000710,977.00000000,1
1531212064759,1531212064754,2341104,0.00000710,3537.00000000,0
1531212066538,1531212066534,2341105,0.00000710,1153.00000000,1
1531212078068,1531212078062,2341106,0.00000709,800.00000000,1
1531212098976,1531212098971,2341107,0.00000709,960.00000000,1
1531212180353,1531212180349,2341108,0.00000711,672.00000000,1
1531212200461,1531212200457,2341109,0.00000712,938.00000000,0
1531212200475,1531212200470,2341110,0.00000711,883.00000000,1
1531212200491,1531212200486,2341111,0.00000711,770.00000000,1
1531212238602,1531212238597,2341112,0.00000711,752.00000000,1
1531212238624,1531212238621,2341113,0.00000711,141.00000000,1
1531212249806,1531212249801,2341114,0.00000710,557.00000000,1
1531212263009,1531212263005,2341115,0.00000711,723.00000000,1
1531212289136,1531212289132,2341116,0.00000713,1396.00000000,0
1531212296078,1531212296074,2341117,0.00000708,24.00000000,1
1531212302926,1531212302920,2341118,0.00000708,715.00000000,1
1531212302951,1531212302946,2341119,0.00000708,335.00000000,1
1531212306614,1531212306607,2341120,0.00000707,3008.00000000,1
1531212306614,1531212306607,2341121,0.00000706,2591.00000000,1
1531212306614,1531212306607,2341122,0.00000705,3476.00000000,1
1531212306614,1531212306607,2341123,0.00000704,3854.00000000,1
1531212307165,1531212307160,2341124,0.00000708,784.00000000,0
1531212307407,1531212307402,2341125,0.00000708,829.00000000,0
1531212314418,1531212314412,2341126,0.00000707,430.00000000,0
1531212317446,1531212317441,2341127,0.00000706,279.00000000,0
1531212333788,1531212333783,2341128,0.00000705,24.00000000,1
1531212336882,1531212336878,2341129,0.00000705,406.00000000,1
1531212336891,1531212336887,2341130,0.00000705,788.00000000,0
1531212336905,1531212336900,2341131,0.00000705,406.00000000,1
1531212348377,1531212348372,2341132,0.00000703,24.00000000,1
1531212349810,1531212349806,2341133,0.00000705,1155.00000000,0
1531212351889,1531212351885,2341134,0.00000703,20.00000000,1
1531212364721,1531212364716,2341135,0.00000704,1327.00000000,0
1531212419794,1531212419790,2341136,0.00000704,1.00000000,0
1531212419794,1531212419790,2341137,0.00000705,1.00000000,0
1531212423799,1531212423796,2341138,0.00000704,1958.00000000,1
1531212428292,1531212428288,2341139,0.00000705,710.00000000,0
1531212447808,1531212447803,2341140,0.00000704,614.00000000,1
1531212474820,1531212474817,2341141,0.00000704,304.00000000,1
1531212484825,1531212484822,2341142,0.00000704,1390.00000000,1
1531212516836,1531212516802,2341143,0.00000704,532.00000000,1
1531212531005,1531212531002,2341144,0.00000704,381.00000000,1
1531212543820,1531212543815,2341145,0.00000704,570.00000000,1
1531212576818,1531212576815,2341146,0.00000704,388.00000000,1
1531212592108,1531212592103,2341147,0.00000705,2912.00000000,0
1531212615859,1531212615854,2341148,0.00000704,422.00000000,0
1531212620820,1531212620815,2341149,0.00000703,3507.00000000,1
1531212624752,1531212624747,2341150,0.00000700,24.00000000,1
1531212627895,1531212627891,2341151,0.00000702,579.00000000,0
1531212642936,1531212642931,2341152,0.00000701,462.00000000,1
1531212642949,1531212642945,2341153,0.00000701,680.00000000,1
1531212654456,1531212654451,2341154,0.00000701,900.00000000,1
1531212654485,1531212654480,2341155,0.00000701,143.00000000,1
1531212673419,1531212673415,2341156,0.00000700,39.00000000,1
1531212688419,1531212688414,2341157,0.00000700,17521.00000000,1
1531212688419,1531212688414,2341158,0.00000699,7857.00000000,1
1531212688778,1531212688773,2341159,0.00000699,3099.00000000,0
1531212689779,1531212689775,2341160,0.00000699,930.00000000,0
1531212689876,1531212689871,2341161,0.00000699,399.00000000,0
1531212689965,1531212689961,2341162,0.00000698,24.00000000,1
1531212691335,1531212691334,2341163,0.00000698,561.00000000,1
1531212692790,1531212692785,2341164,0.00000700,1101.00000000,0
1531212693789,1531212693785,2341165,0.00000700,330.00000000,0
1531212693979,1531212693973,2341166,0.00000700,53.00000000,0
1531212694031,1531212694026,2341167,0.00000700,33.00000000,0
1531212694080,1531212694075,2341168,0.00000700,50.00000000,0
1531212694180,1531212694176,2341169,0.00000700,6.00000000,0
1531212694180,1531212694176,2341170,0.00000701,38.00000000,0
1531212694221,1531212694217,2341171,0.00000701,98.00000000,0
1531212694430,1531212694425,2341172,0.00000701,158.00000000,0
1531212694534,1531212694528,2341173,0.00000701,76.00000000,0
1531212694598,1531212694595,2341174,0.00000701,50.00000000,0
1531212694669,1531212694668,2341175,0.00000701,102.00000000,0
1531212694756,1531212694752,2341176,0.00000701,50.00000000,0
1531212694864,1531212694860,2341177,0.00000701,46.00000000,0
1531212694919,1531212694915,2341178,0.00000701,94.00000000,0
1531212694976,1531212694972,2341179,0.00000701,37.00000000,0
1531212695032,1531212695027,2341180,0.00000701,107.00000000,0
1531212695032,1531212695027,2341181,0.00000705,136.00000000,0
1531212695114,1531212695110,2341182,0.00000705,188.00000000,0
1531212698552,1531212698546,2341183,0.00000705,261.00000000,0
1531212698552,1531212698546,2341184,0.00000706,92.00000000,0
1531212698585,1531212698581,2341185,0.00000706,124.00000000,0
1531212698663,1531212698659,2341186,0.00000706,99.00000000,0
1531212698733,1531212698728,2341187,0.00000706,97.00000000,0
1531212698828,1531212698824,2341188,0.00000706,169.00000000,0
1531212698867,1531212698865,2341189,0.00000706,63.00000000,0
1531212699045,1531212699040,2341190,0.00000706,108.00000000,0
1531212699193,1531212699189,2341191,0.00000706,65.00000000,0
1531212699245,1531212699241,2341192,0.00000706,6.00000000,0
1531212699245,1531212699241,2341193,0.00000707,24.00000000,0
1531212699285,1531212699280,2341194,0.00000707,95.00000000,0
1531212699301,1531212699296,2341195,0.00000707,131.00000000,0
1531212699378,1531212699371,2341196,0.00000707,282.00000000,0
1531212700898,1531212700892,2341197,0.00000703,2269.00000000,1
1531212700898,1531212700892,2341198,0.00000702,193.00000000,1
1531212700898,1531212700892,2341199,0.00000701,1032.00000000,1
1531212700898,1531212700892,2341200,0.00000699,1911.00000000,1
1531212700898,1531212700892,2341201,0.00000698,715.00000000,1
1531212703054,1531212703050,2341202,0.00000701,2038.00000000,0
1531212704076,1531212704071,2341203,0.00000701,874.00000000,0
1531212704076,1531212704071,2341204,0.00000702,283.00000000,0
1531212705075,1531212705070,2341205,0.00000702,347.00000000,0
1531212705605,1531212705603,2341206,0.00000702,93.00000000,0
1531212705827,1531212705823,2341207,0.00000701,77.00000000,0
1531212705853,1531212705848,2341208,0.00000701,116.00000000,0
1531212705853,1531212705848,2341209,0.00000702,56.00000000,0
1531212705853,1531212705848,2341210,0.00000704,186.00000000,0
1531212705930,1531212705925,2341211,0.00000704,118.00000000,0
1531212705981,1531212705977,2341212,0.00000704,94.00000000,0
1531212706038,1531212706034,2341213,0.00000704,48.00000000,0
1531212706077,1531212706073,2341214,0.00000704,80.00000000,0
1531212706174,1531212706170,2341215,0.00000704,84.00000000,0
1531212706220,1531212706215,2341216,0.00000704,49.00000000,0
1531212706416,1531212706411,2341217,0.00000704,89.00000000,0
1531212706648,1531212706643,2341218,0.00000704,47.00000000,0
1531212711411,1531212711407,2341219,0.00000704,98.00000000,0
1531212711453,1531212711449,2341220,0.00000704,50.00000000,0
1531212711574,1531212711571,2341221,0.00000704,239.00000000,0
1531212711670,1531212711666,2341222,0.00000704,142.00000000,0
1531212719399,1531212719394,2341223,0.00000702,1085.00000000,0
1531212719416,1531212719411,2341224,0.00000701,648.00000000,1
1531212719431,1531212719426,2341225,0.00000701,560.00000000,1
1531212750638,1531212750633,2341226,0.00000704,19.00000000,0
1531212752085,1531212752082,2341227,0.00000707,160.00000000,0
1531212764864,1531212764861,2341228,0.00000704,546.00000000,1
1531212764889,1531212764884,2341229,0.00000704,625.00000000,1
1531212782421,1531212782417,2341230,0.00000703,491.00000000,1
1531212782439,1531212782435,2341231,0.00000703,143.00000000,1
1531212790305,1531212790300,2341232,0.00000707,2309.00000000,0
1531212822469,1531212822465,2341233,0.00000706,922.00000000,0
1531212822477,1531212822473,2341234,0.00000705,795.00000000,1
1531212840884,1531212840879,2341235,0.00000705,721.00000000,1
1531212840904,1531212840899,2341236,0.00000705,142.00000000,1
1531212865332,1531212865327,2341237,0.00000705,833.00000000,1
1531212897866,1531212897863,2341238,0.00000706,1243.00000000,0
1531212897879,1531212897874,2341239,0.00000705,426.00000000,1
1531212941229,1531212941224,2341240,0.00000707,783.00000000,0
1531212941241,1531212941236,2341241,0.00000706,502.00000000,1
1531212977639,1531212977634,2341242,0.00000706,893.00000000,1
1531212977654,1531212977650,2341243,0.00000706,145.00000000,1
1531213000882,1531213000877,2341244,0.00000707,599.00000000,0
1531213000896,1531213000890,2341245,0.00000706,303.00000000,1
1531213043364,1531213043359,2341246,0.00000707,748.00000000,0
1531213043379,1531213043374,2341247,0.00000706,486.00000000,1
1531213062570,1531213062564,2341248,0.00000706,181.00000000,1
1531213062588,1531213062583,2341249,0.00000706,323.00000000,1
1531213086143,1531213086138,2341250,0.00000706,653.00000000,1
1531213086163,1531213086158,2341251,0.00000706,477.00000000,1
1531213120641,1531213120636,2341252,0.00000705,163.00000000,1
1531213120654,1531213120650,2341253,0.00000705,711.00000000,1
1531213129565,1531213129562,2341254,0.00000706,567.00000000,0
1531213129577,1531213129573,2341255,0.00000705,175.00000000,1
1531213129590,1531213129586,2341256,0.00000705,215.00000000,1
1531213182932,1531213182928,2341257,0.00000706,703.00000000,0
1531213182941,1531213182937,2341258,0.00000705,142.00000000,1
1531213182959,1531213182955,2341259,0.00000705,409.00000000,1
1531213214748,1531213214744,2341260,0.00000705,291.00000000,1
1531213223613,1531213223609,2341261,0.00000704,607.00000000,1
1531213223918,1531213223914,2341262,0.00000704,254.00000000,0
1531213241777,1531213241773,2341263,0.00000706,265.00000000,0
1531213241795,1531213241789,2341264,0.00000705,142.00000000,1
1531213241824,1531213241820,2341265,0.00000705,234.00000000,1
1531213261873,1531213261869,2341266,0.00000705,259.00000000,1
1531213261890,1531213261886,2341267,0.00000705,491.00000000,1
1531213284435,1531213284429,2341268,0.00000704,405.00000000,1
1531213316041,1531213316036,2341269,0.00000704,668.00000000,1
1531213345160,1531213345155,2341270,0.00000704,171.00000000,1
1531213375339,1531213375333,2341271,0.00000706,2378.00000000,0
1531213375351,1531213375347,2341272,0.00000705,695.00000000,1
1531213375368,1531213375363,2341273,0.00000705,888.00000000,1
1531213405296,1531213405290,2341274,0.00000705,142.00000000,1
1531213414029,1531213414023,2341275,0.00000706,1783.00000000,0
1531213414090,1531213414086,2341276,0.00000705,142.00000000,1
1531213414101,1531213414096,2341277,0.00000705,892.00000000,1
1531213439375,1531213439370,2341278,0.00000705,894.00000000,0
1531213439384,1531213439379,2341279,0.00000704,845.00000000,1
1531213472535,1531213472529,2341280,0.00000704,991.00000000,0
1531213472549,1531213472545,2341281,0.00000703,580.00000000,1
1531213472565,1531213472559,2341282,0.00000703,373.00000000,1
1531213498259,1531213498254,2341283,0.00000704,558.00000000,0
1531213498270,1531213498266,2341284,0.00000703,143.00000000,1
1531213498285,1531213498281,2341285,0.00000703,354.00000000,1
1531213521946,1531213521941,2341286,0.00000703,842.00000000,1
1531213539461,1531213539457,2341287,0.00000705,48.00000000,0
1531213539544,1531213539538,2341288,0.00000705,92.00000000,0
1531213539682,1531213539678,2341289,0.00000705,365.00000000,0
1531213539732,1531213539726,2341290,0.00000705,94.00000000,0
1531213539823,1531213539818,2341291,0.00000705,223.00000000,0
1531213539862,1531213539857,2341292,0.00000705,106.00000000,0
1531213544040,1531213544035,2341293,0.00000704,572.00000000,1
1531213544052,1531213544046,2341294,0.00000704,142.00000000,0
1531213544064,1531213544059,2341295,0.00000704,286.00000000,1
1531213544081,1531213544077,2341296,0.00000704,286.00000000,1
1531213549153,1531213549147,2341297,0.00000705,1.00000000,0
1531213583830,1531213583825,2341298,0.00000704,286.00000000,0
1531213583897,1531213583891,2341299,0.00000704,6743.00000000,0
1531213583963,1531213583957,2341300,0.00000704,245.00000000,0
1531213584008,1531213584004,2341301,0.00000704,47.00000000,0
1531213584053,1531213584048,2341302,0.00000704,44.00000000,0
1531213584053,1531213584048,2341303,0.00000705,48.00000000,0
1531213584190,1531213584186,2341304,0.00000705,88.00000000,0
1531213584270,1531213584266,2341305,0.00000705,59.00000000,0
1531213584308,1531213584303,2341306,0.00000705,78.00000000,0
1531213584429,1531213584424,2341307,0.00000705,170.00000000,0
1531213584521,1531213584517,2341308,0.00000705,99.00000000,0
1531213584537,1531213584532,2341309,0.00000705,44.00000000,0
1531213584595,1531213584589,2341310,0.00000705,99.00000000,0
1531213584666,1531213584662,2341311,0.00000705,146.00000000,0
1531213603552,1531213603547,2341312,0.00000704,143.00000000,1
1531213603566,1531213603561,2341313,0.00000704,296.00000000,1
1531213612462,1531213612458,2341314,0.00000704,143.00000000,1
1531213612477,1531213612472,2341315,0.00000704,68.00000000,0
1531213612484,1531213612480,2341316,0.00000704,143.00000000,1
1531213625380,1531213625377,2341317,0.00000704,637.00000000,1
1531213625395,1531213625390,2341318,0.00000704,890.00000000,0
1531213625412,1531213625408,2341319,0.00000704,637.00000000,1
1531213646268,1531213646263,2341320,0.00000704,639.00000000,1
1531213685259,1531213685255,2341321,0.00000704,307.00000000,1
1531213698270,1531213698265,2341322,0.00000704,238.00000000,1
1531213698297,1531213698292,2341323,0.00000704,519.00000000,1
1531213698316,1531213698311,2341324,0.00000704,143.00000000,1
1531213717038,1531213717034,2341325,0.00000704,91.00000000,0
1531213717314,1531213717309,2341326,0.00000704,95.00000000,0
1531213717378,1531213717373,2341327,0.00000704,79.00000000,0
1531213717467,1531213717462,2341328,0.00000704,40.00000000,0
1531213717496,1531213717491,2341329,0.00000704,148.00000000,0
1531213717558,1531213717552,2341330,0.00000704,84.00000000,0
1531213717605,1531213717600,2341331,0.00000704,42.00000000,0
1531213717794,1531213717788,2341332,0.00000704,84.00000000,0
1531213717838,1531213717834,2341333,0.00000704,99.00000000,0
1531213717911,1531213717906,2341334,0.00000704,170.00000000,0
1531213718035,1531213718031,2341335,0.00000704,41.00000000,0
1531213718110,1531213718107,2341336,0.00000704,42.00000000,0
1531213718129,1531213718123,2341337,0.00000704,30.00000000,0
1531213718211,1531213718206,2341338,0.00000704,226.00000000,0
1531213718314,1531213718309,2341339,0.00000704,33.00000000,0
1531213718479,1531213718475,2341340,0.00000704,61.00000000,0
1531213718919,1531213718916,2341341,0.00000704,89.00000000,0
1531213926641,1531213926638,2341342,0.00000703,608.00000000,1
1531213929861,1531213929856,2341343,0.00000703,20.00000000,1
1531213961472,1531213961466,2341344,0.00000704,143.00000000,1
1531213961485,1531213961481,2341345,0.00000704,839.00000000,1
1531213966628,1531213966624,2341346,0.00000705,730.00000000,0
1531213966639,1531213966635,2341347,0.00000704,362.00000000,1
1531213977646,1531213977641,2341348,0.00000703,80.00000000,1
1531213991162,1531213991158,2341349,0.00000703,969.00000000,1
1531214006091,1531214006085,2341350,0.00000704,441.00000000,1
1531214017160,1531214017156,2341351,0.00000705,924.00000000,0
1531214017173,1531214017169,2341352,0.00000704,406.00000000,1
1531214040367,1531214040363,2341353,0.00000704,872.00000000,1
1531214064638,1531214064635,2341354,0.00000705,1356.00000000,0
1531214064652,1531214064647,2341355,0.00000704,763.00000000,1
1531214064676,1531214064672,2341356,0.00000704,617.00000000,1
1531214098795,1531214098791,2341357,0.00000705,580.00000000,0
1531214098805,1531214098800,2341358,0.00000704,267.00000000,1
1531214141147,1531214141142,2341359,0.00000704,642.00000000,1
1531214186184,1531214186180,2341360,0.00000704,894.00000000,1
1531214186285,1531214186281,2341361,0.00000704,418.00000000,1
1531214206499,1531214206495,2341362,0.00000705,2065.00000000,0
1531214206514,1531214206510,2341363,0.00000704,697.00000000,1
1531214206531,1531214206526,2341364,0.00000704,854.00000000,1
1531214321927,1531214321923,2341365,0.00000703,20.00000000,1
1531214381164,1531214381160,2341366,0.00000705,873.00000000,0
1531214381181,1531214381175,2341367,0.00000704,591.00000000,1
1531214407136,1531214407131,2341368,0.00000703,6167.00000000,1
1531214407136,1531214407131,2341369,0.00000702,171.00000000,1
1531214407136,1531214407131,2341370,0.00000700,1642.00000000,1
1531214407136,1531214407131,2341371,0.00000699,3638.00000000,1
1531214411084,1531214411081,2341372,0.00000699,24.00000000,1
1531214411322,1531214411317,2341373,0.00000701,83.00000000,0
1531214411403,1531214411399,2341374,0.00000701,88.00000000,0
1531214411475,1531214411470,2341375,0.00000701,81.00000000,0
1531214411554,1531214411550,2341376,0.00000701,97.00000000,0
1531214411594,1531214411590,2341377,0.00000701,73.00000000,0
1531214411671,1531214411667,2341378,0.00000701,48.00000000,0
1531214411824,1531214411820,2341379,0.00000701,153.00000000,0
1531214411831,1531214411826,2341380,0.00000701,2217.00000000,0
1531214411860,1531214411857,2341381,0.00000701,158.00000000,0
1531214411904,1531214411901,2341382,0.00000701,184.00000000,0
1531214411955,1531214411949,2341383,0.00000701,85.00000000,0
1531214412043,1531214412036,2341384,0.00000701,173.00000000,0
1531214412064,1531214412059,2341385,0.00000701,198.00000000,0
1531214412189,1531214412186,2341386,0.00000702,132.00000000,0
1531214412241,1531214412237,2341387,0.00000702,82.00000000,0
1531214412344,1531214412339,2341388,0.00000705,96.00000000,0
1531214412462,1531214412458,2341389,0.00000705,165.00000000,0
1531214412514,1531214412509,2341390,0.00000705,96.00000000,0
1531214412557,1531214412552,2341391,0.00000705,99.00000000,0
1531214412572,1531214412568,2341392,0.00000705,114.00000000,0
1531214412640,1531214412636,2341393,0.00000705,29.00000000,0
1531214412715,1531214412712,2341394,0.00000705,108.00000000,0
1531214412771,1531214412768,2341395,0.00000705,80.00000000,0
1531214412901,1531214412898,2341396,0.00000705,46.00000000,0
1531214424782,1531214424777,2341397,0.00000703,1022.00000000,0
1531214424798,1531214424794,2341398,0.00000701,373.00000000,1
1531214476782,1531214476779,2341399,0.00000703,397.00000000,0
1531214476792,1531214476788,2341400,0.00000701,190.00000000,1
1531214481256,1531214481251,2341401,0.00000699,21.00000000,1
1531214483284,1531214483279,2341402,0.00000702,85.00000000,0
1531214483353,1531214483349,2341403,0.00000702,102.00000000,0
1531214483406,1531214483403,2341404,0.00000702,102.00000000,0
1531214483505,1531214483501,2341405,0.00000702,143.00000000,0
1531214483578,1531214483573,2341406,0.00000702,147.00000000,0
1531214483596,1531214483592,2341407,0.00000702,155.00000000,0
1531214499191,1531214499187,2341408,0.00000702,4.00000000,0
1531214503279,1531214503275,2341409,0.00000700,284.00000000,1
1531214503300,1531214503296,2341410,0.00000700,143.00000000,1
1531214510597,1531214510591,2341411,0.00000700,1497.00000000,0
1531214510956,1531214510952,2341412,0.00000699,7864.00000000,1
1531214511276,1531214511272,2341413,0.00000699,642.00000000,0
1531214511593,1531214511588,2341414,0.00000699,1255.00000000,0
1531214511593,1531214511588,2341415,0.00000700,72.00000000,0
1531214512581,1531214512576,2341416,0.00000700,399.00000000,0
1531214524896,1531214524891,2341417,0.00000697,24.00000000,1
1531214526899,1531214526896,2341418,0.00000697,31.00000000,1
1531214538123,1531214538119,2341419,0.00000698,808.00000000,1
1531214622109,1531214622104,2341420,0.00000699,505.00000000,1
1531214662318,1531214662315,2341421,0.00000699,102.00000000,1
1531214663262,1531214663258,2341422,0.00000699,451.00000000,0
1531214681344,1531214681340,2341423,0.00000698,4224.00000000,1
1531214681370,1531214681367,2341424,0.00000698,2621.00000000,1
1531214681386,1531214681380,2341425,0.00000698,1853.00000000,1
1531214693133,1531214693128,2341426,0.00000699,7.00000000,0
1531214695243,1531214695239,2341427,0.00000698,775.00000000,1
1531214714796,1531214714791,2341428,0.00000698,20.00000000,1
1531214751796,1531214751792,2341429,0.00000698,621.00000000,1
1531214752112,1531214752107,2341430,0.00000697,504.00000000,1
1531214761492,1531214761488,2341431,0.00000699,16.00000000,0
1531214788627,1531214788622,2341432,0.00000699,616.00000000,1
1531214789589,1531214789586,2341433,0.00000699,958.00000000,0
1531214790174,1531214790170,2341434,0.00000699,3929.00000000,0
1531214791227,1531214791222,2341435,0.00000699,508.00000000,0
1531214792070,1531214792064,2341436,0.00000699,47.00000000,0
1531214792070,1531214792064,2341437,0.00000700,105.00000000,0
1531214793255,1531214793250,2341438,0.00000697,1760.00000000,1
1531214803281,1531214803277,2341439,0.00000698,144.00000000,1
1531214803578,1531214803575,2341440,0.00000696,127.00000000,1
1531214819116,1531214819112,2341441,0.00000697,5614.00000000,1
1531214819116,1531214819112,2341442,0.00000696,1984.00000000,1
1531214837212,1531214837206,2341443,0.00000699,1191.00000000,0
1531214837231,1531214837227,2341444,0.00000698,946.00000000,1
1531214838255,1531214838250,2341445,0.00000700,10344.00000000,0
1531214839260,1531214839254,2341446,0.00000700,3103.00000000,0
1531214840264,1531214840255,2341447,0.00000700,931.00000000,0
1531214841264,1531214841260,2341448,0.00000700,280.00000000,0
1531214864733,1531214864730,2341449,0.00000698,1451.00000000,1
1531214897479,1531214897475,2341450,0.00000698,583.00000000,1
1531214921254,1531214921250,2341451,0.00000699,857.00000000,0
1531214921263,1531214921259,2341452,0.00000698,660.00000000,1
1531214937509,1531214937505,2341453,0.00000698,1968.00000000,1
1531214937524,1531214937520,2341454,0.00000698,2216.00000000,1
1531214983609,1531214983604,2341455,0.00000699,655.00000000,0
1531214983623,1531214983619,2341456,0.00000698,475.00000000,1
1531215014302,1531215014298,2341457,0.00000698,2082.00000000,1
1531215014313,1531215014308,2341458,0.00000698,1578.00000000,1
1531215015354,1531215015350,2341459,0.00000700,2139.00000000,0
1531215016327,1531215016322,2341460,0.00000700,641.00000000,0
1531215017304,1531215017300,2341461,0.00000700,193.00000000,0
1531215060071,1531215060067,2341462,0.00000699,2147.00000000,0
1531215060089,1531215060085,2341463,0.00000698,839.00000000,1
1531215060092,1531215060087,2341464,0.00000700,83.00000000,0
1531215061100,1531215061095,2341465,0.00000700,2392.00000000,1
1531215064246,1531215064242,2341466,0.00000701,102.00000000,0
1531215064318,1531215064314,2341467,0.00000701,50.00000000,0
1531215064381,1531215064376,2341468,0.00000701,110.00000000,0
1531215064417,1531215064413,2341469,0.00000701,93.00000000,0
1531215064493,1531215064490,2341470,0.00000701,89.00000000,0
1531215064539,1531215064535,2341471,0.00000701,94.00000000,0
1531215064595,1531215064591,2341472,0.00000701,33.00000000,0
1531215064729,1531215064725,2341473,0.00000701,36.00000000,0
1531215064729,1531215064725,2341474,0.00000702,154.00000000,0
1531215064818,1531215064814,2341475,0.00000702,75.00000000,0
1531215064969,1531215064964,2341476,0.00000702,148.00000000,0
1531215065012,1531215065007,2341477,0.00000702,39.00000000,0
1531215065096,1531215065092,2341478,0.00000702,95.00000000,0
1531215065266,1531215065260,2341479,0.00000702,30.00000000,0
1531215065341,1531215065337,2341480,0.00000702,73.00000000,0
1531215070032,1531215070029,2341481,0.00000702,175.00000000,0
1531215070083,1531215070080,2341482,0.00000702,102.00000000,0
1531215070158,1531215070154,2341483,0.00000702,95.00000000,0
1531215070208,1531215070205,2341484,0.00000702,86.00000000,0
1531215070276,1531215070271,2341485,0.00000702,94.00000000,0
1531215070413,1531215070410,2341486,0.00000702,74.00000000,0
1531215070460,1531215070456,2341487,0.00000702,102.00000000,0
1531215070541,1531215070537,2341488,0.00000702,188.00000000,0
1531215070592,1531215070587,2341489,0.00000702,45.00000000,0
1531215070782,1531215070778,2341490,0.00000702,53.00000000,0
1531215070863,1531215070859,2341491,0.00000702,50.00000000,0
1531215070886,1531215070881,2341492,0.00000702,117.00000000,0
1531215070936,1531215070932,2341493,0.00000702,104.00000000,0
1531215071003,1531215071000,2341494,0.00000702,92.00000000,0
1531215071089,1531215071083,2341495,0.00000702,44.00000000,0
1531215071159,1531215071154,2341496,0.00000702,95.00000000,0
1531215274387,1531215274382,2341497,0.00000701,1170.00000000,1
1531215274409,1531215274404,2341498,0.00000701,4813.00000000,1
1531215274420,1531215274416,2341499,0.00000701,1148.00000000,1
1531215300482,1531215300478,2341500,0.00000700,9299.00000000,1
1531215331970,1531215331965,2341501,0.00000699,17345.00000000,1
1531215341111,1531215341106,2341502,0.00000699,16103.00000000,1
1531215341128,1531215341124,2341503,0.00000699,7979.00000000,0
1531215341135,1531215341131,2341504,0.00000699,5540.00000000,1
1531215341148,1531215341143,2341505,0.00000699,10563.00000000,1
1531215383441,1531215383437,2341506,0.00000699,4170.00000000,1
1531215383455,1531215383451,2341507,0.00000699,6922.00000000,0
1531215383467,1531215383462,2341508,0.00000699,4170.00000000,1
1531215389820,1531215389816,2341509,0.00000698,20.00000000,1
1531215401376,1531215401372,2341510,0.00000699,10551.00000000,1
1531215401400,1531215401397,2341511,0.00000699,2986.00000000,1
1531215433715,1531215433711,2341512,0.00000700,1035.00000000,0
1531215434098,1531215434094,2341513,0.00000701,1301.00000000,0
1531215434098,1531215434094,2341514,0.00000702,20.00000000,0
1531215434098,1531215434094,2341515,0.00000705,1924.00000000,0
1531215434584,1531215434579,2341516,0.00000705,356.00000000,0
1531215434584,1531215434579,2341517,0.00000706,570.00000000,0
1531215447469,1531215447463,2341518,0.00000704,84.00000000,1
1531215448204,1531215448201,2341519,0.00000704,173.00000000,1
1531215448414,1531215448410,2341520,0.00000704,92.00000000,1
1531215448928,1531215448925,2341521,0.00000704,102.00000000,1
1531215449570,1531215449566,2341522,0.00000704,94.00000000,1
1531215450449,1531215450444,2341523,0.00000704,94.00000000,1
1531215450871,1531215450867,2341524,0.00000704,42.00000000,1
1531215451329,1531215451325,2341525,0.00000704,158.00000000,1
1531215451829,1531215451825,2341526,0.00000704,93.00000000,1
1531215452420,1531215452416,2341527,0.00000704,50.00000000,1
1531215453343,1531215453338,2341528,0.00000704,78.00000000,1
1531215453921,1531215453917,2341529,0.00000704,102.00000000,1
1531215453925,1531215453921,2341530,0.00000704,80.00000000,1
1531215454424,1531215454419,2341531,0.00000704,81.00000000,1
1531215454941,1531215454936,2341532,0.00000704,12.00000000,1
1531215454941,1531215454936,2341533,0.00000703,41.00000000,1
1531215455478,1531215455473,2341534,0.00000703,190.00000000,1
1531215455904,1531215455900,2341535,0.00000703,89.00000000,1
1531215456393,1531215456390,2341536,0.00000704,89.00000000,1
1531215456927,1531215456922,2341537,0.00000704,76.00000000,1
1531215457458,1531215457455,2341538,0.00000704,132.00000000,1
1531215458096,1531215458093,2341539,0.00000704,98.00000000,1
1531215458742,1531215458738,2341540,0.00000704,84.00000000,1
1531215459639,1531215459636,2341541,0.00000704,175.00000000,1
1531215460917,1531215460911,2341542,0.00000704,85.00000000,1
1531215461612,1531215461607,2341543,0.00000704,44.00000000,1
1531215462462,1531215462458,2341544,0.00000704,17435.00000000,1
1531215462472,1531215462467,2341545,0.00000704,1340.00000000,1
1531215462761,1531215462756,2341546,0.00000703,165.00000000,1
1531215463618,1531215463613,2341547,0.00000703,61.00000000,1
1531215464012,1531215464009,2341548,0.00000701,142.00000000,1
1531215466492,1531215466487,2341549,0.00000701,106.00000000,1
1531215467762,1531215467757,2341550,0.00000701,42.00000000,1
1531215468434,1531215468430,2341551,0.00000701,46.00000000,1
1531215469083,1531215469080,2341552,0.00000701,99.00000000,1
1531215469860,1531215469857,2341553,0.00000701,73.00000000,1
1531215470723,1531215470718,2341554,0.00000701,188.00000000,1
1531215471319,1531215471315,2341555,0.00000701,92.00000000,1
1531215471833,1531215471828,2341556,0.00000701,118.00000000,1
1531215472568,1531215472563,2341557,0.00000703,70.00000000,0
1531215472571,1531215472566,2341558,0.00000701,95.00000000,1
1531215472676,1531215472671,2341559,0.00000703,96.00000000,0
1531215472713,1531215472708,2341560,0.00000703,48.00000000,0
1531215472713,1531215472708,2341561,0.00000704,65.00000000,0
1531215472913,1531215472910,2341562,0.00000704,385.00000000,0
1531215473117,1531215473113,2341563,0.00000704,44.00000000,0
1531215473288,1531215473285,2341564,0.00000701,108.00000000,1
1531215474216,1531215474211,2341565,0.00000701,73.00000000,1
1531215474915,1531215474910,2341566,0.00000701,48.00000000,1
1531215475639,1531215475634,2341567,0.00000701,286.00000000,1
1531215482998,1531215482993,2341568,0.00000702,6181.00000000,1
1531215483013,1531215483009,2341569,0.00000704,289.00000000,0
1531215486742,1531215486737,2341570,0.00000702,83.00000000,1
1531215487332,1531215487328,2341571,0.00000702,143.00000000,1
1531215488022,1531215488017,2341572,0.00000702,102.00000000,1
1531215488752,1531215488748,2341573,0.00000702,104.00000000,1
1531215489381,1531215489378,2341574,0.00000702,96.00000000,1
1531215490329,1531215490323,2341575,0.00000702,68.00000000,1
1531215490329,1531215490323,2341576,0.00000700,40.00000000,1
1531215490869,1531215490866,2341577,0.00000700,48.00000000,1
1531215491681,1531215491676,2341578,0.00000700,30.00000000,1
1531215492545,1531215492542,2341579,0.00000700,365.00000000,1
1531215493481,1531215493478,2341580,0.00000700,88.00000000,1
1531215494098,1531215494094,2341581,0.00000700,53.00000000,1
1531215494906,1531215494902,2341582,0.00000700,41.00000000,1
1531215495702,1531215495699,2341583,0.00000700,89.00000000,1
1531215496462,1531215496457,2341584,0.00000700,97.00000000,1
1531215497151,1531215497148,2341585,0.00000700,33.00000000,1
1531215497729,1531215497725,2341586,0.00000700,33.00000000,1
1531215498692,1531215498688,2341587,0.00000700,47.00000000,1
1531215499564,1531215499558,2341588,0.00000700,71.00000000,1
1531215499564,1531215499558,2341589,0.00000699,314.00000000,1
1531215500289,1531215500285,2341590,0.00000699,63.00000000,1
1531215501914,1531215501910,2341591,0.00000699,146.00000000,1
1531215501995,1531215501991,2341592,0.00000699,47.00000000,1
1531215502623,1531215502620,2341593,0.00000699,226.00000000,1
1531215503330,1531215503326,2341594,0.00000699,99.00000000,1
1531215503745,1531215503741,2341595,0.00000699,39.00000000,1
1531215504351,1531215504347,2341596,0.00000701,205.00000000,0
1531215504466,1531215504462,2341597,0.00000699,131.00000000,1
1531215504473,1531215504470,2341598,0.00000701,36.00000000,0
1531215504861,1531215504857,2341599,0.00000700,47.00000000,0
1531215505232,1531215505229,2341600,0.00000699,49.00000000,1
1531215506003,1531215505999,2341601,0.00000699,170.00000000,1
1531215506769,1531215506764,2341602,0.00000699,110.00000000,1
1531215507386,1531215507383,2341603,0.00000698,70.00000000,1
1531215508084,1531215508080,2341604,0.00000698,96.00000000,1
1531215508523,1531215508519,2341605,0.00000698,33.00000000,1
1531215508953,1531215508950,2341606,0.00000698,80.00000000,1
1531215509387,1531215509383,2341607,0.00000698,45.00000000,1
1531215509750,1531215509747,2341608,0.00000698,148.00000000,1
1531215510437,1531215510434,2341609,0.00000698,155.00000000,1
1531215511254,1531215511250,2341610,0.00000698,95.00000000,1
1531215511898,1531215511893,2341611,0.00000696,102.00000000,1
1531215512620,1531215512617,2341612,0.00000696,147.00000000,1
1531215513097,1531215513092,2341613,0.00000696,124.00000000,1
1531215514492,1531215514489,2341614,0.00000696,95.00000000,1
1531215560228,1531215560224,2341615,0.00000697,6641.00000000,1
1531215602838,1531215602835,2341616,0.00000698,22686.00000000,0
1531215602847,1531215602843,2341617,0.00000697,15755.00000000,1
1531215610766,1531215610762,2341618,0.00000697,7969.00000000,1
1531215610776,1531215610773,2341619,0.00000697,15535.00000000,1
1531215614693,1531215614689,2341620,0.00000700,251.00000000,0
1531215614693,1531215614689,2341621,0.00000701,173.00000000,0
1531215622033,1531215622028,2341622,0.00000697,2187.00000000,1
1531215622387,1531215622383,2341623,0.00000697,1122.00000000,0
1531215630018,1531215630015,2341624,0.00000697,3133.00000000,0
1531215631314,1531215631310,2341625,0.00000697,1.00000000,0
1531215637279,1531215637275,2341626,0.00000700,8740.00000000,1
1531215643069,1531215643065,2341627,0.00000699,3390.00000000,1
1531215643084,1531215643079,2341628,0.00000699,8533.00000000,1
1531215658539,1531215658535,2341629,0.00000701,34.00000000,0
1531215658539,1531215658535,2341630,0.00000705,1140.00000000,0
1531215658539,1531215658535,2341631,0.00000706,455.00000000,0
1531215684019,1531215684015,2341632,0.00000702,84.00000000,1
1531215684107,1531215684103,2341633,0.00000702,1171.00000000,1
1531215684862,1531215684857,2341634,0.00000698,79.00000000,1
1531215685908,1531215685904,2341635,0.00000698,358.00000000,1
1531215686805,1531215686800,2341636,0.00000699,37.00000000,1
1531215687331,1531215687327,2341637,0.00000699,94.00000000,1
1531215687905,1531215687902,2341638,0.00000699,114.00000000,1
1531215688507,1531215688502,2341639,0.00000699,44.00000000,1
1531215689366,1531215689361,2341640,0.00000699,17.00000000,1
1531215689366,1531215689361,2341641,0.00000698,58.00000000,1
1531215691725,1531215691720,2341642,0.00000697,113.00000000,1
1531215695538,1531215695533,2341643,0.00000697,93.00000000,1
1531215699045,1531215699040,2341644,0.00000698,243.00000000,1
1531215699106,1531215699103,2341645,0.00000698,1255.00000000,1
1531215701881,1531215701877,2341646,0.00000698,102.00000000,1
1531215703242,1531215703239,2341647,0.00000698,92.00000000,1
1531215704726,1531215704722,2341648,0.00000698,8391.00000000,1
1531215704755,1531215704751,2341649,0.00000698,13128.00000000,1
1531215704786,1531215704782,2341650,0.00000698,3245.00000000,1
1531215705096,1531215705091,2341651,0.00000696,170.00000000,1
1531215707419,1531215707416,2341652,0.00000696,50.00000000,1
1531215709553,1531215709549,2341653,0.00000696,36.00000000,1
1531215711624,1531215711619,2341654,0.00000696,205.00000000,1
1531215713657,1531215713654,2341655,0.00000696,148.00000000,1
1531215714225,1531215714222,2341656,0.00000696,8527.00000000,1
1531215714246,1531215714243,2341657,0.00000696,199.00000000,0
1531215714295,1531215714290,2341658,0.00000696,199.00000000,0
1531215714804,1531215714801,2341659,0.00000696,1429.00000000,0
1531215715106,1531215715101,2341660,0.00000696,964.00000000,0
1531215716096,1531215716093,2341661,0.00000695,363.00000000,1
1531215716185,1531215716180,2341662,0.00000695,40.00000000,1
1531215716488,1531215716484,2341663,0.00000696,1110.00000000,0
1531215716637,1531215716633,2341664,0.00000695,854.00000000,1
1531215716793,1531215716790,2341665,0.00000696,3329.00000000,0
1531215717110,1531215717106,2341666,0.00000696,9910.00000000,0
1531215717124,1531215717119,2341667,0.00000698,1692.00000000,0
1531215717976,1531215717971,2341668,0.00000698,239.00000000,1
1531215719749,1531215719744,2341669,0.00000698,94.00000000,1
1531215721164,1531215721160,2341670,0.00000698,99.00000000,1
1531215723415,1531215723412,2341671,0.00000698,59.00000000,1
1531215725822,1531215725819,2341672,0.00000698,30.00000000,1
1531215729052,1531215729048,2341673,0.00000698,102.00000000,1
1531215731461,1531215731456,2341674,0.00000698,117.00000000,1
1531215734270,1531215734265,2341675,0.00000698,29.00000000,1
1531215736311,1531215736308,2341676,0.00000698,86.00000000,1
1531215739180,1531215739176,2341677,0.00000698,48.00000000,1
1531215740808,1531215740804,2341678,0.00000698,99.00000000,1
1531215742275,1531215742271,2341679,0.00000698,2243.00000000,1
1531215742702,1531215742698,2341680,0.00000695,158.00000000,1
1531215745590,1531215745586,2341681,0.00000696,46.00000000,1
1531215746230,1531215746225,2341682,0.00000698,2694.00000000,0
1531215747297,1531215747294,2341683,0.00000696,102.00000000,1
1531215747832,1531215747828,2341684,0.00000697,16675.00000000,0
1531215747844,1531215747839,2341685,0.00000696,14823.00000000,1
1531215747858,1531215747855,2341686,0.00000696,5683.00000000,1
1531215749394,1531215749391,2341687,0.00000695,86.00000000,1
1531215752453,1531215752449,2341688,0.00000695,94.00000000,1
1531215755128,1531215755123,2341689,0.00000695,99.00000000,1
1531215756112,1531215756108,2341690,0.00000695,50.00000000,1
1531215758561,1531215758557,2341691,0.00000695,47.00000000,1
1531215760278,1531215760274,2341692,0.00000695,188.00000000,1
1531215762012,1531215762009,2341693,0.00000695,96.00000000,1
1531215770516,1531215770513,2341694,0.00000695,31.00000000,1
1531215782945,1531215782942,2341695,0.00000695,216.00000000,1
1531215786184,1531215786178,2341696,0.00000696,148.00000000,0
1531215809796,1531215809792,2341697,0.00000696,871.00000000,1
1531215819688,1531215819683,2341698,0.00000698,470.00000000,0
1531215819700,1531215819696,2341699,0.00000697,347.00000000,1
1531215819725,1531215819719,2341700,0.00000696,4812.00000000,1
1531215820161,1531215820158,2341701,0.00000696,1019.00000000,0
1531215821545,1531215821541,2341702,0.00000696,24.00000000,1
1531215823681,1531215823676,2341703,0.00000699,175.00000000,0
1531215823971,1531215823967,2341704,0.00000699,98.00000000,0
1531215824323,1531215824319,2341705,0.00000699,84.00000000,0
1531215824739,1531215824736,2341706,0.00000699,102.00000000,0
1531215825050,1531215825046,2341707,0.00000699,42.00000000,0
1531215825763,1531215825759,2341708,0.00000699,102.00000000,0
1531215827913,1531215827909,2341709,0.00000699,44.00000000,0
1531215828266,1531215828260,2341710,0.00000699,85.00000000,0
1531215828683,1531215828679,2341711,0.00000699,84.00000000,0
1531215829124,1531215829121,2341712,0.00000699,132.00000000,0
1531215829418,1531215829414,2341713,0.00000699,76.00000000,0
1531215829784,1531215829781,2341714,0.00000699,89.00000000,0
1531215830375,1531215830371,2341715,0.00000699,81.00000000,0
1531215830897,1531215830893,2341716,0.00000699,78.00000000,0
1531215831407,1531215831404,2341717,0.00000699,80.00000000,0
1531215831841,1531215831837,2341718,0.00000699,50.00000000,0
1531215832252,1531215832248,2341719,0.00000699,93.00000000,0
1531215832784,1531215832780,2341720,0.00000699,158.00000000,0
1531215833797,1531215833791,2341721,0.00000699,94.00000000,0
1531215834652,1531215834649,2341722,0.00000699,94.00000000,0
1531215834923,1531215834920,2341723,0.00000699,92.00000000,0
1531215835494,1531215835490,2341724,0.00000699,173.00000000,0
1531215835636,1531215835632,2341725,0.00000699,111.00000000,0
1531215836121,1531215836117,2341726,0.00000699,92.00000000,0
1531215836482,1531215836478,2341727,0.00000699,97.00000000,0
1531215841342,1531215841338,2341728,0.00000698,1812.00000000,0
1531215841358,1531215841354,2341729,0.00000697,894.00000000,1
1531215841370,1531215841366,2341730,0.00000697,762.00000000,1
1531215864882,1531215864879,2341731,0.00000697,820.00000000,1
1531215877792,1531215877789,2341732,0.00000699,118.00000000,0
1531215881153,1531215881149,2341733,0.00000698,3602.00000000,0
1531215881167,1531215881164,2341734,0.00000697,1581.00000000,1
1531215881213,1531215881208,2341735,0.00000699,1824.00000000,0
1531215881213,1531215881208,2341736,0.00000700,241.00000000,0
1531215881213,1531215881208,2341737,0.00000702,456.00000000,0
1531215896194,1531215896191,2341738,0.00000699,856.00000000,1
1531215896219,1531215896215,2341739,0.00000699,535.00000000,1
1531215900304,1531215900299,2341740,0.00000703,108.00000000,0
1531215916809,1531215916802,2341741,0.00000703,6.00000000,0
1531215922214,1531215922211,2341742,0.00000700,879.00000000,1
1531215922214,1531215922211,2341743,0.00000697,2215.00000000,1
1531215922214,1531215922211,2341744,0.00000696,995.00000000,1
1531215922214,1531215922211,2341745,0.00000695,255.00000000,1
1531215922314,1531215922309,2341746,0.00000695,1710.00000000,1
1531215922314,1531215922309,2341747,0.00000694,290.00000000,1
1531215923117,1531215923112,2341748,0.00000701,144.00000000,0
1531215923117,1531215923112,2341749,0.00000703,1312.00000000,0
1531215923315,1531215923311,2341750,0.00000703,364.00000000,0
1531215926918,1531215926914,2341751,0.00000698,232.00000000,1
1531215927632,1531215927629,2341752,0.00000697,232.00000000,1
1531215928225,1531215928221,2341753,0.00000697,340.00000000,1
1531215928225,1531215928221,2341754,0.00000694,492.00000000,1
1531215933847,1531215933842,2341755,0.00000698,1989.00000000,0
1531215935708,1531215935704,2341756,0.00000698,165.00000000,0
1531215935759,1531215935754,2341757,0.00000698,89.00000000,0
1531215935926,1531215935921,2341758,0.00000698,190.00000000,0
1531215935973,1531215935968,2341759,0.00000698,53.00000000,0
1531215936049,1531215936044,2341760,0.00000698,193.00000000,0
1531215936049,1531215936044,2341761,0.00000699,50.00000000,0
1531215937638,1531215937633,2341762,0.00000697,639.00000000,0
1531215937649,1531215937646,2341763,0.00000695,320.00000000,1
1531215938542,1531215938537,2341764,0.00000694,24.00000000,1
1531215941067,1531215941064,2341765,0.00000695,21.00000000,1
1531215943849,1531215943844,2341766,0.00000699,443.00000000,0
1531215961782,1531215961778,2341767,0.00000696,507.00000000,1
1531215972165,1531215972160,2341768,0.00000695,146.00000000,1
1531215980199,1531215980195,2341769,0.00000699,2.00000000,0
1531215980199,1531215980195,2341770,0.00000701,75.00000000,0
1531215982759,1531215982754,2341771,0.00000696,397.00000000,1
1531215993899,1531215993896,2341772,0.00000696,227.00000000,1
1531215994606,1531215994603,2341773,0.00000697,186.00000000,0
1531215996283,1531215996280,2341774,0.00000696,519.00000000,1
1531215996297,1531215996294,2341775,0.00000696,1448.00000000,0
1531215996310,1531215996306,2341776,0.00000696,519.00000000,1
1531215997319,1531215997315,2341777,0.00000696,215.00000000,0
1531216007014,1531216007009,2341778,0.00000696,12.00000000,0
1531216018905,1531216018900,2341779,0.00000696,890.00000000,1
1531216052364,1531216052358,2341780,0.00000700,154.00000000,0
1531216058384,1531216058380,2341781,0.00000698,774.00000000,0
1531216058396,1531216058391,2341782,0.00000696,144.00000000,1
1531216058411,1531216058408,2341783,0.00000696,657.00000000,1
1531216105369,1531216105365,2341784,0.00000697,358.00000000,0
1531216105382,1531216105378,2341785,0.00000696,304.00000000,1
1531216105397,1531216105394,2341786,0.00000696,173.00000000,1
1531216117412,1531216117408,2341787,0.00000696,1975.00000000,1
1531216142964,1531216142961,2341788,0.00000696,973.00000000,1
1531216142982,1531216142977,2341789,0.00000696,509.00000000,1
1531216160350,1531216160346,2341790,0.00000696,1074.00000000,1
1531216182967,1531216182963,2341791,0.00000697,2289.00000000,0
1531216182979,1531216182976,2341792,0.00000695,1273.00000000,1
1531216203628,1531216203623,2341793,0.00000697,1091.00000000,0
1531216203636,1531216203632,2341794,0.00000696,1593.00000000,1
1531216203651,1531216203646,2341795,0.00000696,650.00000000,1
1531216244482,1531216244477,2341796,0.00000697,1348.00000000,1
1531216259847,1531216259843,2341797,0.00000697,1416.00000000,1
1531216259862,1531216259856,2341798,0.00000697,2462.00000000,0
1531216259875,1531216259869,2341799,0.00000697,1416.00000000,1
1531216284176,1531216284172,2341800,0.00000697,1186.00000000,1
1531216291178,1531216291175,2341801,0.00000697,913.00000000,1
1531216315198,1531216315195,2341802,0.00000697,1201.00000000,1
1531216325173,1531216325169,2341803,0.00000696,484.00000000,1
1531216328785,1531216328780,2341804,0.00000695,39.00000000,1
1531216342202,1531216342199,2341805,0.00000696,855.00000000,1
1531216380400,1531216380396,2341806,0.00000696,3212.00000000,1
1531216394806,1531216394803,2341807,0.00000696,1557.00000000,1
1531216404228,1531216404224,2341808,0.00000697,17664.00000000,0
1531216404245,1531216404241,2341809,0.00000696,18109.00000000,1
1531216404271,1531216404266,2341810,0.00000696,5968.00000000,1
1531216408852,1531216408846,2341811,0.00000698,533.00000000,0
1531216422251,1531216422247,2341812,0.00000697,2072.00000000,0
1531216422267,1531216422263,2341813,0.00000696,17337.00000000,1
1531216422289,1531216422286,2341814,0.00000696,1619.00000000,1
1531216438324,1531216438321,2341815,0.00000696,3470.00000000,1
1531216454616,1531216454613,2341816,0.00000697,26576.00000000,0
1531216454625,1531216454620,2341817,0.00000696,15634.00000000,1
1531216499574,1531216499568,2341818,0.00000696,1996.00000000,1
1531216499597,1531216499593,2341819,0.00000696,1578.00000000,1
1531216507334,1531216507330,2341820,0.00000696,2164.00000000,1
1531216541510,1531216541505,2341821,0.00000696,359.00000000,0
1531216550752,1531216550747,2341822,0.00000697,8740.00000000,0
1531216551370,1531216551363,2341823,0.00000698,2280.00000000,0
1531216560379,1531216560376,2341824,0.00000698,580.00000000,0
1531216570000,1531216569995,2341825,0.00000698,684.00000000,0
1531216594160,1531216594156,2341826,0.00000697,441.00000000,0
1531216594172,1531216594168,2341827,0.00000696,192.00000000,1
1531216620645,1531216620640,2341828,0.00000698,1805.00000000,0
1531216646671,1531216646667,2341829,0.00000696,1957.00000000,1
1531216646691,1531216646688,2341830,0.00000696,2089.00000000,1
1531216681309,1531216681306,2341831,0.00000696,1712.00000000,1
1531216681331,1531216681326,2341832,0.00000696,1201.00000000,1
1531216696863,1531216696860,2341833,0.00000696,868.00000000,1
1531216724782,1531216724777,2341834,0.00000697,2023.00000000,0
1531216724794,1531216724790,2341835,0.00000696,728.00000000,1
1531216751217,1531216751212,2341836,0.00000697,445.00000000,1
1531216757321,1531216757318,2341837,0.00000696,456.00000000,1
1531216757321,1531216757318,2341838,0.00000695,766.00000000,1
1531216784488,1531216784485,2341839,0.00000696,1113.00000000,1
1531216818188,1531216818183,2341840,0.00000696,152.00000000,0
1531216843136,1531216843131,2341841,0.00000696,362.00000000,1
1531216843152,1531216843147,2341842,0.00000696,461.00000000,0
1531216843161,1531216843158,2341843,0.00000696,362.00000000,1
1531216844133,1531216844129,2341844,0.00000697,570.00000000,0
1531216846131,1531216846126,2341845,0.00000699,930.00000000,0
1531216847145,1531216847141,2341846,0.00000699,280.00000000,0
1531216850167,1531216850164,2341847,0.00000699,192.00000000,0
1531216878457,1531216878453,2341848,0.00000696,950.00000000,0
1531216878474,1531216878468,2341849,0.00000698,731.00000000,0
1531216884212,1531216884207,2341850,0.00000699,155.00000000,0
1531216896432,1531216896425,2341851,0.00000696,8877.00000000,1
1531216896432,1531216896425,2341852,0.00000695,3288.00000000,1
1531216896432,1531216896425,2341853,0.00000694,1725.00000000,1
1531216896432,1531216896425,2341854,0.00000692,1710.00000000,1
1531216896432,1531216896425,2341855,0.00000691,3701.00000000,1
1531216898080,1531216898076,2341856,0.00000691,24.00000000,1
1531216899208,1531216899205,2341857,0.00000695,6.00000000,1
1531216899253,1531216899247,2341858,0.00000695,1134.00000000,1
1531216904405,1531216904402,2341859,0.00000695,817.00000000,0
1531216904496,1531216904492,2341860,0.00000695,1151.00000000,0
1531216904965,1531216904959,2341861,0.00000692,165.00000000,1
1531216905723,1531216905719,2341862,0.00000694,3556.00000000,0
1531216905723,1531216905719,2341863,0.00000695,315.00000000,0
1531216937425,1531216937421,2341864,0.00000696,1137.00000000,0
1531216945613,1531216945609,2341865,0.00000697,1187.00000000,0
1531216962690,1531216962686,2341866,0.00000693,875.00000000,1
1531216980339,1531216980335,2341867,0.00000695,875.00000000,0
1531216981107,1531216981103,2341868,0.00000695,1158.00000000,0
1531216984418,1531216984413,2341869,0.00000694,316.00000000,0
1531216992802,1531216992796,2341870,0.00000694,173.00000000,0
1531216992802,1531216992796,2341871,0.00000695,386.00000000,0
1531216992802,1531216992796,2341872,0.00000696,1140.00000000,0
1531216992802,1531216992796,2341873,0.00000697,5793.00000000,0
1531216992802,1531216992796,2341874,0.00000699,5508.00000000,0
1531216993665,1531216993659,2341875,0.00000692,1400.00000000,1
1531216999183,1531216999179,2341876,0.00000695,665.00000000,0
1531217001243,1531217001238,2341877,0.00000694,645.00000000,0
1531217001915,1531217001911,2341878,0.00000694,755.00000000,0
1531217007189,1531217007184,2341879,0.00000695,1307.00000000,0
1531217018350,1531217018346,2341880,0.00000696,2687.00000000,1
1531217020556,1531217020553,2341881,0.00000695,665.00000000,1
1531217038370,1531217038367,2341882,0.00000695,1307.00000000,0
1531217042320,1531217042317,2341883,0.00000694,5288.00000000,0
1531217042593,1531217042588,2341884,0.00000694,5287.00000000,0
1531217044266,1531217044262,2341885,0.00000693,912.00000000,1
1531217049250,1531217049247,2341886,0.00000693,1140.00000000,1
1531217050564,1531217050559,2341887,0.00000694,2347.00000000,0
1531217051254,1531217051250,2341888,0.00000694,4410.00000000,1
1531217070454,1531217070449,2341889,0.00000695,155.00000000,0
1531217080726,1531217080722,2341890,0.00000693,4366.00000000,1
1531217080737,1531217080733,2341891,0.00000693,145.00000000,1
1531217086686,1531217086680,2341892,0.00000693,115.00000000,0
1531217093294,1531217093290,2341893,0.00000692,2109.00000000,0
1531217093301,1531217093297,2341894,0.00000691,1034.00000000,1
1531217100952,1531217100946,2341895,0.00000691,569.00000000,1
1531217105318,1531217105315,2341896,0.00000693,155.00000000,0
1531217116934,1531217116929,2341897,0.00000693,417.00000000,0
1531217117260,1531217117255,2341898,0.00000693,174.00000000,1
1531217123222,1531217123219,2341899,0.00000692,2234.00000000,1
1531217126779,1531217126774,2341900,0.00000692,2705.00000000,1
1531217126804,1531217126799,2341901,0.00000692,704.00000000,1
1531217133127,1531217133123,2341902,0.00000692,526.00000000,0
1531217137572,1531217137568,2341903,0.00000692,390.00000000,0
1531217160389,1531217160386,2341904,0.00000691,225.00000000,1
1531217160407,1531217160403,2341905,0.00000692,204.00000000,0
1531217161360,1531217161356,2341906,0.00000692,1620.00000000,1
1531217178280,1531217178276,2341907,0.00000692,7354.00000000,1
1531217209110,1531217209106,2341908,0.00000692,484.00000000,0
1531217209115,1531217209110,2341909,0.00000692,1947.00000000,0
1531217209950,1531217209945,2341910,0.00000692,719.00000000,0
1531217210122,1531217210118,2341911,0.00000692,4906.00000000,0
1531217211137,1531217211133,2341912,0.00000692,1570.00000000,0
1531217211770,1531217211766,2341913,0.00000691,2566.00000000,1
1531217211770,1531217211766,2341914,0.00000690,3498.00000000,1
1531217211770,1531217211766,2341915,0.00000690,1795.00000000,1
1531217212121,1531217212118,2341916,0.00000692,471.00000000,0
1531217213100,1531217213097,2341917,0.00000692,147.00000000,0
1531217228956,1531217228951,2341918,0.00000692,477.00000000,0
1531217244885,1531217244881,2341919,0.00000691,4064.00000000,1
1531217244896,1531217244893,2341920,0.00000691,4143.00000000,0
1531217244906,1531217244900,2341921,0.00000691,4064.00000000,1
1531217244914,1531217244910,2341922,0.00000692,7.00000000,0
1531217244914,1531217244910,2341923,0.00000694,1393.00000000,0
1531217252984,1531217252979,2341924,0.00000694,2.00000000,0
1531217253591,1531217253587,2341925,0.00000694,99.00000000,0
1531217253629,1531217253624,2341926,0.00000694,83.00000000,0
1531217253777,1531217253774,2341927,0.00000694,39.00000000,0
1531217253968,1531217253964,2341928,0.00000694,96.00000000,0
1531217253978,1531217253974,2341929,0.00000694,131.00000000,0
1531217254161,1531217254157,2341930,0.00000694,44.00000000,0
1531217254276,1531217254271,2341931,0.00000694,114.00000000,0
1531217254312,1531217254307,2341932,0.00000694,94.00000000,0
1531217254367,1531217254364,2341933,0.00000694,37.00000000,0
1531217254410,1531217254404,2341934,0.00000694,84.00000000,0
1531217254587,1531217254582,2341935,0.00000694,110.00000000,0
1531217254773,1531217254769,2341936,0.00000694,170.00000000,0
1531217254921,1531217254917,2341937,0.00000694,226.00000000,0
1531217255005,1531217255001,2341938,0.00000694,49.00000000,0
1531217255052,1531217255048,2341939,0.00000694,47.00000000,0
1531217255304,1531217255301,2341940,0.00000694,63.00000000,0
1531217255409,1531217255405,2341941,0.00000694,146.00000000,0
1531217255471,1531217255467,2341942,0.00000694,385.00000000,0
1531217255563,1531217255560,2341943,0.00000694,47.00000000,0
1531217255616,1531217255611,2341944,0.00000694,33.00000000,0
1531217255900,1531217255896,2341945,0.00000694,33.00000000,0
1531217255967,1531217255962,2341946,0.00000694,97.00000000,0
1531217256040,1531217256036,2341947,0.00000694,89.00000000,0
1531217256070,1531217256064,2341948,0.00000694,41.00000000,0
1531217256131,1531217256126,2341949,0.00000694,53.00000000,0
1531217256410,1531217256407,2341950,0.00000694,88.00000000,0
1531217256489,1531217256484,2341951,0.00000694,365.00000000,0
1531217256534,1531217256529,2341952,0.00000694,30.00000000,0
1531217256587,1531217256582,2341953,0.00000694,48.00000000,0
1531217256667,1531217256662,2341954,0.00000694,108.00000000,0
1531217256724,1531217256720,2341955,0.00000694,104.00000000,0
1531217256807,1531217256803,2341956,0.00000694,102.00000000,0
1531217256899,1531217256894,2341957,0.00000694,143.00000000,0
1531217257234,1531217257230,2341958,0.00000694,48.00000000,0
1531217257302,1531217257297,2341959,0.00000694,73.00000000,0
1531217257371,1531217257367,2341960,0.00000694,108.00000000,0
1531217257405,1531217257401,2341961,0.00000694,95.00000000,0
1531217257590,1531217257585,2341962,0.00000694,118.00000000,0
1531217257647,1531217257642,2341963,0.00000694,92.00000000,0
1531217257830,1531217257825,2341964,0.00000694,188.00000000,0
1531217257906,1531217257901,2341965,0.00000694,73.00000000,0
1531217257947,1531217257943,2341966,0.00000694,286.00000000,0
1531217258120,1531217258116,2341967,0.00000694,46.00000000,0
1531217258133,1531217258128,2341968,0.00000694,99.00000000,0
1531217258172,1531217258168,2341969,0.00000694,42.00000000,0
1531217258252,1531217258249,2341970,0.00000694,106.00000000,0
1531217258353,1531217258349,2341971,0.00000694,142.00000000,0
1531217284512,1531217284508,2341972,0.00000694,52.00000000,0
1531217284891,1531217284888,2341973,0.00000691,5905.00000000,1
1531217284913,1531217284909,2341974,0.00000691,1941.00000000,1
1531217306590,1531217306585,2341975,0.00000692,5506.00000000,0
1531217306601,1531217306595,2341976,0.00000691,3672.00000000,1
1531217315732,1531217315727,2341977,0.00000694,834.00000000,0
1531217342863,1531217342860,2341978,0.00000693,1758.00000000,0
1531217342876,1531217342873,2341979,0.00000692,346.00000000,1
1531217342896,1531217342891,2341980,0.00000692,1659.00000000,1
1531217364305,1531217364301,2341981,0.00000691,1539.00000000,0
1531217364320,1531217364315,2341982,0.00000693,531.00000000,0
1531217380626,1531217380623,2341983,0.00000692,535.00000000,0
1531217380639,1531217380633,2341984,0.00000691,748.00000000,1
1531217380654,1531217380649,2341985,0.00000691,184.00000000,1
1531217422601,1531217422596,2341986,0.00000691,336.00000000,1
1531217422625,1531217422620,2341987,0.00000691,688.00000000,1
1531217434167,1531217434162,2341988,0.00000693,158.00000000,0
1531217444047,1531217444043,2341989,0.00000692,248.00000000,0
1531217444060,1531217444056,2341990,0.00000692,2142.00000000,0
1531217481461,1531217481456,2341991,0.00000691,2010.00000000,1
1531217523276,1531217523273,2341992,0.00000691,158.00000000,0
1531217523291,1531217523286,2341993,0.00000692,922.00000000,0
1531217523309,1531217523305,2341994,0.00000692,145.00000000,0
1531217543803,1531217543799,2341995,0.00000692,145.00000000,0
1531217567384,1531217567376,2341996,0.00000690,7789.00000000,1
1531217567384,1531217567376,2341997,0.00000689,1140.00000000,1
1531217567384,1531217567376,2341998,0.00000687,2358.00000000,1
1531217567384,1531217567376,2341999,0.00000686,2796.00000000,1
1531217567384,1531217567376,2342000,0.00000685,24224.00000000,1
1531217567384,1531217567376,2342001,0.00000684,153.00000000,1
1531217567399,1531217567395,2342002,0.00000685,1674.00000000,0
1531217567400,1531217567396,2342003,0.00000685,1674.00000000,0
1531217567401,1531217567396,2342004,0.00000685,1674.00000000,0
1531217567413,1531217567408,2342005,0.00000685,801.00000000,0
1531217567415,1531217567411,2342006,0.00000684,3348.00000000,1
1531217567421,1531217567417,2342007,0.00000685,22611.00000000,0
1531217567433,1531217567427,2342008,0.00000685,173.00000000,0
1531217567444,1531217567441,2342009,0.00000685,699.00000000,0
1531217567455,1531217567450,2342010,0.00000685,10769.00000000,0
1531217567888,1531217567883,2342011,0.00000687,14556.00000000,0
1531217568116,1531217568113,2342012,0.00000687,4423.00000000,0
1531217568146,1531217568143,2342013,0.00000687,202.00000000,0
1531217568162,1531217568158,2342014,0.00000687,10777.00000000,0
1531217568237,1531217568234,2342015,0.00000687,9720.00000000,0
1531217568885,1531217568880,2342016,0.00000687,15.00000000,0
1531217569298,1531217569293,2342017,0.00000687,1347.00000000,0
1531217570086,1531217570081,2342018,0.00000686,1587.00000000,0
1531217570086,1531217570081,2342019,0.00000687,2125.00000000,0
1531217570545,1531217570542,2342020,0.00000685,179.00000000,1
1531217570580,1531217570576,2342021,0.00000685,973.00000000,0
1531217570625,1531217570621,2342022,0.00000686,5303.00000000,0
1531217572119,1531217572116,2342023,0.00000685,615.00000000,0
1531217573129,1531217573123,2342024,0.00000685,264.00000000,0
1531217573129,1531217573123,2342025,0.00000686,4634.00000000,0
1531217573138,1531217573132,2342026,0.00000686,264.00000000,0
1531217573138,1531217573132,2342027,0.00000687,3017.00000000,0
1531217574236,1531217574232,2342028,0.00000684,24.00000000,1
1531217578248,1531217578242,2342029,0.00000686,1456.00000000,0
1531217579078,1531217579073,2342030,0.00000686,1170.00000000,0
1531217579078,1531217579073,2342031,0.00000687,668.00000000,0
1531217581492,1531217581488,2342032,0.00000687,19723.00000000,0
1531217586934,1531217586929,2342033,0.00000686,765.00000000,0
1531217586947,1531217586943,2342034,0.00000685,383.00000000,1
1531217596045,1531217596041,2342035,0.00000684,123.00000000,1
1531217596045,1531217596041,2342036,0.00000683,1152.00000000,1
1531217596045,1531217596041,2342037,0.00000683,718.00000000,1
1531217596046,1531217596041,2342038,0.00000682,1000.00000000,1
1531217596159,1531217596155,2342039,0.00000683,375.00000000,0
1531217596316,1531217596311,2342040,0.00000683,161.00000000,0
1531217596963,1531217596959,2342041,0.00000683,1287.00000000,1
1531217597172,1531217597167,2342042,0.00000686,637.00000000,0
1531217598168,1531217598163,2342043,0.00000686,1092.00000000,0
1531217599163,1531217599158,2342044,0.00000686,327.00000000,0
1531217618095,1531217618091,2342045,0.00000685,1404.00000000,0
1531217619060,1531217619055,2342046,0.00000685,422.00000000,0
1531217619164,1531217619160,2342047,0.00000682,24.00000000,1
1531217621184,1531217621180,2342048,0.00000683,623.00000000,0
1531217621301,1531217621296,2342049,0.00000683,86.00000000,0
1531217624074,1531217624071,2342050,0.00000685,181.00000000,0
1531217624318,1531217624314,2342051,0.00000685,690.00000000,1
1531217629054,1531217629050,2342052,0.00000687,4616.00000000,0
1531217629498,1531217629493,2342053,0.00000683,149.00000000,1
1531217629564,1531217629560,2342054,0.00000683,1392.00000000,1
1531217629797,1531217629793,2342055,0.00000683,889.00000000,1
1531217630186,1531217630183,2342056,0.00000683,132.00000000,1
1531217630186,1531217630183,2342057,0.00000682,17.00000000,1
1531217631272,1531217631267,2342058,0.00000684,1915.00000000,0
1531217631309,1531217631302,2342059,0.00000684,647.00000000,0
1531217631309,1531217631302,2342060,0.00000685,2737.00000000,0
1531217631309,1531217631302,2342061,0.00000687,325.00000000,0
1531217632237,1531217632234,2342062,0.00000687,291.00000000,0
1531217637377,1531217637373,2342063,0.00000687,70.00000000,0
1531217637519,1531217637515,2342064,0.00000687,248.00000000,0
1531217637575,1531217637570,2342065,0.00000687,96.00000000,0
1531217637672,1531217637668,2342066,0.00000687,47.00000000,0
1531217637721,1531217637717,2342067,0.00000687,50.00000000,0
1531217637856,1531217637851,2342068,0.00000687,99.00000000,0
1531217637904,1531217637900,2342069,0.00000687,94.00000000,0
1531217638097,1531217638093,2342070,0.00000687,86.00000000,0
1531217638132,1531217638128,2342071,0.00000687,188.00000000,0
1531217638148,1531217638143,2342072,0.00000687,102.00000000,0
1531217638352,1531217638347,2342073,0.00000687,46.00000000,0
1531217638369,1531217638366,2342074,0.00000687,158.00000000,0
1531217638672,1531217638668,2342075,0.00000687,48.00000000,0
1531217638687,1531217638682,2342076,0.00000687,99.00000000,0
1531217638719,1531217638715,2342077,0.00000687,86.00000000,0
1531217638894,1531217638891,2342078,0.00000687,117.00000000,0
1531217638936,1531217638930,2342079,0.00000687,102.00000000,0
1531217639064,1531217639061,2342080,0.00000687,30.00000000,0
1531217639117,1531217639113,2342081,0.00000687,59.00000000,0
1531217639347,1531217639343,2342082,0.00000687,99.00000000,0
1531217639398,1531217639393,2342083,0.00000687,94.00000000,0
1531217639474,1531217639470,2342084,0.00000687,239.00000000,0
1531217639594,1531217639590,2342085,0.00000687,148.00000000,0
1531217639652,1531217639648,2342086,0.00000687,205.00000000,0
1531217639673,1531217639669,2342087,0.00000687,40.00000000,0
1531217639697,1531217639691,2342088,0.00000687,36.00000000,0
1531217639748,1531217639743,2342089,0.00000687,50.00000000,0
1531217639811,1531217639805,2342090,0.00000687,170.00000000,0
1531217639845,1531217639841,2342091,0.00000687,29.00000000,0
1531217639937,1531217639933,2342092,0.00000687,92.00000000,0
1531217640001,1531217639996,2342093,0.00000687,102.00000000,0
1531217640207,1531217640203,2342094,0.00000687,243.00000000,0
1531217640264,1531217640261,2342095,0.00000687,93.00000000,0
1531217640356,1531217640351,2342096,0.00000687,113.00000000,0
1531217640513,1531217640508,2342097,0.00000687,75.00000000,0
1531217640621,1531217640617,2342098,0.00000687,358.00000000,0
1531217640703,1531217640700,2342099,0.00000687,79.00000000,0
1531217640747,1531217640743,2342100,0.00000687,95.00000000,0
1531217640810,1531217640805,2342101,0.00000687,124.00000000,0
1531217640882,1531217640878,2342102,0.00000687,73.00000000,0
1531217640882,1531217640878,2342103,0.00000688,74.00000000,0
1531217641110,1531217641105,2342104,0.00000688,95.00000000,0
1531217641174,1531217641150,2342105,0.00000688,102.00000000,0
1531217641315,1531217641311,2342106,0.00000688,155.00000000,0
1531217641431,1531217641427,2342107,0.00000688,148.00000000,0
1531217643902,1531217643899,2342108,0.00000688,45.00000000,0
1531217643966,1531217643963,2342109,0.00000688,80.00000000,0
1531217644005,1531217644000,2342110,0.00000688,33.00000000,0
1531217644249,1531217644244,2342111,0.00000688,96.00000000,0
1531217645276,1531217645272,2342112,0.00000687,153.00000000,0
1531217654124,1531217654118,2342113,0.00000686,2337.00000000,1
1531217654140,1531217654136,2342114,0.00000683,2209.00000000,1
1531217654140,1531217654136,2342115,0.00000681,142.00000000,1
1531217654151,1531217654148,2342116,0.00000681,2337.00000000,1
1531217654371,1531217654365,2342117,0.00000685,3318.00000000,0
1531217654471,1531217654467,2342118,0.00000685,748.00000000,0
1531217654568,1531217654563,2342119,0.00000685,608.00000000,0
1531217654706,1531217654703,2342120,0.00000685,1392.00000000,1
1531217661357,1531217661352,2342121,0.00000683,20.00000000,1
1531217667475,1531217667469,2342122,0.00000682,21.00000000,1
1531217684548,1531217684543,2342123,0.00000682,1.00000000,1
1531217689042,1531217689037,2342124,0.00000687,3.00000000,0
1531217695209,1531217695204,2342125,0.00000685,655.00000000,1
1531217714721,1531217714717,2342126,0.00000683,690.00000000,0
1531217716585,1531217716581,2342127,0.00000684,749.00000000,0
1531217719013,1531217719008,2342128,0.00000682,263.00000000,1
1531217720316,1531217720310,2342129,0.00000681,285.00000000,0
1531217722584,1531217722580,2342130,0.00000682,124.00000000,0
1531217722584,1531217722580,2342131,0.00000684,1.00000000,0
1531217737483,1531217737478,2342132,0.00000684,10214.00000000,0
1531217737483,1531217737478,2342133,0.00000687,5419.00000000,0
1531217737483,1531217737478,2342134,0.00000688,67.00000000,0
1531217739847,1531217739843,2342135,0.00000681,1396.00000000,1
1531217742390,1531217742386,2342136,0.00000681,1291.00000000,1
1531217744090,1531217744085,2342137,0.00000681,638.00000000,1
1531217747726,1531217747722,2342138,0.00000681,952.00000000,0
1531217775033,1531217775030,2342139,0.00000681,1838.00000000,1
1531217781941,1531217781938,2342140,0.00000684,146.00000000,0
1531217798263,1531217798259,2342141,0.00000684,360.00000000,0
1531217801996,1531217801991,2342142,0.00000682,509.00000000,0
1531217802004,1531217802000,2342143,0.00000681,500.00000000,1
1531217818437,1531217818433,2342144,0.00000683,1822.00000000,0
1531217824070,1531217824065,2342145,0.00000684,446.00000000,0
1531217825319,1531217825314,2342146,0.00000684,690.00000000,1
1531217826651,1531217826645,2342147,0.00000681,710.00000000,1
1531217833815,1531217833811,2342148,0.00000685,1454.00000000,0
1531217842259,1531217842254,2342149,0.00000683,1915.00000000,1
1531217842284,1531217842280,2342150,0.00000683,766.00000000,1
1531217884888,1531217884884,2342151,0.00000683,896.00000000,0
1531217886336,1531217886333,2342152,0.00000685,292.00000000,0
1531217901290,1531217901286,2342153,0.00000685,158.00000000,0
1531217904478,1531217904473,2342154,0.00000681,950.00000000,1
1531217904495,1531217904490,2342155,0.00000681,632.00000000,1
1531217920553,1531217920549,2342156,0.00000683,241.00000000,0
1531217920565,1531217920561,2342157,0.00000681,1928.00000000,1
1531217920584,1531217920579,2342158,0.00000681,147.00000000,1
1531217947306,1531217947301,2342159,0.00000682,1308.00000000,0
1531217947323,1531217947319,2342160,0.00000684,342.00000000,0
1531217947333,1531217947328,2342161,0.00000684,992.00000000,0
1531217953209,1531217953203,2342162,0.00000681,666.00000000,1
1531217967768,1531217967764,2342163,0.00000682,147.00000000,1
1531217982084,1531217982078,2342164,0.00000682,1137.00000000,1
1531217993551,1531217993547,2342165,0.00000683,2027.00000000,0
1531217993561,1531217993555,2342166,0.00000682,1115.00000000,1
1531217993619,1531217993615,2342167,0.00000684,403.00000000,0
1531218001011,1531218001006,2342168,0.00000681,83.00000000,1
1531218002262,1531218002259,2342169,0.00000684,158.00000000,0
1531218015499,1531218015494,2342170,0.00000684,105.00000000,0
1531218016340,1531218016335,2342171,0.00000684,316.00000000,1
1531218017119,1531218017114,2342172,0.00000681,640.00000000,1
1531218023998,1531218023994,2342173,0.00000682,2291.00000000,1
1531218023998,1531218023994,2342174,0.00000681,1551.00000000,1
1531218026917,1531218026913,2342175,0.00000681,631.00000000,1
1531218026917,1531218026913,2342176,0.00000680,13495.00000000,1
1531218026917,1531218026913,2342177,0.00000680,5968.00000000,1
1531218027253,1531218027249,2342178,0.00000680,2822.00000000,0
1531218027255,1531218027251,2342179,0.00000680,205.00000000,0
1531218028255,1531218028250,2342180,0.00000680,703.00000000,0
1531218028350,1531218028345,2342181,0.00000680,302.00000000,0
1531218029125,1531218029121,2342182,0.00000678,11.00000000,1
1531218036253,1531218036247,2342183,0.00000683,6680.00000000,0
1531218036528,1531218036524,2342184,0.00000682,1140.00000000,1
1531218037270,1531218037266,2342185,0.00000683,2114.00000000,0
1531218038261,1531218038256,2342186,0.00000682,634.00000000,0
1531218039259,1531218039255,2342187,0.00000682,311.00000000,0
1531218039921,1531218039917,2342188,0.00000682,292.00000000,0
1531218043259,1531218043254,2342189,0.00000682,1137.00000000,0
1531218054049,1531218054045,2342190,0.00000683,2189.00000000,0
1531218074416,1531218074412,2342191,0.00000682,4441.00000000,1
1531218074431,1531218074428,2342192,0.00000682,354.00000000,1
1531218120762,1531218120758,2342193,0.00000682,22054.00000000,0
1531218120780,1531218120777,2342194,0.00000681,7502.00000000,1
1531218139883,1531218139878,2342195,0.00000682,4433.00000000,1
1531218139904,1531218139898,2342196,0.00000682,8193.00000000,1
1531218145609,1531218145605,2342197,0.00000683,146.00000000,0
1531218157503,1531218157499,2342198,0.00000682,815.00000000,1
1531218160401,1531218160397,2342199,0.00000682,9533.00000000,1
1531218160408,1531218160404,2342200,0.00000682,235.00000000,0
1531218160420,1531218160416,2342201,0.00000682,6379.00000000,1
1531218160445,1531218160440,2342202,0.00000682,3154.00000000,1
1531218166019,1531218166015,2342203,0.00000682,192.00000000,0
1531218237107,1531218237103,2342204,0.00000683,3.00000000,0
1531218314392,1531218314389,2342205,0.00000683,171.00000000,0
1531218325548,1531218325543,2342206,0.00000683,6.00000000,0
1531218352185,1531218352180,2342207,0.00000683,499.00000000,0
1531218372694,1531218372690,2342208,0.00000683,732.00000000,0
1531218412440,1531218412434,2342209,0.00000683,292.00000000,0
1531218497359,1531218497354,2342210,0.00000679,25.00000000,1
1531218501768,1531218501763,2342211,0.00000683,290.00000000,0
1531218520273,1531218520268,2342212,0.00000683,146.00000000,0
1531218524145,1531218524140,2342213,0.00000680,148.00000000,1
1531218524162,1531218524157,2342214,0.00000680,1012.00000000,1
1531218538315,1531218538310,2342215,0.00000682,1454.00000000,0
1531218546971,1531218546967,2342216,0.00000682,1532.00000000,1
1531218547001,1531218546998,2342217,0.00000682,703.00000000,1
1531218547017,1531218547013,2342218,0.00000682,946.00000000,1
1531218552662,1531218552658,2342219,0.00000681,6524.00000000,1
1531218552662,1531218552658,2342220,0.00000680,8711.00000000,1
1531218558608,1531218558603,2342221,0.00000680,4765.00000000,0
1531218560180,1531218560172,2342222,0.00000682,570.00000000,0
1531218560285,1531218560281,2342223,0.00000682,21.00000000,1
1531218581108,1531218581103,2342224,0.00000681,310.00000000,1
1531218581127,1531218581122,2342225,0.00000681,597.00000000,1
1531218608308,1531218608304,2342226,0.00000682,1896.00000000,0
1531218608322,1531218608317,2342227,0.00000681,1336.00000000,1
1531218610290,1531218610285,2342228,0.00000683,971.00000000,0
1531218614570,1531218614565,2342229,0.00000683,522.00000000,0
1531218620241,1531218620237,2342230,0.00000683,2088.00000000,0
1531218634636,1531218634630,2342231,0.00000683,1494.00000000,0
1531218648480,1531218648475,2342232,0.00000682,6744.00000000,1
1531218657289,1531218657285,2342233,0.00000681,449.00000000,1
1531218660570,1531218660566,2342234,0.00000681,1270.00000000,1
1531218660591,1531218660587,2342235,0.00000681,935.00000000,1
1531218660599,1531218660594,2342236,0.00000681,336.00000000,1
1531218678231,1531218678227,2342237,0.00000681,293.00000000,0
1531218697655,1531218697651,2342238,0.00000680,879.00000000,1
1531218697671,1531218697667,2342239,0.00000681,785.00000000,0
1531218697750,1531218697745,2342240,0.00000680,4021.00000000,1
1531218718841,1531218718837,2342241,0.00000677,25.00000000,1
1531218719749,1531218719744,2342242,0.00000677,3422.00000000,1
1531218724332,1531218724327,2342243,0.00000677,21.00000000,1
1531218729432,1531218729427,2342244,0.00000681,1560.00000000,0
1531218732351,1531218732348,2342245,0.00000681,44052.00000000,0
1531218732485,1531218732482,2342246,0.00000681,7342.00000000,0
1531218732846,1531218732842,2342247,0.00000681,14684.00000000,0
1531218732958,1531218732954,2342248,0.00000681,44052.00000000,0
1531218732982,1531218732975,2342249,0.00000681,1561.00000000,0
1531218744262,1531218744257,2342250,0.00000680,2473.00000000,0
1531218744279,1531218744274,2342251,0.00000679,931.00000000,1
1531218744298,1531218744294,2342252,0.00000679,1302.00000000,1
1531218746890,1531218746886,2342253,0.00000678,1256.00000000,1
1531218747290,1531218747284,2342254,0.00000678,1430.00000000,1
1531218761440,1531218761435,2342255,0.00000682,4784.00000000,0
1531218774823,1531218774818,2342256,0.00000680,728.00000000,1
1531218788145,1531218788139,2342257,0.00000680,1339.00000000,1
1531218788165,1531218788160,2342258,0.00000680,504.00000000,0
1531218788172,1531218788168,2342259,0.00000681,1013.00000000,0
1531218803834,1531218803829,2342260,0.00000681,1239.00000000,1
1531218803851,1531218803846,2342261,0.00000681,1907.00000000,0
1531218803870,1531218803865,2342262,0.00000681,1239.00000000,1
1531218827436,1531218827432,2342263,0.00000681,147.00000000,1
1531218839333,1531218839327,2342264,0.00000681,343.00000000,1
1531218858993,1531218858987,2342265,0.00000682,1296.00000000,0
1531218859011,1531218859006,2342266,0.00000681,662.00000000,1
1531218877184,1531218877179,2342267,0.00000680,1551.00000000,1
1531218877664,1531218877661,2342268,0.00000680,13555.00000000,0
1531218883518,1531218883512,2342269,0.00000680,294.00000000,0
1531218884176,1531218884171,2342270,0.00000680,725.00000000,0
1531218888915,1531218888910,2342271,0.00000680,595.00000000,0
1531218889673,1531218889668,2342272,0.00000680,3715.00000000,0
1531218900994,1531218900989,2342273,0.00000679,399.00000000,1
1531218901013,1531218901009,2342274,0.00000679,341.00000000,0
1531218901032,1531218901027,2342275,0.00000679,399.00000000,1
1531218916290,1531218916286,2342276,0.00000680,653.00000000,0
1531218923196,1531218923191,2342277,0.00000680,14710.00000000,0
1531218958479,1531218958475,2342278,0.00000681,1171.00000000,0
1531218958489,1531218958485,2342279,0.00000680,1619.00000000,1
1531218958505,1531218958501,2342280,0.00000680,1127.00000000,1
1531218971542,1531218971536,2342281,0.00000680,1162.00000000,1
1531218971565,1531218971561,2342282,0.00000680,1438.00000000,1
1531219020436,1531219020432,2342283,0.00000680,1583.00000000,1
1531219035269,1531219035265,2342284,0.00000680,11125.00000000,1
1531219063475,1531219063471,2342285,0.00000681,15675.00000000,0
1531219063485,1531219063481,2342286,0.00000680,10737.00000000,1
1531219071370,1531219071365,2342287,0.00000683,2927.00000000,0
1531219105416,1531219105411,2342288,0.00000680,1651.00000000,1
1531219123086,1531219123078,2342289,0.00000681,4293.00000000,0
1531219124939,1531219124934,2342290,0.00000681,1559.00000000,0
1531219144034,1531219144029,2342291,0.00000681,1806.00000000,0
1531219182214,1531219182210,2342292,0.00000681,6035.00000000,0
1531219213465,1531219213459,2342293,0.00000681,188.00000000,0
1531219230688,1531219230684,2342294,0.00000681,5876.00000000,0
1531219256669,1531219256664,2342295,0.00000681,1434.00000000,0
1531219408081,1531219408076,2342296,0.00000681,24793.00000000,0
1531219444275,1531219444270,2342297,0.00000683,3947.00000000,0
1531219444284,1531219444281,2342298,0.00000682,1519.00000000,1
1531219477776,1531219477772,2342299,0.00000682,11.00000000,0
1531219519018,1531219519013,2342300,0.00000682,681.00000000,0
1531219534415,1531219534410,2342301,0.00000685,736.00000000,0
1531219542623,1531219542618,2342302,0.00000685,1140.00000000,0
1531219543669,1531219543663,2342303,0.00000684,317.00000000,0
1531219543683,1531219543679,2342304,0.00000682,204.00000000,1
1531219545736,1531219545732,2342305,0.00000686,4009.00000000,0
1531219547779,1531219547773,2342306,0.00000685,425.00000000,0
1531219547953,1531219547949,2342307,0.00000685,595.00000000,0
1531219554413,1531219554408,2342308,0.00000687,1789.00000000,0
1531219554413,1531219554408,2342309,0.00000688,3871.00000000,0
1531219554413,1531219554408,2342310,0.00000689,1182.00000000,0
1531219554413,1531219554408,2342311,0.00000690,1015.00000000,0
1531219554413,1531219554408,2342312,0.00000691,32.00000000,0
1531219565043,1531219565038,2342313,0.00000687,780.00000000,0
1531219574310,1531219574305,2342314,0.00000688,1140.00000000,0
1531219579522,1531219579517,2342315,0.00000687,44.00000000,1
1531219579909,1531219579906,2342316,0.00000687,98.00000000,1
1531219580483,1531219580478,2342317,0.00000687,25.00000000,1
1531219580483,1531219580478,2342318,0.00000686,21.00000000,1
1531219581214,1531219581209,2342319,0.00000686,99.00000000,1
1531219581844,1531219581839,2342320,0.00000686,95.00000000,1
1531219582669,1531219582665,2342321,0.00000686,185.00000000,1
1531219582669,1531219582665,2342322,0.00000684,173.00000000,1
1531219583013,1531219583011,2342323,0.00000684,255.00000000,1
1531219583367,1531219583363,2342324,0.00000684,188.00000000,1
1531219583824,1531219583819,2342325,0.00000684,96.00000000,1
1531219584079,1531219584075,2342326,0.00000684,65.00000000,1
1531219584495,1531219584490,2342327,0.00000684,40.00000000,1
1531219585045,1531219585039,2342328,0.00000684,103.00000000,1
1531219585414,1531219585410,2342329,0.00000684,6743.00000000,1
1531219586178,1531219586173,2342330,0.00000685,245.00000000,1
1531219586791,1531219586787,2342331,0.00000685,48.00000000,1
1531219587434,1531219587430,2342332,0.00000685,95.00000000,1
1531219588460,1531219588456,2342333,0.00000685,46.00000000,1
1531219588942,1531219588937,2342334,0.00000685,47.00000000,1
1531219589065,1531219589059,2342335,0.00000688,556.00000000,0
1531219589606,1531219589602,2342336,0.00000688,45.00000000,1
1531219590146,1531219590140,2342337,0.00000688,38.00000000,1
1531219590146,1531219590140,2342338,0.00000685,11.00000000,1
1531219590950,1531219590944,2342339,0.00000686,110.00000000,1
1531219591132,1531219591127,2342340,0.00000686,61.00000000,1
1531219591694,1531219591689,2342341,0.00000686,47.00000000,1
1531219592301,1531219592296,2342342,0.00000686,88.00000000,1
1531219592973,1531219592969,2342343,0.00000686,5.00000000,1
1531219592973,1531219592969,2342344,0.00000685,48.00000000,1
1531219593511,1531219593506,2342345,0.00000685,84.00000000,1
1531219594281,1531219594276,2342346,0.00000685,48.00000000,1
1531219594932,1531219594927,2342347,0.00000685,39.00000000,1
1531219595741,1531219595737,2342348,0.00000685,239.00000000,1
1531219596619,1531219596616,2342349,0.00000686,80.00000000,1
1531219597135,1531219597133,2342350,0.00000686,385.00000000,1
1531219597791,1531219597786,2342351,0.00000686,75.00000000,1
1531219598355,1531219598350,2342352,0.00000686,92.00000000,1
1531219598897,1531219598893,2342353,0.00000686,50.00000000,1
1531219599524,1531219599518,2342354,0.00000686,44.00000000,1
1531219600089,1531219600083,2342355,0.00000686,102.00000000,1
1531219600769,1531219600766,2342356,0.00000686,169.00000000,1
1531219601437,1531219601431,2342357,0.00000686,108.00000000,1
1531219601508,1531219601503,2342358,0.00000686,1044.00000000,1
1531219601521,1531219601514,2342359,0.00000686,936.00000000,0
1531219601537,1531219601533,2342360,0.00000686,1044.00000000,1
1531219602055,1531219602051,2342361,0.00000685,142.00000000,1
1531219602708,1531219602702,2342362,0.00000685,53.00000000,1
1531219603261,1531219603256,2342363,0.00000685,311.00000000,1
1531219620981,1531219620976,2342364,0.00000686,1588.00000000,0
1531219647453,1531219647447,2342365,0.00000686,583.00000000,0
1531219652595,1531219652593,2342366,0.00000687,748.00000000,0
1531219652898,1531219652891,2342367,0.00000686,1069.00000000,0
1531219652898,1531219652891,2342368,0.00000687,2467.00000000,0
1531219655578,1531219655571,2342369,0.00000687,1078.00000000,0
1531219655578,1531219655571,2342370,0.00000691,3566.00000000,0
1531219682637,1531219682633,2342371,0.00000689,376.00000000,0
1531219682649,1531219682645,2342372,0.00000688,813.00000000,1
1531219682665,1531219682659,2342373,0.00000688,325.00000000,1
1531219689539,1531219689534,2342374,0.00000691,625.00000000,0
1531219690268,1531219690264,2342375,0.00000691,640.00000000,0
1531219690921,1531219690915,2342376,0.00000687,146.00000000,1
1531219691001,1531219690995,2342377,0.00000691,797.00000000,0
1531219703511,1531219703505,2342378,0.00000690,300.00000000,1
1531219717780,1531219717777,2342379,0.00000687,205.00000000,1
1531219718264,1531219718259,2342380,0.00000687,89.00000000,1
1531219718970,1531219718965,2342381,0.00000690,18.00000000,0
1531219718985,1531219718980,2342382,0.00000687,84.00000000,1
1531219719344,1531219719338,2342383,0.00000687,86.00000000,1
1531219719601,1531219719597,2342384,0.00000690,15.00000000,0
1531219719937,1531219719932,2342385,0.00000687,82.00000000,1
1531219720737,1531219720734,2342386,0.00000687,92.00000000,1
1531219721357,1531219721352,2342387,0.00000687,86.00000000,1
1531219721846,1531219721841,2342388,0.00000687,95.00000000,1
1531219722333,1531219722328,2342389,0.00000687,830.00000000,1
1531219722354,1531219722348,2342390,0.00000687,173.00000000,1
1531219722940,1531219722936,2342391,0.00000687,148.00000000,1
1531219723585,1531219723580,2342392,0.00000687,79.00000000,1
1531219724348,1531219724344,2342393,0.00000687,155.00000000,1
1531219724969,1531219724965,2342394,0.00000686,94.00000000,1
1531219725560,1531219725554,2342395,0.00000686,73.00000000,1
1531219726345,1531219726341,2342396,0.00000686,33.00000000,1
1531219727134,1531219727128,2342397,0.00000686,104.00000000,1
1531219727836,1531219727832,2342398,0.00000686,78.00000000,1
1531219728457,1531219728454,2342399,0.00000686,96.00000000,1
1531219729146,1531219729140,2342400,0.00000686,287.00000000,1
1531219729682,1531219729678,2342401,0.00000686,91.00000000,1
1531219730241,1531219730235,2342402,0.00000686,59.00000000,1
1531219730611,1531219730607,2342403,0.00000686,89.00000000,1
1531219731136,1531219731131,2342404,0.00000686,175.00000000,1
1531219731709,1531219731704,2342405,0.00000686,170.00000000,1
1531219732284,1531219732281,2342406,0.00000686,93.00000000,1
1531219733124,1531219733118,2342407,0.00000686,188.00000000,1
1531219733479,1531219733474,2342408,0.00000686,243.00000000,1
1531219734210,1531219734206,2342409,0.00000687,102.00000000,1
1531219734802,1531219734798,2342410,0.00000687,132.00000000,1
1531219735430,1531219735424,2342411,0.00000687,97.00000000,1
1531219735890,1531219735886,2342412,0.00000687,63.00000000,1
1531219736432,1531219736427,2342413,0.00000687,93.00000000,1
1531219737021,1531219737017,2342414,0.00000687,114.00000000,1
1531219737400,1531219737395,2342415,0.00000687,50.00000000,1
1531219737913,1531219737912,2342416,0.00000687,84.00000000,1
1531219738720,1531219738715,2342417,0.00000687,131.00000000,1
1531219739581,1531219739577,2342418,0.00000687,282.00000000,1
1531219739979,1531219739974,2342419,0.00000687,99.00000000,1
1531219740375,1531219740371,2342420,0.00000687,76.00000000,1
1531219740879,1531219740871,2342421,0.00000687,30.00000000,1
1531219741029,1531219741025,2342422,0.00000687,369.00000000,1
1531219766380,1531219766375,2342423,0.00000687,818.00000000,0
1531219800735,1531219800730,2342424,0.00000687,687.00000000,0
1531219840543,1531219840538,2342425,0.00000686,1407.00000000,1
1531219840558,1531219840553,2342426,0.00000686,146.00000000,1
1531219883363,1531219883359,2342427,0.00000687,2177.00000000,0
1531219893504,1531219893499,2342428,0.00000686,1140.00000000,1
1531219893504,1531219893499,2342429,0.00000685,24385.00000000,1
1531219893578,1531219893573,2342430,0.00000685,1688.00000000,0
1531219894544,1531219894537,2342431,0.00000685,506.00000000,0
1531219895512,1531219895508,2342432,0.00000685,31700.00000000,0
1531219922649,1531219922645,2342433,0.00000686,468.00000000,1
1531219931489,1531219931485,2342434,0.00000687,196.00000000,0
1531219931501,1531219931497,2342435,0.00000686,887.00000000,1
1531219931572,1531219931566,2342436,0.00000686,146.00000000,1
1531219959982,1531219959977,2342437,0.00000688,4.00000000,0
1531219960291,1531219960285,2342438,0.00000688,788.00000000,0
1531219978723,1531219978719,2342439,0.00000688,4.00000000,1
1531219990235,1531219990230,2342440,0.00000687,612.00000000,0
1531219990247,1531219990241,2342441,0.00000686,379.00000000,1
1531219990262,1531219990258,2342442,0.00000686,234.00000000,1
1531220003014,1531220003009,2342443,0.00000687,20895.00000000,0
1531220003030,1531220003027,2342444,0.00000686,13931.00000000,1
1531220030997,1531220030992,2342445,0.00000687,39235.00000000,0
1531220031014,1531220031010,2342446,0.00000686,15570.00000000,1
1531220065269,1531220065264,2342447,0.00000687,512.00000000,0
1531220065285,1531220065279,2342448,0.00000687,4490.00000000,0
1531220074274,1531220074268,2342449,0.00000687,53664.00000000,0
1531220074286,1531220074281,2342450,0.00000686,23958.00000000,1
1531220097412,1531220097406,2342451,0.00000687,10663.00000000,0
1531220101088,1531220101084,2342452,0.00000687,1.00000000,0
1531220102546,1531220102543,2342453,0.00000687,12489.00000000,0
1531220123446,1531220123442,2342454,0.00000687,827.00000000,1
1531220123479,1531220123475,2342455,0.00000687,8776.00000000,1
1531220160383,1531220160378,2342456,0.00000686,807.00000000,1
1531220160398,1531220160394,2342457,0.00000687,12489.00000000,0
1531220173042,1531220173036,2342458,0.00000687,8776.00000000,1
1531220196666,1531220196662,2342459,0.00000686,1323.00000000,1
1531220204834,1531220204830,2342460,0.00000687,12489.00000000,0
1531220237850,1531220237845,2342461,0.00000687,2275.00000000,1
1531220237872,1531220237867,2342462,0.00000687,8776.00000000,1
1531220253766,1531220253760,2342463,0.00000687,10000.00000000,0
1531220279748,1531220279742,2342464,0.00000687,2489.00000000,0
1531220279748,1531220279742,2342465,0.00000688,289.00000000,0
1531220279748,1531220279742,2342466,0.00000690,237.00000000,0
1531220279765,1531220279760,2342467,0.00000690,1140.00000000,1
1531220279777,1531220279771,2342468,0.00000690,856.00000000,1
1531220280687,1531220280682,2342469,0.00000690,4989.00000000,1
1531220287675,1531220287670,2342470,0.00000686,756.00000000,1
1531220287693,1531220287689,2342471,0.00000686,640.00000000,1
1531220304239,1531220304235,2342472,0.00000687,625.00000000,1
1531220304258,1531220304254,2342473,0.00000687,638.00000000,1
1531220326524,1531220326518,2342474,0.00000689,1603.00000000,0
1531220326540,1531220326535,2342475,0.00000688,472.00000000,1
1531220326560,1531220326556,2342476,0.00000688,603.00000000,1
1531220340085,1531220340080,2342477,0.00000691,1140.00000000,0
1531220340085,1531220340080,2342478,0.00000692,1965.00000000,0
1531220362825,1531220362821,2342479,0.00000688,146.00000000,1
1531220362840,1531220362835,2342480,0.00000688,146.00000000,1
1531220366140,1531220366133,2342481,0.00000689,312.00000000,1
1531220366140,1531220366133,2342482,0.00000686,1540.00000000,1
1531220366140,1531220366133,2342483,0.00000685,34.00000000,1
1531220458154,1531220458149,2342484,0.00000687,480.00000000,0
1531220460658,1531220460654,2342485,0.00000688,461.00000000,1
1531220488628,1531220488623,2342486,0.00000690,480.00000000,0
1531220490458,1531220490453,2342487,0.00000688,2031.00000000,1
1531220494573,1531220494568,2342488,0.00000689,301.00000000,1
1531220513078,1531220513072,2342489,0.00000691,891.00000000,0
1531220513078,1531220513072,2342490,0.00000692,8163.00000000,0
1531220514574,1531220514570,2342491,0.00000693,536.00000000,1
1531220517573,1531220517569,2342492,0.00000692,1034.00000000,1
1531220519976,1531220519971,2342493,0.00000692,82.00000000,1
1531220525059,1531220525053,2342494,0.00000692,67.00000000,1
1531220532975,1531220532971,2342495,0.00000693,40000.00000000,0
1531220537997,1531220537994,2342496,0.00000692,41.00000000,1
1531220538571,1531220538567,2342497,0.00000692,33.00000000,1
1531220539257,1531220539252,2342498,0.00000692,94.00000000,1
1531220539961,1531220539956,2342499,0.00000692,80.00000000,1
1531220541090,1531220541085,2342500,0.00000692,95.00000000,1
1531220541889,1531220541885,2342501,0.00000692,77.00000000,1
1531220542492,1531220542487,2342502,0.00000692,148.00000000,1
1531220542975,1531220542970,2342503,0.00000692,111.00000000,1
1531220543652,1531220543647,2342504,0.00000692,96.00000000,1
1531220544391,1531220544386,2342505,0.00000692,153.00000000,1
1531220545405,1531220545399,2342506,0.00000692,99.00000000,1
1531220545814,1531220545810,2342507,0.00000692,94.00000000,1
1531220546397,1531220546392,2342508,0.00000692,44.00000000,1
1531220547098,1531220547092,2342509,0.00000692,124.00000000,1
1531220547700,1531220547696,2342510,0.00000692,97.00000000,1
1531220548268,1531220548265,2342511,0.00000692,113.00000000,1
1531220548930,1531220548926,2342512,0.00000692,92.00000000,1
1531220549476,1531220549471,2342513,0.00000692,117.00000000,1
1531220550000,1531220549995,2342514,0.00000692,74.00000000,1
1531220550537,1531220550533,2342515,0.00000692,47.00000000,1
1531220551050,1531220551044,2342516,0.00000692,98.00000000,1
1531220551609,1531220551602,2342517,0.00000692,70.00000000,1
1531220552290,1531220552285,2342518,0.00000692,42.00000000,1
1531220552753,1531220552748,2342519,0.00000692,102.00000000,1
1531220553381,1531220553376,2342520,0.00000692,102.00000000,1
1531220554188,1531220554186,2342521,0.00000692,286.00000000,1
1531220554780,1531220554776,2342522,0.00000692,226.00000000,1
1531220555296,1531220555291,2342523,0.00000692,88.00000000,1
1531220555848,1531220555845,2342524,0.00000692,94.00000000,1
1531220556387,1531220556385,2342525,0.00000692,158.00000000,1
1531220557042,1531220557037,2342526,0.00000692,118.00000000,1
1531220557541,1531220557536,2342527,0.00000692,50.00000000,1
1531220557942,1531220557936,2342528,0.00000692,246.00000000,1
1531220558719,1531220558712,2342529,0.00000692,81.00000000,1
1531220559464,1531220559458,2342530,0.00000692,48.00000000,1
1531220559985,1531220559981,2342531,0.00000692,158.00000000,1
1531220560513,1531220560508,2342532,0.00000692,146.00000000,1
1531220561029,1531220561024,2342533,0.00000692,44.00000000,1
1531220561632,1531220561628,2342534,0.00000692,170.00000000,1
1531220562411,1531220562407,2342535,0.00000692,363.00000000,1
1531220569722,1531220569718,2342536,0.00000693,1.00000000,0
1531220578597,1531220578591,2342537,0.00000693,146.00000000,0
1531220580879,1531220580868,2342538,0.00000692,365.00000000,1
1531220581238,1531220581228,2342539,0.00000692,83.00000000,1
1531220581940,1531220581936,2342540,0.00000692,99.00000000,1
1531220582653,1531220582649,2342541,0.00000692,102.00000000,1
1531220582971,1531220582966,2342542,0.00000692,50.00000000,1
1531220583730,1531220583725,2342543,0.00000692,102.00000000,1
1531220584285,1531220584280,2342544,0.00000692,36.00000000,1
1531220584830,1531220584825,2342545,0.00000692,73.00000000,1
1531220585557,1531220585552,2342546,0.00000692,99.00000000,1
1531220585969,1531220585965,2342547,0.00000692,84.00000000,1
1531220586553,1531220586549,2342548,0.00000692,85.00000000,1
1531220587020,1531220587015,2342549,0.00000692,97.00000000,1
1531220587848,1531220587844,2342550,0.00000692,94.00000000,1
1531220588308,1531220588303,2342551,0.00000692,106.00000000,1
1531220588724,1531220588719,2342552,0.00000692,89.00000000,1
1531220589041,1531220589036,2342553,0.00000692,37.00000000,1
1531220589432,1531220589429,2342554,0.00000692,95.00000000,1
1531220589958,1531220589953,2342555,0.00000692,92.00000000,1
1531220590977,1531220590974,2342556,0.00000692,33.00000000,1
1531220591511,1531220591506,2342557,0.00000692,95.00000000,1
1531220592640,1531220592635,2342558,0.00000692,108.00000000,1
1531220593310,1531220593305,2342559,0.00000692,147.00000000,1
1531220593991,1531220593989,2342560,0.00000692,143.00000000,1
1531220594571,1531220594567,2342561,0.00000692,190.00000000,1
1531220595205,1531220595200,2342562,0.00000692,50.00000000,1
1531220595582,1531220595577,2342563,0.00000692,42.00000000,1
1531220596426,1531220596422,2342564,0.00000692,298.00000000,1
1531220597007,1531220597002,2342565,0.00000692,50.00000000,1
1531220597558,1531220597553,2342566,0.00000692,165.00000000,1
1531220598224,1531220598218,2342567,0.00000692,353.00000000,1
1531220598797,1531220598793,2342568,0.00000692,30.00000000,1
1531220600239,1531220600232,2342569,0.00000693,239.00000000,0
1531220627899,1531220627892,2342570,0.00000693,50000.00000000,0
1531220633804,1531220633798,2342571,0.00000693,6602.00000000,0
1531220647668,1531220647666,2342572,0.00000692,1657.00000000,1
1531220709454,1531220709448,2342573,0.00000692,95.00000000,1
1531220716523,1531220716519,2342574,0.00000689,732.00000000,1
1531220742391,1531220742385,2342575,0.00000689,262.00000000,1
1531220742402,1531220742397,2342576,0.00000689,212.00000000,1
