event_time,trade_time,trade_id,price,quantity,maker
1531210358325,1531210358321,1377256,0.00003132,55.00000000,0
1531210384024,1531210384018,1377257,0.00003133,241.00000000,0
1531210385516,1531210385512,1377258,0.00003133,57.00000000,0
1531210407897,1531210407892,1377259,0.00003134,63.00000000,0
1531210407897,1531210407892,1377260,0.00003136,461.00000000,0
1531210412309,1531210412304,1377261,0.00003136,2705.00000000,0
1531210417859,1531210417854,1377262,0.00003136,3000.00000000,1
1531210424582,1531210424579,1377263,0.00003136,321.00000000,1
1531210426087,1531210426083,1377264,0.00003137,14.00000000,0
1531210431118,1531210431115,1377265,0.00003136,1111.00000000,1
1531210431170,1531210431166,1377266,0.00003136,6659.00000000,1
1531210452201,1531210452196,1377267,0.00003129,209.00000000,0
1531210452251,1531210452247,1377268,0.00003129,1486.00000000,0
1531210452580,1531210452576,1377269,0.00003129,386.00000000,0
1531210455437,1531210455432,1377270,0.00003124,206.00000000,1
1531210481023,1531210481017,1377271,0.00003123,210.00000000,1
1531210481023,1531210481017,1377272,0.00003122,5886.00000000,1
1531210481023,1531210481017,1377273,0.00003121,1553.00000000,1
1531210522019,1531210522013,1377274,0.00003125,1600.00000000,1
1531210522019,1531210522013,1377275,0.00003122,6.00000000,1
1531210522419,1531210522415,1377276,0.00003130,210.00000000,0
1531210522532,1531210522528,1377277,0.00003130,387.00000000,1
1531210525662,1531210525659,1377278,0.00003130,1670.00000000,1
1531210529341,1531210529336,1377279,0.00003130,761.00000000,1
1531210529744,1531210529740,1377280,0.00003131,15.00000000,0
1531210535581,1531210535576,1377281,0.00003130,1398.00000000,1
1531210541086,1531210541081,1377282,0.00003131,100.00000000,0
1531210541337,1531210541331,1377283,0.00003130,1.00000000,1
1531210541337,1531210541331,1377284,0.00003127,271.00000000,1
1531210541918,1531210541912,1377285,0.00003127,1148.00000000,1
1531210545827,1531210545822,1377286,0.00003128,800.00000000,1
1531210546628,1531210546624,1377287,0.00003128,494.00000000,1
1531210546628,1531210546624,1377288,0.00003127,1176.00000000,1
1531210555430,1531210555426,1377289,0.00003127,854.00000000,1
1531210556310,1531210556305,1377290,0.00003127,4.00000000,1
1531210556310,1531210556305,1377291,0.00003122,739.00000000,1
1531210556310,1531210556305,1377292,0.00003121,405.00000000,1
1531210567502,1531210567498,1377293,0.00003121,2307.00000000,1
1531210569158,1531210569154,1377294,0.00003121,273.00000000,0
1531210569638,1531210569635,1377295,0.00003121,1067.00000000,0
1531210571097,1531210571092,1377296,0.00003121,1051.00000000,0
1531210584412,1531210584407,1377297,0.00003121,5.00000000,0
1531210595207,1531210595203,1377298,0.00003121,200.00000000,0
1531210602320,1531210602315,1377299,0.00003119,362.00000000,1
1531210602387,1531210602382,1377300,0.00003119,656.00000000,1
1531210602387,1531210602382,1377301,0.00003117,103.00000000,1
1531210609258,1531210609254,1377302,0.00003117,1115.00000000,1
1531210665026,1531210665021,1377303,0.00003119,4.00000000,0
1531210673990,1531210673986,1377304,0.00003117,194.00000000,1
1531210679964,1531210679959,1377305,0.00003117,115.00000000,0
1531210705415,1531210705411,1377306,0.00003114,79.00000000,1
1531210705415,1531210705411,1377307,0.00003109,9.00000000,1
1531210705435,1531210705429,1377308,0.00003109,248.00000000,1
1531210705435,1531210705429,1377309,0.00003100,127.00000000,1
1531210705435,1531210705429,1377310,0.00003097,456.00000000,1
1531210718425,1531210718420,1377311,0.00003097,258.00000000,1
1531210718464,1531210718457,1377312,0.00003093,258.00000000,1
1531210720216,1531210720217,1377313,0.00003100,44.00000000,0
1531210722702,1531210722696,1377314,0.00003094,206.00000000,1
1531210722702,1531210722696,1377315,0.00003093,389.00000000,1
1531210722760,1531210722756,1377316,0.00003090,175.00000000,1
1531210723539,1531210723535,1377317,0.00003093,206.00000000,0
1531210727327,1531210727323,1377318,0.00003091,258.00000000,1
1531210727353,1531210727346,1377319,0.00003089,33.00000000,1
1531210727353,1531210727346,1377320,0.00003088,225.00000000,1
1531210727534,1531210727530,1377321,0.00003091,187.00000000,0
1531210727600,1531210727598,1377322,0.00003091,60.00000000,0
1531210727613,1531210727612,1377323,0.00003091,11.00000000,0
1531210727635,1531210727631,1377324,0.00003097,149.00000000,1
1531210727744,1531210727738,1377325,0.00003090,149.00000000,0
1531210727744,1531210727738,1377326,0.00003092,149.00000000,0
1531210727744,1531210727738,1377327,0.00003102,206.00000000,0
1531210727744,1531210727738,1377328,0.00003103,257.00000000,0
1531210727744,1531210727738,1377329,0.00003106,2.00000000,0
1531210728810,1531210728805,1377330,0.00003089,212.00000000,1
1531210731621,1531210731616,1377331,0.00003098,35.00000000,0
1531210731759,1531210731759,1377332,0.00003100,125.00000000,1
1531210731828,1531210731824,1377333,0.00003088,125.00000000,1
1531210732954,1531210732948,1377334,0.00003086,124.00000000,1
1531210734389,1531210734372,1377335,0.00003088,125.00000000,0
1531210735545,1531210735539,1377336,0.00003086,81.00000000,1
1531210739928,1531210739925,1377337,0.00003081,164.00000000,1
1531210744580,1531210744575,1377338,0.00003087,44.00000000,0
1531210750166,1531210750161,1377339,0.00003081,95.00000000,1
1531210750166,1531210750161,1377340,0.00003080,29.00000000,1
1531210754615,1531210754610,1377341,0.00003081,662.00000000,0
1531210755205,1531210755201,1377342,0.00003081,668.00000000,0
1531210756267,1531210756262,1377343,0.00003081,670.00000000,0
1531210760373,1531210760370,1377344,0.00003080,23.00000000,1
1531210765835,1531210765831,1377345,0.00003081,2465.00000000,0
1531210773610,1531210773607,1377346,0.00003087,9.00000000,0
1531210775649,1531210775644,1377347,0.00003085,59.00000000,1
1531210775754,1531210775748,1377348,0.00003087,7.00000000,0
1531210778024,1531210778021,1377349,0.00003095,7.00000000,0
1531210778140,1531210778136,1377350,0.00003095,11.00000000,0
1531210778230,1531210778230,1377351,0.00003095,8.00000000,0
1531210778275,1531210778269,1377352,0.00003095,7.00000000,0
1531210778463,1531210778459,1377353,0.00003095,12.00000000,0
1531210778522,1531210778516,1377354,0.00003095,16.00000000,0
1531210778721,1531210778718,1377355,0.00003095,7.00000000,0
1531210778768,1531210778765,1377356,0.00003095,89.00000000,0
1531210778826,1531210778821,1377357,0.00003095,3.00000000,0
1531210778826,1531210778821,1377358,0.00003098,11.00000000,0
1531210778904,1531210778900,1377359,0.00003098,7.00000000,0
1531210778940,1531210778936,1377360,0.00003098,16.00000000,0
1531210779255,1531210779252,1377361,0.00003098,26.00000000,0
1531210779446,1531210779442,1377362,0.00003098,9.00000000,0
1531210816307,1531210816301,1377363,0.00003082,1148.00000000,1
1531210816850,1531210816845,1377364,0.00003096,1291.00000000,0
1531210816850,1531210816845,1377365,0.00003098,254.00000000,0
1531210816850,1531210816845,1377366,0.00003111,212.00000000,0
1531210816850,1531210816845,1377367,0.00003112,1469.00000000,0
1531210816850,1531210816845,1377368,0.00003113,3000.00000000,0
1531210816883,1531210816879,1377369,0.00003113,82.00000000,1
1531210816891,1531210816891,1377370,0.00003113,6593.00000000,1
1531210816903,1531210816900,1377371,0.00003113,209.00000000,1
1531210816934,1531210816930,1377372,0.00003113,82.00000000,1
1531210816943,1531210816942,1377373,0.00003113,82.00000000,1
1531210817094,1531210817090,1377374,0.00003113,800.00000000,1
1531210817284,1531210817280,1377375,0.00003113,246.00000000,1
1531210817543,1531210817538,1377376,0.00003113,311.00000000,1
1531210817863,1531210817858,1377377,0.00003113,3199.00000000,1
1531210818012,1531210818007,1377378,0.00003113,408.00000000,1
1531210818616,1531210818612,1377379,0.00003113,604.00000000,1
1531210821367,1531210821363,1377380,0.00003113,800.00000000,1
1531210822666,1531210822663,1377381,0.00003114,283.00000000,0
1531210823364,1531210823360,1377382,0.00003113,734.00000000,1
1531210823930,1531210823924,1377383,0.00003113,337.00000000,1
1531210824133,1531210824133,1377384,0.00003113,286.00000000,1
1531210824155,1531210824150,1377385,0.00003113,2.00000000,1
1531210824155,1531210824150,1377386,0.00003091,172.00000000,1
1531210825526,1531210825522,1377387,0.00003113,18.00000000,0
1531210825748,1531210825744,1377388,0.00003104,60.00000000,0
1531210830468,1531210830468,1377389,0.00003113,26.00000000,0
1531210831211,1531210831206,1377390,0.00003089,833.00000000,1
1531210831211,1531210831206,1377391,0.00003088,36.00000000,1
1531210832480,1531210832477,1377392,0.00003087,48.00000000,1
1531210832480,1531210832477,1377393,0.00003086,64.00000000,1
1531210832480,1531210832477,1377394,0.00003085,192.00000000,1
1531210832480,1531210832477,1377395,0.00003084,529.00000000,1
1531210834547,1531210834542,1377396,0.00003095,392.00000000,0
1531210841771,1531210841766,1377397,0.00003090,313.00000000,0
1531210841771,1531210841766,1377398,0.00003091,313.00000000,0
1531210841771,1531210841766,1377399,0.00003099,112.00000000,0
1531210841771,1531210841766,1377400,0.00003103,207.00000000,0
1531210841771,1531210841766,1377401,0.00003104,36.00000000,0
1531210841771,1531210841766,1377402,0.00003111,730.00000000,0
1531210841787,1531210841781,1377403,0.00003113,6314.00000000,1
1531210841809,1531210841806,1377404,0.00003113,60.00000000,1
1531210841826,1531210841824,1377405,0.00003113,89.00000000,1
1531210841853,1531210841848,1377406,0.00003115,341.00000000,0
1531210841853,1531210841848,1377407,0.00003118,647.00000000,0
1531210841853,1531210841848,1377408,0.00003119,122.00000000,0
1531210841853,1531210841848,1377409,0.00003121,331.00000000,0
1531210841882,1531210841877,1377410,0.00003113,324.00000000,1
1531210841904,1531210841899,1377411,0.00003113,124.00000000,1
1531210841920,1531210841917,1377412,0.00003113,2121.00000000,1
1531210841978,1531210841972,1377413,0.00003113,133.00000000,1
1531210842018,1531210842014,1377414,0.00003113,128.00000000,1
1531210842174,1531210842169,1377415,0.00003113,1291.00000000,1
1531210842211,1531210842208,1377416,0.00003113,800.00000000,1
1531210843540,1531210843534,1377417,0.00003113,390.00000000,1
1531210843821,1531210843817,1377418,0.00003113,60.00000000,1
1531210844585,1531210844580,1377419,0.00003113,114.00000000,1
1531210845163,1531210845158,1377420,0.00003113,52.00000000,1
1531210845853,1531210845849,1377421,0.00003118,283.00000000,0
1531210846814,1531210846810,1377422,0.00003118,488.00000000,0
1531210846814,1531210846810,1377423,0.00003119,374.00000000,0
1531210846814,1531210846810,1377424,0.00003121,1045.00000000,0
1531210846855,1531210846851,1377425,0.00003121,390.00000000,0
1531210846862,1531210846858,1377426,0.00003121,390.00000000,0
1531210846872,1531210846872,1377427,0.00003121,390.00000000,0
1531210846875,1531210846872,1377428,0.00003121,320.00000000,0
1531210846884,1531210846881,1377429,0.00003121,73.00000000,0
1531210846889,1531210846885,1377430,0.00003114,45.00000000,1
1531210846905,1531210846901,1377431,0.00003121,390.00000000,0
1531210846917,1531210846912,1377432,0.00003114,115.00000000,1
1531210846917,1531210846912,1377433,0.00003113,275.00000000,1
1531210846920,1531210846917,1377434,0.00003121,390.00000000,0
1531210846934,1531210846930,1377435,0.00003121,390.00000000,0
1531210846957,1531210846952,1377436,0.00003113,320.00000000,1
1531210856389,1531210856384,1377437,0.00003120,1.00000000,0
1531210868550,1531210868546,1377438,0.00003119,388.00000000,0
1531210873795,1531210873789,1377439,0.00003119,268.00000000,0
1531210876473,1531210876468,1377440,0.00003113,1542.00000000,1
1531210876473,1531210876469,1377441,0.00003113,202.00000000,1
1531210876473,1531210876469,1377442,0.00003111,920.00000000,1
1531210884173,1531210884169,1377443,0.00003110,9507.00000000,1
1531210884185,1531210884182,1377444,0.00003110,1122.00000000,1
1531210884197,1531210884194,1377445,0.00003110,162.00000000,1
1531210884199,1531210884194,1377446,0.00003110,831.00000000,1
1531210884202,1531210884197,1377447,0.00003110,831.00000000,1
1531210884207,1531210884204,1377448,0.00003110,831.00000000,1
1531210884657,1531210884653,1377449,0.00003110,1148.00000000,1
1531210885187,1531210885187,1377450,0.00003110,513.00000000,1
1531210900082,1531210900077,1377451,0.00003110,831.00000000,1
1531210900730,1531210900725,1377452,0.00003110,1148.00000000,1
1531210901161,1531210901155,1377453,0.00003110,2223.00000000,1
1531210901262,1531210901257,1377454,0.00003110,519.00000000,1
1531210905509,1531210905509,1377455,0.00003110,390.00000000,1
1531210905551,1531210905546,1377456,0.00003110,42.00000000,1
1531210931929,1531210931925,1377457,0.00003110,1122.00000000,1
1531210931938,1531210931934,1377458,0.00003110,2432.00000000,1
1531210931938,1531210931934,1377459,0.00003100,1122.00000000,1
1531210937133,1531210937128,1377460,0.00003101,817.00000000,1
1531210937133,1531210937128,1377461,0.00003100,9977.00000000,1
1531210941757,1531210941753,1377462,0.00003100,23.00000000,1
1531210964117,1531210964111,1377463,0.00003100,303.00000000,1
1531210986108,1531210986105,1377464,0.00003100,166.00000000,1
1531210997211,1531210997206,1377465,0.00003101,80.00000000,0
1531211032888,1531211032884,1377466,0.00003101,100.00000000,1
1531211044315,1531211044310,1377467,0.00003101,100.00000000,1
1531211057037,1531211057031,1377468,0.00003100,443.00000000,1
1531211059677,1531211059673,1377469,0.00003105,541.00000000,1
1531211060553,1531211060547,1377470,0.00003105,389.00000000,1
1531211061460,1531211061456,1377471,0.00003105,791.00000000,1
1531211062014,1531211062009,1377472,0.00003105,452.00000000,1
1531211070303,1531211070298,1377473,0.00003106,1.00000000,0
1531211091904,1531211091900,1377474,0.00003105,1122.00000000,1
1531211095573,1531211095569,1377475,0.00003105,1122.00000000,1
1531211096244,1531211096240,1377476,0.00003105,26.00000000,1
1531211098481,1531211098475,1377477,0.00003105,1122.00000000,1
1531211103248,1531211103245,1377478,0.00003105,1122.00000000,1
1531211104343,1531211104338,1377479,0.00003105,1122.00000000,1
1531211105750,1531211105746,1377480,0.00003105,332.00000000,1
1531211109072,1531211109068,1377481,0.00003105,921.00000000,1
1531211109072,1531211109068,1377482,0.00003100,201.00000000,1
1531211111602,1531211111597,1377483,0.00003100,1148.00000000,1
1531211111772,1531211111769,1377484,0.00003100,1147.00000000,1
1531211111787,1531211111782,1377485,0.00003100,83.00000000,1
1531211119953,1531211119948,1377486,0.00003106,7.00000000,0
1531211120338,1531211120334,1377487,0.00003100,1148.00000000,1
1531211124059,1531211124055,1377488,0.00003100,1686.00000000,1
1531211126358,1531211126353,1377489,0.00003100,1286.00000000,1
1531211132750,1531211132745,1377490,0.00003100,7.00000000,1
1531211146567,1531211146564,1377491,0.00003098,211.00000000,0
1531211146603,1531211146598,1377492,0.00003099,180.00000000,0
1531211163748,1531211163745,1377493,0.00003099,35.00000000,0
1531211163748,1531211163745,1377494,0.00003111,1287.00000000,0
1531211164926,1531211164919,1377495,0.00003093,151.00000000,1
1531211164926,1531211164919,1377496,0.00003092,135.00000000,1
1531211165478,1531211165472,1377497,0.00003112,151.00000000,0
1531211165491,1531211165487,1377498,0.00003112,331.00000000,1
1531211165521,1531211165518,1377499,0.00003093,138.00000000,1
1531211165521,1531211165518,1377500,0.00003092,193.00000000,1
1531211165843,1531211165838,1377501,0.00003112,200.00000000,0
1531211165861,1531211165856,1377502,0.00003112,153.00000000,1
1531211168317,1531211168310,1377503,0.00003093,357.00000000,1
1531211168317,1531211168310,1377504,0.00003092,336.00000000,1
1531211184439,1531211184434,1377505,0.00003100,138.00000000,1
1531211185430,1531211185426,1377506,0.00003100,151.00000000,1
1531211193443,1531211193438,1377507,0.00003100,1122.00000000,1
1531211193444,1531211193440,1377508,0.00003100,6939.00000000,1
1531211193444,1531211193440,1377509,0.00003089,125.00000000,1
1531211193444,1531211193440,1377510,0.00003088,997.00000000,1
1531211195261,1531211195257,1377511,0.00003089,61.00000000,1
1531211200559,1531211200553,1377512,0.00003100,391.00000000,1
1531211205825,1531211205821,1377513,0.00003103,14.00000000,0
1531211222561,1531211222557,1377514,0.00003101,47.00000000,0
1531211258800,1531211258797,1377515,0.00003100,1170.00000000,1
1531211258807,1531211258802,1377516,0.00003100,1169.00000000,1
1531211258818,1531211258813,1377517,0.00003100,201.00000000,1
1531211258852,1531211258847,1377518,0.00003100,324.00000000,1
1531211268234,1531211268232,1377519,0.00003100,244.00000000,1
1531211283658,1531211283654,1377520,0.00003100,1122.00000000,1
1531211283684,1531211283679,1377521,0.00003100,831.00000000,1
1531211283690,1531211283686,1377522,0.00003100,620.00000000,1
1531211283690,1531211283686,1377523,0.00003089,211.00000000,1
1531211283745,1531211283741,1377524,0.00003089,480.00000000,1
1531211283745,1531211283741,1377525,0.00003088,351.00000000,1
1531211283854,1531211283849,1377526,0.00003088,1148.00000000,1
1531211284816,1531211284812,1377527,0.00003088,7029.00000000,1
1531211284816,1531211284812,1377528,0.00003086,951.00000000,1
1531211285681,1531211285676,1377529,0.00003086,1294.00000000,1
1531211294422,1531211294419,1377530,0.00003096,140.00000000,0
1531211383309,1531211383305,1377531,0.00003093,46.00000000,0
1531211385031,1531211385025,1377532,0.00003086,835.00000000,1
1531211386736,1531211386731,1377533,0.00003086,2309.00000000,1
1531211386755,1531211386751,1377534,0.00003086,1133.00000000,1
1531211387332,1531211387328,1377535,0.00003086,49.00000000,1
1531211387600,1531211387597,1377536,0.00003086,1934.00000000,1
1531211387826,1531211387822,1377537,0.00003086,1098.00000000,1
1531211388233,1531211388228,1377538,0.00003086,185.00000000,1
1531211388233,1531211388228,1377539,0.00003084,1751.00000000,1
1531211388287,1531211388284,1377540,0.00003084,176.00000000,1
1531211429920,1531211429916,1377541,0.00003092,34.00000000,0
1531211429920,1531211429916,1377542,0.00003093,20.00000000,0
1531211429920,1531211429916,1377543,0.00003094,346.00000000,0
1531211438065,1531211438060,1377544,0.00003094,5.00000000,0
1531211463398,1531211463394,1377545,0.00003087,41.00000000,1
1531211471775,1531211471770,1377546,0.00003085,662.00000000,1
1531211472394,1531211472390,1377547,0.00003090,25.00000000,1
1531211472409,1531211472405,1377548,0.00003090,367.00000000,1
1531211472479,1531211472476,1377549,0.00003090,439.00000000,1
1531211485462,1531211485458,1377550,0.00003090,5.00000000,0
1531211488866,1531211488861,1377551,0.00003090,7.00000000,0
1531211508964,1531211508959,1377552,0.00003085,278.00000000,1
1531211521354,1531211521350,1377553,0.00003085,537.00000000,1
1531211521377,1531211521373,1377554,0.00003085,521.00000000,1
1531211522779,1531211522779,1377555,0.00003085,518.00000000,1
1531211526988,1531211526983,1377556,0.00003085,360.00000000,1
1531211527387,1531211527383,1377557,0.00003085,164.00000000,1
1531211537730,1531211537725,1377558,0.00003092,1.00000000,0
1531211538017,1531211538012,1377559,0.00003092,483.00000000,0
1531211544416,1531211544413,1377560,0.00003085,1971.00000000,1
1531211581635,1531211581629,1377561,0.00003092,42.00000000,1
1531211607620,1531211607616,1377562,0.00003092,23.00000000,1
1531211614515,1531211614512,1377563,0.00003092,52.00000000,1
1531211620648,1531211620645,1377564,0.00003091,9.00000000,0
1531211627903,1531211627899,1377565,0.00003092,7.00000000,0
1531211658394,1531211658390,1377566,0.00003092,41.00000000,0
1531211685263,1531211685260,1377567,0.00003090,100.00000000,0
1531211722658,1531211722658,1377568,0.00003088,335.00000000,0
1531211755016,1531211755011,1377569,0.00003085,1134.00000000,1
1531211769688,1531211769684,1377570,0.00003085,392.00000000,1
1531211775171,1531211775166,1377571,0.00003086,6.00000000,0
1531211790673,1531211790673,1377572,0.00003086,392.00000000,0
1531211798390,1531211798385,1377573,0.00003086,2.00000000,0
1531211863462,1531211863457,1377574,0.00003086,61.00000000,0
1531211881371,1531211881366,1377575,0.00003085,3.00000000,1
1531211881371,1531211881366,1377576,0.00003084,1905.00000000,1
1531211884148,1531211884144,1377577,0.00003086,846.00000000,0
1531211902691,1531211902689,1377578,0.00003086,392.00000000,1
1531211947584,1531211947579,1377579,0.00003088,18.00000000,0
1531211977025,1531211977020,1377580,0.00003088,152.00000000,0
1531212033205,1531212033199,1377581,0.00003091,33.00000000,0
1531212066337,1531212066331,1377582,0.00003084,2875.00000000,1
1531212068342,1531212068337,1377583,0.00003084,626.00000000,1
1531212097262,1531212097257,1377584,0.00003084,1000.00000000,1
1531212113963,1531212113957,1377585,0.00003084,205.00000000,1
1531212113967,1531212113962,1377586,0.00003084,831.00000000,1
1531212113970,1531212113970,1377587,0.00003084,831.00000000,1
1531212114353,1531212114347,1377588,0.00003085,700.00000000,1
1531212114353,1531212114347,1377589,0.00003084,448.00000000,1
1531212114877,1531212114873,1377590,0.00003084,500.00000000,1
1531212126695,1531212126689,1377591,0.00003085,392.00000000,0
1531212161972,1531212161969,1377592,0.00003085,213.00000000,0
1531212164564,1531212164561,1377593,0.00003084,249.00000000,1
1531212173117,1531212173112,1377594,0.00003084,547.00000000,1
1531212173305,1531212173301,1377595,0.00003084,547.00000000,1
1531212242319,1531212242312,1377596,0.00003084,3069.00000000,1
1531212242741,1531212242738,1377597,0.00003084,393.00000000,1
1531212273474,1531212273469,1377598,0.00003084,10.00000000,1
1531212275153,1531212275149,1377599,0.00003085,324.00000000,0
1531212306101,1531212306097,1377600,0.00003085,20.00000000,0
1531212310099,1531212310096,1377601,0.00003085,2.00000000,0
1531212310449,1531212310445,1377602,0.00003084,500.00000000,1
1531212313514,1531212313510,1377603,0.00003085,2.00000000,0
1531212316005,1531212316001,1377604,0.00003085,1.00000000,0
1531212319949,1531212319945,1377605,0.00003084,1081.00000000,1
1531212319949,1531212319945,1377606,0.00003082,37.00000000,1
1531212319957,1531212319952,1377607,0.00003080,1081.00000000,1
1531212319970,1531212319966,1377608,0.00003080,950.00000000,1
1531212319970,1531212319966,1377609,0.00003078,38.00000000,1
1531212319970,1531212319966,1377610,0.00003076,90.00000000,1
1531212320919,1531212320911,1377611,0.00003076,46.00000000,1
1531212320919,1531212320911,1377612,0.00003071,65.00000000,1
1531212320919,1531212320911,1377613,0.00003068,33.00000000,1
1531212320919,1531212320911,1377614,0.00003067,1004.00000000,1
1531212321561,1531212321557,1377615,0.00003070,151.00000000,0
1531212325018,1531212325011,1377616,0.00003076,41.00000000,0
1531212325018,1531212325011,1377617,0.00003078,259.00000000,0
1531212325018,1531212325011,1377618,0.00003080,2032.00000000,0
1531212325018,1531212325011,1377619,0.00003082,3365.00000000,0
1531212325018,1531212325011,1377620,0.00003083,6321.00000000,0
1531212325018,1531212325011,1377621,0.00003085,709.00000000,0
1531212325028,1531212325023,1377622,0.00003085,2046.00000000,1
1531212325047,1531212325042,1377623,0.00003067,292.00000000,1
1531212325047,1531212325042,1377624,0.00003064,1754.00000000,1
1531212326911,1531212326903,1377625,0.00003070,260.00000000,1
1531212326911,1531212326903,1377626,0.00003064,320.00000000,1
1531212326911,1531212326903,1377627,0.00003060,3307.00000000,1
1531212326911,1531212326903,1377628,0.00003059,112.00000000,1
1531212326911,1531212326903,1377629,0.00003057,166.00000000,1
1531212326911,1531212326903,1377630,0.00003056,1127.00000000,1
1531212326911,1531212326903,1377631,0.00003054,104.00000000,1
1531212326911,1531212326903,1377632,0.00003053,2068.00000000,1
1531212326911,1531212326903,1377633,0.00003052,720.00000000,1
1531212326911,1531212326903,1377634,0.00003051,6296.00000000,1
1531212326911,1531212326903,1377635,0.00003050,293.00000000,1
1531212326911,1531212326903,1377636,0.00003050,524.00000000,1
1531212326912,1531212326903,1377637,0.00003050,943.00000000,1
1531212326928,1531212326927,1377638,0.00003054,100.00000000,0
1531212328166,1531212328161,1377639,0.00003057,373.00000000,1
1531212328166,1531212328161,1377640,0.00003055,65.00000000,1
1531212328166,1531212328161,1377641,0.00003053,59.00000000,1
1531212328501,1531212328497,1377642,0.00003061,83.00000000,0
1531212328504,1531212328499,1377643,0.00003061,83.00000000,0
1531212328508,1531212328505,1377644,0.00003061,3.00000000,0
1531212328512,1531212328510,1377645,0.00003061,215.00000000,0
1531212328611,1531212328606,1377646,0.00003062,108.00000000,0
1531212329436,1531212329431,1377647,0.00003057,92.00000000,0
1531212329442,1531212329439,1377648,0.00003057,92.00000000,0
1531212329739,1531212329733,1377649,0.00003057,8.00000000,0
1531212330688,1531212330683,1377650,0.00003057,80.00000000,0
1531212330741,1531212330737,1377651,0.00003057,112.00000000,0
1531212330766,1531212330761,1377652,0.00003063,35.00000000,0
1531212331743,1531212331739,1377653,0.00003063,112.00000000,1
1531212335999,1531212335993,1377654,0.00003063,158.00000000,0
1531212338062,1531212338057,1377655,0.00003059,445.00000000,1
1531212339036,1531212339029,1377656,0.00003064,73.00000000,0
1531212339036,1531212339029,1377657,0.00003067,347.00000000,0
1531212339036,1531212339029,1377658,0.00003070,3430.00000000,0
1531212339036,1531212339029,1377659,0.00003071,133.00000000,0
1531212339036,1531212339029,1377660,0.00003074,490.00000000,0
1531212339036,1531212339029,1377661,0.00003076,275.00000000,0
1531212363823,1531212363818,1377662,0.00003066,197.00000000,0
1531212366439,1531212366435,1377663,0.00003061,261.00000000,1
1531212369582,1531212369577,1377664,0.00003065,1.00000000,0
1531212374421,1531212374416,1377665,0.00003054,166.00000000,1
1531212375026,1531212375022,1377666,0.00003054,34.00000000,1
1531212375058,1531212375054,1377667,0.00003065,3.00000000,0
1531212379119,1531212379116,1377668,0.00003061,73.00000000,0
1531212379803,1531212379799,1377669,0.00003065,34.00000000,0
1531212379803,1531212379799,1377670,0.00003066,1.00000000,0
1531212379803,1531212379799,1377671,0.00003069,309.00000000,0
1531212409125,1531212409122,1377672,0.00003068,37.00000000,0
1531212409125,1531212409122,1377673,0.00003070,324.00000000,0
1531212434040,1531212434031,1377674,0.00003055,716.00000000,1
1531212434040,1531212434031,1377675,0.00003054,349.00000000,1
1531212434040,1531212434031,1377676,0.00003045,233.00000000,1
1531212434040,1531212434031,1377677,0.00003044,65.00000000,1
1531212434040,1531212434031,1377678,0.00003043,1021.00000000,1
1531212434040,1531212434031,1377679,0.00003042,180.00000000,1
1531212434040,1531212434031,1377680,0.00003041,309.00000000,1
1531212434040,1531212434031,1377681,0.00003040,1129.00000000,1
1531212434040,1531212434031,1377682,0.00003039,1151.00000000,1
1531212434040,1531212434031,1377683,0.00003038,7268.00000000,1
1531212434325,1531212434322,1377684,0.00003061,199.00000000,0
1531212434742,1531212434737,1377685,0.00003055,390.00000000,0
1531212434788,1531212434783,1377686,0.00003054,417.00000000,0
1531212435033,1531212435029,1377687,0.00003054,73.00000000,0
1531212435033,1531212435029,1377688,0.00003055,545.00000000,0
1531212436794,1531212436788,1377689,0.00003055,50.00000000,0
1531212436794,1531212436788,1377690,0.00003056,261.00000000,0
1531212436794,1531212436788,1377691,0.00003057,180.00000000,0
1531212438644,1531212438639,1377692,0.00003057,53.00000000,0
1531212439292,1531212439287,1377693,0.00003057,208.00000000,0
1531212458693,1531212458687,1377694,0.00003050,5620.00000000,1
1531212458693,1531212458687,1377695,0.00003048,262.00000000,1
1531212458693,1531212458687,1377696,0.00003045,1600.00000000,1
1531212458693,1531212458687,1377697,0.00003040,2245.00000000,1
1531212467415,1531212467410,1377698,0.00003061,144.00000000,0
1531212530748,1531212530743,1377699,0.00003061,76.00000000,1
1531212532746,1531212532742,1377700,0.00003061,56.00000000,1
1531212533685,1531212533683,1377701,0.00003068,1.00000000,0
1531212561383,1531212561379,1377702,0.00003068,68.00000000,0
1531212585739,1531212585736,1377703,0.00003057,197.00000000,1
1531212642613,1531212642610,1377704,0.00003052,189.00000000,1
1531212676315,1531212676311,1377705,0.00003052,951.00000000,1
1531212676341,1531212676336,1377706,0.00003052,310.00000000,0
1531212677016,1531212677012,1377707,0.00003051,177.00000000,0
1531212677176,1531212677172,1377708,0.00003051,229.00000000,0
1531212679283,1531212679279,1377709,0.00003050,328.00000000,0
1531212679359,1531212679355,1377710,0.00003050,770.00000000,0
1531212696739,1531212696735,1377711,0.00003051,1.00000000,0
1531212706698,1531212706694,1377712,0.00003051,4246.00000000,0
1531212723741,1531212723734,1377713,0.00003051,330.00000000,0
1531212740987,1531212740983,1377714,0.00003056,392.00000000,0
1531212741015,1531212741009,1377715,0.00003056,316.00000000,1
1531212741745,1531212741742,1377716,0.00003056,398.00000000,1
1531212742431,1531212742426,1377717,0.00003056,152.00000000,1
1531212742751,1531212742746,1377718,0.00003051,398.00000000,0
1531212762428,1531212762423,1377719,0.00003051,549.00000000,0
1531212777798,1531212777793,1377720,0.00003046,309.00000000,1
1531212798198,1531212798194,1377721,0.00003051,447.00000000,0
1531212810401,1531212810397,1377722,0.00003051,75.00000000,0
1531212817752,1531212817746,1377723,0.00003046,76.00000000,1
1531212817752,1531212817746,1377724,0.00003044,203.00000000,1
1531212821007,1531212821003,1377725,0.00003051,7.00000000,0
1531212865505,1531212865501,1377726,0.00003051,9.00000000,0
1531212904442,1531212904436,1377727,0.00003051,3.00000000,0
1531212904797,1531212904791,1377728,0.00003057,144.00000000,1
1531212924792,1531212924786,1377729,0.00003051,254.00000000,1
1531212958777,1531212958772,1377730,0.00003061,261.00000000,0
1531212958777,1531212958772,1377731,0.00003064,3000.00000000,0
1531212958792,1531212958787,1377732,0.00003064,441.00000000,1
1531212958812,1531212958807,1377733,0.00003064,208.00000000,1
1531212958828,1531212958824,1377734,0.00003064,2025.00000000,1
1531212967058,1531212967055,1377735,0.00003066,223.00000000,0
1531213111524,1531213111518,1377736,0.00003066,297.00000000,0
1531213111546,1531213111540,1377737,0.00003066,1117.00000000,1
1531213114669,1531213114664,1377738,0.00003054,1117.00000000,1
1531213118776,1531213118771,1377739,0.00003065,4.00000000,0
1531213140399,1531213140396,1377740,0.00003065,3.00000000,0
1531213161233,1531213161228,1377741,0.00003065,521.00000000,0
1531213201940,1531213201936,1377742,0.00003066,156.00000000,0
1531213201940,1531213201936,1377743,0.00003068,147.00000000,0
1531213201940,1531213201936,1377744,0.00003069,987.00000000,0
1531213201940,1531213201936,1377745,0.00003070,326.00000000,0
1531213201940,1531213201936,1377746,0.00003071,15.00000000,0
1531213224172,1531213224165,1377747,0.00003068,169.00000000,0
1531213224172,1531213224165,1377748,0.00003071,472.00000000,0
1531213224172,1531213224165,1377749,0.00003072,500.00000000,0
1531213224172,1531213224165,1377750,0.00003073,254.00000000,0
1531213227811,1531213227807,1377751,0.00003070,183.00000000,0
1531213234809,1531213234806,1377752,0.00003067,68.00000000,0
1531213249829,1531213249824,1377753,0.00003074,146.00000000,0
1531213263189,1531213263184,1377754,0.00003074,17.00000000,0
1531213263189,1531213263184,1377755,0.00003078,259.00000000,0
1531213263213,1531213263211,1377756,0.00003078,61.00000000,1
1531213264224,1531213264221,1377757,0.00003078,434.00000000,1
1531213271232,1531213271228,1377758,0.00003078,76.00000000,1
1531213274179,1531213274174,1377759,0.00003078,53.00000000,1
1531213279187,1531213279181,1377760,0.00003086,602.00000000,0
1531213279214,1531213279210,1377761,0.00003086,29.00000000,1
1531213287680,1531213287675,1377762,0.00003087,9.00000000,0
1531213291431,1531213291426,1377763,0.00003087,499.00000000,0
1531213291508,1531213291503,1377764,0.00003090,500.00000000,1
1531213292153,1531213292148,1377765,0.00003090,4433.00000000,1
1531213293292,1531213293287,1377766,0.00003080,12.00000000,1
1531213293809,1531213293807,1377767,0.00003080,7.00000000,1
1531213294286,1531213294281,1377768,0.00003081,9.00000000,1
1531213294762,1531213294759,1377769,0.00003080,7.00000000,1
1531213295325,1531213295321,1377770,0.00003080,9.00000000,1
1531213295393,1531213295389,1377771,0.00003080,16.00000000,1
1531213296029,1531213296025,1377772,0.00003080,7.00000000,1
1531213296777,1531213296772,1377773,0.00003080,89.00000000,1
1531213297593,1531213297590,1377774,0.00003087,14.00000000,1
1531213298175,1531213298170,1377775,0.00003087,7.00000000,1
1531213298640,1531213298634,1377776,0.00003087,9.00000000,1
1531213299435,1531213299428,1377777,0.00003087,16.00000000,1
1531213299754,1531213299749,1377778,0.00003087,8.00000000,1
1531213300381,1531213300377,1377779,0.00003087,26.00000000,1
1531213300709,1531213300704,1377780,0.00003087,11.00000000,1
1531213302322,1531213302319,1377781,0.00003090,1.00000000,0
1531213302322,1531213302319,1377782,0.00003091,884.00000000,0
1531213307946,1531213307943,1377783,0.00003091,60.00000000,1
1531213308845,1531213308841,1377784,0.00003091,396.00000000,1
1531213319356,1531213319352,1377785,0.00003091,24.00000000,1
1531213319356,1531213319352,1377786,0.00003087,37.00000000,1
1531213331023,1531213331020,1377787,0.00003091,76.00000000,0
1531213331847,1531213331843,1377788,0.00003092,57.00000000,0
1531213331866,1531213331862,1377789,0.00003093,33.00000000,0
1531213334852,1531213334848,1377790,0.00003095,302.00000000,0
1531213342207,1531213342202,1377791,0.00003091,1133.00000000,1
1531213342236,1531213342231,1377792,0.00003091,1952.00000000,1
1531213342236,1531213342233,1377793,0.00003091,831.00000000,1
1531213343077,1531213343072,1377794,0.00003091,1137.00000000,1
1531213343077,1531213343072,1377795,0.00003087,11.00000000,1
1531213351970,1531213351968,1377796,0.00003087,831.00000000,1
1531213352043,1531213352039,1377797,0.00003087,1816.00000000,1
1531213352068,1531213352063,1377798,0.00003087,131.00000000,1
1531213352068,1531213352063,1377799,0.00003070,811.00000000,1
1531213352068,1531213352063,1377800,0.00003065,206.00000000,1
1531213368232,1531213368229,1377801,0.00003084,19.00000000,0
1531213399838,1531213399835,1377802,0.00003084,107.00000000,0
1531213575776,1531213575772,1377803,0.00003071,11.00000000,0
1531213579977,1531213579973,1377804,0.00003062,16.00000000,1
1531213609046,1531213609040,1377805,0.00003071,276.00000000,0
1531213609193,1531213609187,1377806,0.00003073,919.00000000,0
1531213610131,1531213610125,1377807,0.00003071,460.00000000,0
1531213617203,1531213617199,1377808,0.00003073,512.00000000,0
1531213618794,1531213618790,1377809,0.00003073,162.00000000,0
1531213619825,1531213619822,1377810,0.00003073,162.00000000,0
1531213622351,1531213622345,1377811,0.00003073,12.00000000,0
1531213625499,1531213625494,1377812,0.00003073,209.00000000,0
1531213633284,1531213633281,1377813,0.00003073,162.00000000,0
1531213638217,1531213638211,1377814,0.00003073,628.00000000,0
1531213661706,1531213661701,1377815,0.00003063,200.00000000,1
1531213691461,1531213691457,1377816,0.00003062,1084.00000000,1
1531213708838,1531213708835,1377817,0.00003060,1113.00000000,1
1531213713723,1531213713719,1377818,0.00003060,7057.00000000,1
1531213715371,1531213715366,1377819,0.00003060,525.00000000,0
1531213715761,1531213715756,1377820,0.00003060,526.00000000,0
1531213717503,1531213717498,1377821,0.00003058,41.00000000,0
1531213717503,1531213717498,1377822,0.00003060,483.00000000,0
1531213721215,1531213721208,1377823,0.00003056,40.00000000,1
1531213721215,1531213721208,1377824,0.00003054,33.00000000,1
1531213721215,1531213721208,1377825,0.00003053,683.00000000,1
1531213721215,1531213721208,1377826,0.00003052,459.00000000,1
1531213721215,1531213721208,1377827,0.00003051,19.00000000,1
1531213721215,1531213721208,1377828,0.00003050,454.00000000,1
1531213727566,1531213727561,1377829,0.00003059,200.00000000,0
1531213727566,1531213727561,1377830,0.00003060,3181.00000000,0
1531213732582,1531213732577,1377831,0.00003055,42.00000000,1
1531213748954,1531213748948,1377832,0.00003055,41.00000000,1
1531213749929,1531213749925,1377833,0.00003055,166.00000000,1
1531213754321,1531213754316,1377834,0.00003055,2794.00000000,1
1531213771812,1531213771806,1377835,0.00003064,260.00000000,0
1531213771946,1531213771944,1377836,0.00003064,392.00000000,1
1531213774188,1531213774185,1377837,0.00003064,350.00000000,1
1531213777187,1531213777184,1377838,0.00003065,16.00000000,0
1531213777239,1531213777236,1377839,0.00003065,8.00000000,0
1531213777325,1531213777320,1377840,0.00003065,26.00000000,0
1531213777406,1531213777400,1377841,0.00003065,11.00000000,0
1531213777449,1531213777444,1377842,0.00003065,9.00000000,0
1531213777550,1531213777546,1377843,0.00003065,7.00000000,0
1531213777741,1531213777735,1377844,0.00003065,14.00000000,0
1531213814816,1531213814810,1377845,0.00003065,2.00000000,0
1531213816104,1531213816098,1377846,0.00003065,54.00000000,0
1531213816104,1531213816098,1377847,0.00003067,198.00000000,0
1531213816104,1531213816098,1377848,0.00003071,586.00000000,0
1531213816104,1531213816098,1377849,0.00003076,467.00000000,0
1531213842906,1531213842901,1377850,0.00003075,4.00000000,0
1531213843130,1531213843126,1377851,0.00003065,220.00000000,1
1531213843334,1531213843329,1377852,0.00003065,4.00000000,1
1531213843334,1531213843329,1377853,0.00003064,1144.00000000,1
1531213988932,1531213988928,1377854,0.00003072,224.00000000,0
1531213988932,1531213988928,1377855,0.00003073,647.00000000,0
1531213988932,1531213988928,1377856,0.00003075,61.00000000,0
1531214004237,1531214004231,1377857,0.00003073,324.00000000,0
1531214004237,1531214004231,1377858,0.00003075,652.00000000,0
1531214031327,1531214031323,1377859,0.00003075,16.00000000,0
1531214097251,1531214097247,1377860,0.00003075,13.00000000,0
1531214107942,1531214107938,1377861,0.00003067,60.00000000,1
1531214133269,1531214133264,1377862,0.00003075,5.00000000,0
1531214157282,1531214157276,1377863,0.00003076,2.00000000,0
1531214218679,1531214218673,1377864,0.00003075,523.00000000,0
1531214243871,1531214243868,1377865,0.00003075,254.00000000,0
1531214382744,1531214382739,1377866,0.00003070,254.00000000,1
1531214394422,1531214394418,1377867,0.00003070,657.00000000,1
1531214400286,1531214400283,1377868,0.00003070,2089.00000000,1
1531214400341,1531214400337,1377869,0.00003070,208.00000000,0
1531214400654,1531214400650,1377870,0.00003070,694.00000000,0
1531214404276,1531214404272,1377871,0.00003075,15.00000000,0
1531214441956,1531214441951,1377872,0.00003075,545.00000000,0
1531214451917,1531214451913,1377873,0.00003075,1.00000000,0
1531214458325,1531214458320,1377874,0.00003075,1793.00000000,0
1531214458325,1531214458320,1377875,0.00003076,147.00000000,0
1531214458325,1531214458320,1377876,0.00003084,1060.00000000,0
1531214480099,1531214480095,1377877,0.00003083,186.00000000,0
1531214480099,1531214480095,1377878,0.00003088,138.00000000,0
1531214480649,1531214480644,1377879,0.00003072,207.00000000,1
1531214480649,1531214480644,1377880,0.00003071,148.00000000,1
1531214488976,1531214488971,1377881,0.00003087,197.00000000,0
1531214501697,1531214501692,1377882,0.00003075,10.00000000,1
1531214526461,1531214526458,1377883,0.00003078,207.00000000,1
1531214526461,1531214526458,1377884,0.00003077,8.00000000,1
1531214531972,1531214531968,1377885,0.00003077,198.00000000,1
1531214539521,1531214539515,1377886,0.00003077,627.00000000,1
1531214539552,1531214539548,1377887,0.00003077,1.00000000,1
1531214540175,1531214540171,1377888,0.00003086,1.00000000,0
1531214543641,1531214543638,1377889,0.00003077,472.00000000,1
1531214558388,1531214558385,1377890,0.00003077,378.00000000,1
1531214561088,1531214561084,1377891,0.00003077,104.00000000,0
1531214572069,1531214572065,1377892,0.00003078,5066.00000000,1
1531214572192,1531214572189,1377893,0.00003078,2145.00000000,1
1531214572212,1531214572207,1377894,0.00003078,3021.00000000,1
1531214572304,1531214572300,1377895,0.00003078,371.00000000,1
1531214573197,1531214573194,1377896,0.00003078,2847.00000000,1
1531214580040,1531214580037,1377897,0.00003077,9812.00000000,1
1531214582767,1531214582763,1377898,0.00003082,126.00000000,0
1531214601834,1531214601831,1377899,0.00003077,1786.00000000,1
1531214642995,1531214642991,1377900,0.00003082,80.00000000,0
1531214688167,1531214688162,1377901,0.00003087,148.00000000,0
1531214688192,1531214688189,1377902,0.00003087,390.00000000,1
1531214688992,1531214688989,1377903,0.00003087,80.00000000,1
1531214691844,1531214691840,1377904,0.00003087,14.00000000,1
1531214692535,1531214692531,1377905,0.00003087,7.00000000,1
1531214693219,1531214693216,1377906,0.00003087,9.00000000,1
1531214693680,1531214693677,1377907,0.00003087,16.00000000,1
1531214694335,1531214694332,1377908,0.00003087,8.00000000,1
1531214695154,1531214695150,1377909,0.00003087,26.00000000,1
1531214695273,1531214695267,1377910,0.00003087,11.00000000,1
1531214717739,1531214717734,1377911,0.00003087,744.00000000,1
1531214728468,1531214728464,1377912,0.00003087,161.00000000,1
1531214754341,1531214754338,1377913,0.00003088,206.00000000,0
1531214756747,1531214756742,1377914,0.00003091,1.00000000,0
1531214763990,1531214763987,1377915,0.00003091,198.00000000,0
1531214786876,1531214786873,1377916,0.00003091,190.00000000,0
1531214789684,1531214789681,1377917,0.00003091,8.00000000,1
1531214794823,1531214794819,1377918,0.00003092,248.00000000,0
1531214797502,1531214797498,1377919,0.00003092,3324.00000000,0
1531214801443,1531214801439,1377920,0.00003092,153.00000000,0
1531214819926,1531214819921,1377921,0.00003092,5711.00000000,0
1531214819959,1531214819955,1377922,0.00003092,2592.00000000,1
1531214903593,1531214903588,1377923,0.00003088,10.00000000,1
1531214922017,1531214922013,1377924,0.00003088,198.00000000,1
1531214927063,1531214927058,1377925,0.00003088,353.00000000,1
1531214931910,1531214931906,1377926,0.00003092,2805.00000000,0
1531214992031,1531214992028,1377927,0.00003094,198.00000000,0
1531215046660,1531215046656,1377928,0.00003094,9308.00000000,0
1531215054489,1531215054485,1377929,0.00003094,178.00000000,0
1531215075884,1531215075879,1377930,0.00003088,7.00000000,1
1531215102581,1531215102578,1377931,0.00003088,49.00000000,1
1531215112898,1531215112895,1377932,0.00003089,1148.00000000,1
1531215112913,1531215112910,1377933,0.00003089,162.00000000,0
1531215112924,1531215112920,1377934,0.00003089,162.00000000,0
1531215112925,1531215112920,1377935,0.00003089,2197.00000000,0
1531215203801,1531215203797,1377936,0.00003088,2.00000000,1
1531215218027,1531215218023,1377937,0.00003088,198.00000000,1
1531215230900,1531215230896,1377938,0.00003088,596.00000000,1
1531215287596,1531215287591,1377939,0.00003083,56.00000000,1
1531215291942,1531215291939,1377940,0.00003083,38.00000000,1
1531215312549,1531215312543,1377941,0.00003083,2.00000000,1
1531215337522,1531215337517,1377942,0.00003088,74.00000000,0
1531215337818,1531215337814,1377943,0.00003088,757.00000000,0
1531215345642,1531215345638,1377944,0.00003083,163.00000000,1
1531215345642,1531215345638,1377945,0.00003080,1084.00000000,1
1531215345642,1531215345638,1377946,0.00003078,2097.00000000,1
1531215345659,1531215345655,1377947,0.00003078,4143.00000000,0
1531215381073,1531215381069,1377948,0.00003081,4.00000000,1
1531215384658,1531215384654,1377949,0.00003088,111.00000000,0
1531215384689,1531215384684,1377950,0.00003089,140.00000000,1
1531215514904,1531215514899,1377951,0.00003080,50.00000000,1
1531215515193,1531215515189,1377952,0.00003080,770.00000000,0
1531215516054,1531215516050,1377953,0.00003080,198.00000000,0
1531215539740,1531215539736,1377954,0.00003077,85.00000000,1
1531215567566,1531215567561,1377955,0.00003077,86.00000000,1
1531215584381,1531215584377,1377956,0.00003077,417.00000000,1
1531215584772,1531215584768,1377957,0.00003074,65.00000000,1
1531215584826,1531215584823,1377958,0.00003080,70.00000000,0
1531215585155,1531215585150,1377959,0.00003072,260.00000000,1
1531215585788,1531215585784,1377960,0.00003069,65.00000000,1
1531215586137,1531215586131,1377961,0.00003067,49.00000000,1
1531215586487,1531215586484,1377962,0.00003065,1143.00000000,1
1531215586487,1531215586484,1377963,0.00003063,839.00000000,1
1531215586817,1531215586813,1377964,0.00003057,1154.00000000,1
1531215586817,1531215586813,1377965,0.00003055,33.00000000,1
1531215586817,1531215586813,1377966,0.00003054,3000.00000000,1
1531215587214,1531215587192,1377967,0.00003063,10702.00000000,1
1531215587214,1531215587192,1377968,0.00003059,1307.00000000,1
1531215587214,1531215587192,1377969,0.00003051,975.00000000,1
1531215587608,1531215587604,1377970,0.00003064,1269.00000000,1
1531215588030,1531215588026,1377971,0.00003065,211.00000000,1
1531215588030,1531215588026,1377972,0.00003053,1154.00000000,1
1531215588397,1531215588394,1377973,0.00003051,163.00000000,1
1531215588747,1531215588744,1377974,0.00003053,1415.00000000,1
1531215589093,1531215589088,1377975,0.00003052,165.00000000,1
1531215589479,1531215589474,1377976,0.00003052,1154.00000000,1
1531215589479,1531215589474,1377977,0.00003050,782.00000000,1
1531215589820,1531215589815,1377978,0.00003053,531.00000000,1
1531215589820,1531215589815,1377979,0.00003052,509.00000000,1
1531215600627,1531215600623,1377980,0.00003058,261.00000000,1
1531215600627,1531215600623,1377981,0.00003054,1148.00000000,1
1531215600637,1531215600634,1377982,0.00003050,9455.00000000,0
1531215600662,1531215600658,1377983,0.00003050,9393.00000000,0
1531215600699,1531215600685,1377984,0.00003050,166.00000000,0
1531215600762,1531215600758,1377985,0.00003050,166.00000000,0
1531215601056,1531215601053,1377986,0.00003050,166.00000000,0
1531215601455,1531215601451,1377987,0.00003049,81.00000000,1
1531215602188,1531215602183,1377988,0.00003049,40.00000000,0
1531215602188,1531215602183,1377989,0.00003050,4987.00000000,0
1531215603211,1531215603185,1377990,0.00003050,907.00000000,0
1531215604687,1531215604684,1377991,0.00003048,460.00000000,0
1531215605584,1531215605579,1377992,0.00003048,123.00000000,0
1531215605584,1531215605579,1377993,0.00003049,165.00000000,0
1531215605584,1531215605579,1377994,0.00003050,591.00000000,0
1531215610005,1531215610001,1377995,0.00003047,211.00000000,0
1531215610005,1531215610001,1377996,0.00003048,72.00000000,0
1531215612090,1531215612087,1377997,0.00003048,24.00000000,0
1531215616440,1531215616436,1377998,0.00003054,187.00000000,0
1531215627673,1531215627668,1377999,0.00003050,8003.00000000,0
1531215627673,1531215627668,1378000,0.00003054,74.00000000,0
1531215627673,1531215627668,1378001,0.00003058,9393.00000000,0
1531215627819,1531215627815,1378002,0.00003059,208.00000000,1
1531215627907,1531215627903,1378003,0.00003059,139.00000000,1
1531215627912,1531215627909,1378004,0.00003059,1148.00000000,1
1531215628113,1531215628109,1378005,0.00003080,1148.00000000,0
1531215628185,1531215628182,1378006,0.00003059,139.00000000,1
1531215628318,1531215628315,1378007,0.00003059,312.00000000,1
1531215631039,1531215631036,1378008,0.00003063,260.00000000,1
1531215631039,1531215631036,1378009,0.00003060,1033.00000000,1
1531215631039,1531215631036,1378010,0.00003059,4322.00000000,1
1531215633997,1531215633993,1378011,0.00003058,81.00000000,1
1531215636807,1531215636802,1378012,0.00003058,933.00000000,1
1531215648438,1531215648432,1378013,0.00003058,907.00000000,1
1531215649566,1531215649563,1378014,0.00003058,166.00000000,1
1531215651285,1531215651280,1378015,0.00003059,11.00000000,0
1531215652009,1531215652003,1378016,0.00003059,8.00000000,0
1531215652302,1531215652299,1378017,0.00003059,26.00000000,0
1531215652480,1531215652476,1378018,0.00003059,16.00000000,0
1531215653238,1531215653234,1378019,0.00003059,9.00000000,0
1531215653866,1531215653862,1378020,0.00003059,7.00000000,0
1531215655111,1531215655107,1378021,0.00003059,14.00000000,0
1531215655415,1531215655411,1378022,0.00003059,9.00000000,0
1531215656163,1531215656160,1378023,0.00003059,89.00000000,0
1531215656486,1531215656481,1378024,0.00003059,7.00000000,0
1531215656784,1531215656778,1378025,0.00003059,16.00000000,0
1531215657085,1531215657080,1378026,0.00003059,7.00000000,0
1531215657273,1531215657269,1378027,0.00003059,7.00000000,0
1531215657965,1531215657961,1378028,0.00003059,12.00000000,0
1531215668018,1531215668015,1378029,0.00003058,68.00000000,1
1531215669098,1531215669094,1378030,0.00003059,248.00000000,0
1531215675589,1531215675585,1378031,0.00003059,49.00000000,0
1531215695122,1531215695119,1378032,0.00003058,399.00000000,1
1531215717509,1531215717505,1378033,0.00003058,55.00000000,1
1531215751079,1531215751076,1378034,0.00003059,246.00000000,0
1531215762536,1531215762531,1378035,0.00003059,866.00000000,0
1531215832629,1531215832625,1378036,0.00003062,1670.00000000,1
1531215849804,1531215849801,1378037,0.00003061,59.00000000,0
1531215912523,1531215912517,1378038,0.00003060,543.00000000,1
1531215919097,1531215919093,1378039,0.00003060,198.00000000,1
1531215943198,1531215943195,1378040,0.00003060,1170.00000000,1
1531215999583,1531215999578,1378041,0.00003060,820.00000000,1
1531216004178,1531216004172,1378042,0.00003059,62.00000000,1
1531216006195,1531216006190,1378043,0.00003059,265.00000000,1
1531216007346,1531216007342,1378044,0.00003060,20.00000000,0
1531216024778,1531216024774,1378045,0.00003060,107.00000000,0
1531216026055,1531216026051,1378046,0.00003059,62.00000000,1
1531216026069,1531216026064,1378047,0.00003059,36.00000000,1
1531216026069,1531216026064,1378048,0.00003058,172.00000000,1
1531216028099,1531216028096,1378049,0.00003058,62.00000000,1
1531216029120,1531216029116,1378050,0.00003060,2176.00000000,0
1531216031133,1531216031129,1378051,0.00003060,202.00000000,0
1531216039688,1531216039684,1378052,0.00003060,49.00000000,0
1531216043081,1531216043077,1378053,0.00003058,153.00000000,1
1531216047298,1531216047294,1378054,0.00003059,62.00000000,1
1531216067937,1531216067932,1378055,0.00003060,170.00000000,0
1531216068135,1531216068130,1378056,0.00003060,62.00000000,1
1531216085941,1531216085937,1378057,0.00003062,273.00000000,0
1531216094784,1531216094779,1378058,0.00003062,748.00000000,0
1531216094784,1531216094779,1378059,0.00003067,260.00000000,0
1531216094784,1531216094779,1378060,0.00003073,543.00000000,0
1531216094784,1531216094779,1378061,0.00003074,326.00000000,0
1531216094784,1531216094779,1378062,0.00003080,3220.00000000,0
1531216094784,1531216094779,1378063,0.00003081,142.00000000,0
1531216094784,1531216094779,1378064,0.00003086,1957.00000000,0
1531216094796,1531216094791,1378065,0.00003086,1043.00000000,0
1531216094817,1531216094813,1378066,0.00003090,65.00000000,0
1531216094817,1531216094813,1378067,0.00003091,376.00000000,0
1531216094817,1531216094813,1378068,0.00003093,301.00000000,0
1531216095193,1531216095189,1378069,0.00003093,250.00000000,0
1531216095589,1531216095585,1378070,0.00003092,1128.00000000,0
1531216096239,1531216096235,1378071,0.00003092,5294.00000000,0
1531216097113,1531216097109,1378072,0.00003086,202.00000000,1
1531216097188,1531216097183,1378073,0.00003092,1.00000000,0
1531216097188,1531216097183,1378074,0.00003093,258.00000000,0
1531216097509,1531216097504,1378075,0.00003086,800.00000000,1
1531216097510,1531216097505,1378076,0.00003094,38.00000000,0
1531216097697,1531216097693,1378077,0.00003088,800.00000000,1
1531216097718,1531216097714,1378078,0.00003094,2263.00000000,0
1531216099684,1531216099680,1378079,0.00003094,5306.00000000,0
1531216100327,1531216100323,1378080,0.00003094,158.00000000,0
1531216100685,1531216100680,1378081,0.00003094,5306.00000000,0
1531216103184,1531216103180,1378082,0.00003094,540.00000000,0
1531216106295,1531216106292,1378083,0.00003094,107.00000000,1
1531216106902,1531216106897,1378084,0.00003094,178.00000000,1
1531216106902,1531216106897,1378085,0.00003086,41.00000000,1
1531216106902,1531216106897,1378086,0.00003083,66.00000000,1
1531216115113,1531216115108,1378087,0.00003097,201.00000000,0
1531216121108,1531216121105,1378088,0.00003092,200.00000000,1
1531216124357,1531216124353,1378089,0.00003093,323.00000000,0
1531216131741,1531216131738,1378090,0.00003093,248.00000000,0
1531216132785,1531216132781,1378091,0.00003093,325.00000000,0
1531216136208,1531216136203,1378092,0.00003093,193.00000000,0
1531216146319,1531216146314,1378093,0.00003092,3.00000000,1
1531216146634,1531216146630,1378094,0.00003092,831.00000000,1
1531216146634,1531216146630,1378095,0.00003085,259.00000000,1
1531216146647,1531216146644,1378096,0.00003082,1492.00000000,0
1531216184968,1531216184964,1378097,0.00003093,1.00000000,0
1531216185730,1531216185725,1378098,0.00003094,75.00000000,0
1531216190932,1531216190927,1378099,0.00003092,59.00000000,1
1531216208004,1531216208000,1378100,0.00003093,1131.00000000,1
1531216213698,1531216213695,1378101,0.00003093,122.00000000,0
1531216248298,1531216248295,1378102,0.00003098,2555.00000000,0
1531216267041,1531216267037,1378103,0.00003098,393.00000000,1
1531216267041,1531216267037,1378104,0.00003088,1107.00000000,1
1531216267041,1531216267037,1378105,0.00003087,676.00000000,1
1531216270618,1531216270613,1378106,0.00003093,213.00000000,1
1531216270618,1531216270613,1378107,0.00003092,115.00000000,1
1531216275212,1531216275209,1378108,0.00003104,98.00000000,0
1531216281385,1531216281379,1378109,0.00003094,486.00000000,1
1531216281385,1531216281379,1378110,0.00003090,1306.00000000,1
1531216281385,1531216281379,1378111,0.00003080,177.00000000,1
1531216281385,1531216281379,1378112,0.00003079,975.00000000,1
1531216281385,1531216281379,1378113,0.00003077,3056.00000000,1
1531216300916,1531216300909,1378114,0.00003090,1306.00000000,1
1531216300916,1531216300909,1378115,0.00003081,975.00000000,1
1531216300916,1531216300909,1378116,0.00003077,979.00000000,1
1531216300916,1531216300909,1378117,0.00003073,98.00000000,1
1531216300916,1531216300909,1378118,0.00003070,5764.00000000,1
1531216300916,1531216300909,1378119,0.00003069,14178.00000000,1
1531216322129,1531216322125,1378120,0.00003087,1143.00000000,1
1531216322129,1531216322125,1378121,0.00003085,1622.00000000,1
1531216326231,1531216326227,1378122,0.00003087,162.00000000,1
1531216343477,1531216343472,1378123,0.00003085,109.00000000,1
1531216353119,1531216353115,1378124,0.00003092,158.00000000,0
1531216369263,1531216369259,1378125,0.00003082,49.00000000,1
1531216515063,1531216515060,1378126,0.00003099,148.00000000,0
1531216566609,1531216566604,1378127,0.00003083,11.00000000,1
1531216582326,1531216582322,1378128,0.00003085,16.00000000,1
1531216694613,1531216694608,1378129,0.00003087,16.00000000,1
1531216701764,1531216701759,1378130,0.00003086,259.00000000,1
1531216701778,1531216701773,1378131,0.00003086,2686.00000000,0
1531216803687,1531216803682,1378132,0.00003097,1006.00000000,0
1531216803689,1531216803682,1378133,0.00003097,216.00000000,0
1531216803689,1531216803682,1378134,0.00003098,258.00000000,0
1531216803689,1531216803682,1378135,0.00003099,562.00000000,0
1531216803689,1531216803682,1378136,0.00003100,1600.00000000,0
1531216803737,1531216803733,1378137,0.00003106,2575.00000000,0
1531216803737,1531216803733,1378138,0.00003107,61.00000000,0
1531216803818,1531216803813,1378139,0.00003097,2191.00000000,1
1531216803818,1531216803813,1378140,0.00003088,1143.00000000,1
1531216803818,1531216803813,1378141,0.00003086,273.00000000,1
1531216803818,1531216803813,1378142,0.00003085,424.00000000,1
1531216805829,1531216805824,1378143,0.00003107,211.00000000,0
1531216808681,1531216808678,1378144,0.00003106,257.00000000,0
1531216816157,1531216816152,1378145,0.00003102,248.00000000,1
1531216816164,1531216816160,1378146,0.00003102,158.00000000,1
1531216817641,1531216817635,1378147,0.00003102,12.00000000,1
1531216818280,1531216818277,1378148,0.00003102,246.00000000,1
1531216818315,1531216818312,1378149,0.00003102,7.00000000,1
1531216818632,1531216818627,1378150,0.00003102,9.00000000,1
1531216819096,1531216819090,1378151,0.00003102,7.00000000,1
1531216819580,1531216819575,1378152,0.00003102,16.00000000,1
1531216819605,1531216819601,1378153,0.00003102,273.00000000,1
1531216820089,1531216820084,1378154,0.00003102,7.00000000,1
1531216820680,1531216820676,1378155,0.00003102,89.00000000,1
1531216821422,1531216821418,1378156,0.00003102,14.00000000,1
1531216821870,1531216821864,1378157,0.00003102,7.00000000,1
1531216822494,1531216822490,1378158,0.00003102,9.00000000,1
1531216823048,1531216823044,1378159,0.00003102,16.00000000,1
1531216823407,1531216823403,1378160,0.00003109,13238.00000000,0
1531216823790,1531216823787,1378161,0.00003109,1747.00000000,0
1531216823823,1531216823819,1378162,0.00003102,8.00000000,1
1531216824186,1531216824182,1378163,0.00003102,6.00000000,1
1531216824186,1531216824182,1378164,0.00003099,20.00000000,1
1531216824683,1531216824679,1378165,0.00003101,11.00000000,1
1531216834828,1531216834824,1378166,0.00003101,3.00000000,1
1531216836008,1531216836003,1378167,0.00003108,1088.00000000,0
1531216841177,1531216841172,1378168,0.00003110,200.00000000,0
1531216862508,1531216862505,1378169,0.00003102,698.00000000,1
1531216893606,1531216893602,1378170,0.00003110,268.00000000,0
1531216984096,1531216984092,1378171,0.00003102,14.00000000,1
1531216998185,1531216998180,1378172,0.00003109,214.00000000,0
1531217048721,1531217048716,1378173,0.00003102,14.00000000,1
1531217131350,1531217131346,1378174,0.00003105,1306.00000000,1
1531217131365,1531217131361,1378175,0.00003102,227.00000000,0
1531217132611,1531217132606,1378176,0.00003104,1132.00000000,1
1531217132611,1531217132606,1378177,0.00003102,227.00000000,1
1531217132611,1531217132606,1378178,0.00003099,237.00000000,1
1531217132611,1531217132606,1378179,0.00003093,346.00000000,1
1531217167378,1531217167373,1378180,0.00003101,1132.00000000,1
1531217167378,1531217167373,1378181,0.00003097,1306.00000000,1
1531217167378,1531217167373,1378182,0.00003093,2654.00000000,1
1531217167390,1531217167386,1378183,0.00003093,7908.00000000,0
1531217176204,1531217176199,1378184,0.00003102,200.00000000,1
1531217185034,1531217185030,1378185,0.00003109,1.00000000,0
1531217185193,1531217185188,1378186,0.00003111,256.00000000,0
1531217187039,1531217187035,1378187,0.00003113,22.00000000,0
1531217196404,1531217196399,1378188,0.00003113,6857.00000000,0
1531217225216,1531217225211,1378189,0.00003113,200.00000000,0
1531217250608,1531217250603,1378190,0.00003104,13.00000000,1
1531217251753,1531217251749,1378191,0.00003113,182.00000000,0
1531217251753,1531217251749,1378192,0.00003116,289.00000000,0
1531217251753,1531217251749,1378193,0.00003120,3000.00000000,0
1531217251794,1531217251790,1378194,0.00003120,25.00000000,1
1531217251808,1531217251803,1378195,0.00003120,213.00000000,1
1531217251929,1531217251923,1378196,0.00003120,158.00000000,1
1531217254276,1531217254271,1378197,0.00003120,125.00000000,1
1531217265834,1531217265830,1378198,0.00003114,256.00000000,1
1531217265834,1531217265830,1378199,0.00003106,3327.00000000,1
1531217265834,1531217265830,1378200,0.00003104,5419.00000000,1
1531217304690,1531217304686,1378201,0.00003116,310.00000000,0
1531217362245,1531217362241,1378202,0.00003106,202.00000000,1
1531217382224,1531217382220,1378203,0.00003106,12.00000000,1
1531217428212,1531217428209,1378204,0.00003106,57.00000000,1
1531217429549,1531217429545,1378205,0.00003116,17.00000000,0
1531217429549,1531217429545,1378206,0.00003117,143.00000000,0
1531217480079,1531217480076,1378207,0.00003107,4.00000000,1
1531217481402,1531217481397,1378208,0.00003105,4.00000000,1
1531217493323,1531217493319,1378209,0.00003111,185.00000000,0
1531217515590,1531217515584,1378210,0.00003111,1.00000000,0
1531217515590,1531217515584,1378211,0.00003117,113.00000000,0
1531217515590,1531217515584,1378212,0.00003119,4396.00000000,0
1531217528202,1531217528198,1378213,0.00003119,185.00000000,1
1531217533853,1531217533848,1378214,0.00003119,4.00000000,1
1531217534412,1531217534409,1378215,0.00003119,1.00000000,1
1531217559396,1531217559392,1378216,0.00003120,160.00000000,0
1531217562242,1531217562238,1378217,0.00003120,200.00000000,0
1531217569369,1531217569365,1378218,0.00003120,250.00000000,0
1531217594375,1531217594371,1378219,0.00003115,4202.00000000,1
1531217594517,1531217594513,1378220,0.00003115,474.00000000,1
1531217648938,1531217648934,1378221,0.00003114,30.00000000,1
1531217673756,1531217673753,1378222,0.00003114,226.00000000,1
1531217697807,1531217697804,1378223,0.00003107,148.00000000,1
1531217711000,1531217710995,1378224,0.00003107,49.00000000,1
1531217782630,1531217782626,1378225,0.00003114,206.00000000,0
1531217783399,1531217783395,1378226,0.00003114,202.00000000,0
1531217797223,1531217797218,1378227,0.00003114,556.00000000,0
1531217834178,1531217834173,1378228,0.00003105,1306.00000000,1
1531217834178,1531217834173,1378229,0.00003104,257.00000000,1
1531217834178,1531217834173,1378230,0.00003092,1898.00000000,1
1531217850627,1531217850623,1378231,0.00003102,205.00000000,1
1531217850643,1531217850639,1378232,0.00003102,105.00000000,0
1531217918041,1531217918035,1378233,0.00003102,12.00000000,1
1531217926056,1531217926048,1378234,0.00003102,3425.00000000,0
1531217940307,1531217940303,1378235,0.00003100,1306.00000000,1
1531217940322,1531217940318,1378236,0.00003100,1694.00000000,0
1531217940344,1531217940338,1378237,0.00003109,357.00000000,0
1531217940344,1531217940338,1378238,0.00003112,256.00000000,0
1531217940344,1531217940338,1378239,0.00003116,1081.00000000,0
1531217951961,1531217951958,1378240,0.00003109,160.00000000,1
1531217953250,1531217953246,1378241,0.00003104,200.00000000,1
1531217957255,1531217957251,1378242,0.00003105,38.00000000,0
1531217957302,1531217957298,1378243,0.00003106,160.00000000,0
1531217988670,1531217988666,1378244,0.00003102,2.00000000,1
1531218007828,1531218007824,1378245,0.00003101,122.00000000,1
1531218008722,1531218008718,1378246,0.00003101,135.00000000,1
1531218008722,1531218008718,1378247,0.00003100,1.00000000,1
1531218024275,1531218024271,1378248,0.00003100,197.00000000,1
1531218059946,1531218059940,1378249,0.00003099,140.00000000,0
1531218059946,1531218059940,1378250,0.00003102,119.00000000,0
1531218098581,1531218098576,1378251,0.00003088,1849.00000000,1
1531218098699,1531218098695,1378252,0.00003087,258.00000000,1
1531218099388,1531218099384,1378253,0.00003082,100.00000000,1
1531218099516,1531218099513,1378254,0.00003077,49.00000000,1
1531218120264,1531218120260,1378255,0.00003077,445.00000000,1
1531218151104,1531218151099,1378256,0.00003077,4.00000000,1
1531218151842,1531218151839,1378257,0.00003077,185.00000000,1
1531218168483,1531218168479,1378258,0.00003084,2000.00000000,1
1531218192918,1531218192912,1378259,0.00003084,49.00000000,1
1531218203657,1531218203650,1378260,0.00003084,9.00000000,1
1531218225114,1531218225110,1378261,0.00003084,1260.00000000,1
1531218266479,1531218266475,1378262,0.00003084,2292.00000000,1
1531218266494,1531218266491,1378263,0.00003077,517.00000000,1
1531218266494,1531218266491,1378264,0.00003072,511.00000000,1
1531218266494,1531218266491,1378265,0.00003071,195.00000000,1
1531218266494,1531218266491,1378266,0.00003070,123.00000000,1
1531218266494,1531218266491,1378267,0.00003068,946.00000000,1
1531218266578,1531218266573,1378268,0.00003068,1306.00000000,1
1531218266965,1531218266957,1378269,0.00003082,219.00000000,0
1531218270728,1531218270723,1378270,0.00003068,748.00000000,1
1531218293605,1531218293601,1378271,0.00003063,393.00000000,1
1531218301392,1531218301386,1378272,0.00003063,1.00000000,1
1531218339387,1531218339383,1378273,0.00003063,3000.00000000,1
1531218347384,1531218347380,1378274,0.00003063,856.00000000,1
1531218360528,1531218360523,1378275,0.00003063,2.00000000,1
1531218369189,1531218369182,1378276,0.00003063,17.00000000,1
1531218369189,1531218369182,1378277,0.00003062,625.00000000,1
1531218393337,1531218393332,1378278,0.00003076,202.00000000,0
1531218394089,1531218394084,1378279,0.00003076,101.00000000,0
1531218396164,1531218396160,1378280,0.00003076,84.00000000,0
1531218398077,1531218398073,1378281,0.00003076,121.00000000,0
1531218405394,1531218405388,1378282,0.00003076,200.00000000,1
1531218406594,1531218406589,1378283,0.00003076,24.00000000,1
1531218406722,1531218406717,1378284,0.00003076,41.00000000,0
1531218431089,1531218431084,1378285,0.00003070,481.00000000,1
1531218436914,1531218436910,1378286,0.00003070,2519.00000000,1
1531218436927,1531218436921,1378287,0.00003070,3333.00000000,0
1531218437243,1531218437241,1378288,0.00003076,1988.00000000,0
1531218443456,1531218443450,1378289,0.00003076,5.00000000,0
1531218464339,1531218464335,1378290,0.00003076,202.00000000,1
1531218479417,1531218479412,1378291,0.00003067,10.00000000,1
1531218486727,1531218486723,1378292,0.00003081,8.00000000,0
1531218486790,1531218486786,1378293,0.00003081,16.00000000,0
1531218486845,1531218486840,1378294,0.00003081,9.00000000,0
1531218486907,1531218486902,1378295,0.00003081,7.00000000,0
1531218486959,1531218486954,1378296,0.00003081,14.00000000,0
1531218487151,1531218487145,1378297,0.00003081,25.00000000,0
1531218487151,1531218487145,1378298,0.00003082,64.00000000,0
1531218487180,1531218487175,1378299,0.00003082,7.00000000,0
1531218487260,1531218487256,1378300,0.00003082,16.00000000,0
1531218487319,1531218487313,1378301,0.00003082,7.00000000,0
1531218487501,1531218487496,1378302,0.00003082,9.00000000,0
1531218505897,1531218505893,1378303,0.00003082,3843.00000000,0
1531218512373,1531218512368,1378304,0.00003082,638.00000000,0
1531218512373,1531218512368,1378305,0.00003091,123.00000000,0
1531218512373,1531218512368,1378306,0.00003106,206.00000000,0
1531218512373,1531218512368,1378307,0.00003107,40.00000000,0
1531218512373,1531218512368,1378308,0.00003108,1117.00000000,0
1531218617584,1531218617579,1378309,0.00003082,9.00000000,1
1531218643050,1531218643045,1378310,0.00003082,688.00000000,1
1531218643050,1531218643045,1378311,0.00003070,4520.00000000,1
1531218643050,1531218643045,1378312,0.00003069,264.00000000,1
1531218643050,1531218643045,1378313,0.00003068,200.00000000,1
1531218643050,1531218643045,1378314,0.00003062,5097.00000000,1
1531218654748,1531218654744,1378315,0.00003075,9.00000000,0
1531218658361,1531218658356,1378316,0.00003074,202.00000000,0
1531218684267,1531218684260,1378317,0.00003073,4965.00000000,0
1531218684267,1531218684260,1378318,0.00003078,259.00000000,0
1531218684267,1531218684260,1378319,0.00003082,200.00000000,0
1531218684267,1531218684260,1378320,0.00003083,264.00000000,0
1531218684267,1531218684260,1378321,0.00003090,3000.00000000,0
1531218684267,1531218684260,1378322,0.00003098,3292.00000000,0
1531218684267,1531218684260,1378323,0.00003103,975.00000000,0
1531218684267,1531218684260,1378324,0.00003108,9762.00000000,0
1531218684378,1531218684374,1378325,0.00003108,115.00000000,0
1531218684378,1531218684374,1378326,0.00003112,968.00000000,0
1531218684689,1531218684684,1378327,0.00003088,200.00000000,1
1531218684816,1531218684808,1378328,0.00003108,19.00000000,0
1531218685246,1531218685240,1378329,0.00003108,431.00000000,0
1531218685246,1531218685240,1378330,0.00003110,263.00000000,0
1531218685246,1531218685240,1378331,0.00003112,612.00000000,0
1531218685991,1531218685988,1378332,0.00003091,258.00000000,1
1531218686120,1531218686116,1378333,0.00003088,200.00000000,1
1531218686120,1531218686116,1378334,0.00003087,260.00000000,1
1531218706368,1531218706363,1378335,0.00003091,201.00000000,1
1531218722805,1531218722799,1378336,0.00003091,82.00000000,1
1531218736993,1531218736990,1378337,0.00003091,46.00000000,0
1531218738353,1531218738350,1378338,0.00003091,345.00000000,1
1531218739980,1531218739976,1378339,0.00003091,101.00000000,1
1531218743210,1531218743206,1378340,0.00003091,84.00000000,1
1531218744326,1531218744321,1378341,0.00003091,1.00000000,1
1531218756871,1531218756867,1378342,0.00003096,1443.00000000,0
1531218797779,1531218797771,1378343,0.00003100,1287.00000000,0
1531218797779,1531218797771,1378344,0.00003104,257.00000000,0
1531218797779,1531218797771,1378345,0.00003107,263.00000000,0
1531218797779,1531218797771,1378346,0.00003112,1786.00000000,0
1531218797779,1531218797771,1378347,0.00003120,14058.00000000,0
1531218797808,1531218797804,1378348,0.00003120,6828.00000000,1
1531218797810,1531218797806,1378349,0.00003120,514.00000000,1
1531218797863,1531218797858,1378350,0.00003120,208.00000000,1
1531218797870,1531218797865,1378351,0.00003120,258.00000000,1
1531218797904,1531218797899,1378352,0.00003120,1306.00000000,1
1531218798006,1531218798001,1378353,0.00003120,1084.00000000,1
1531218798208,1531218798204,1378354,0.00003120,2981.00000000,1
1531218798279,1531218798274,1378355,0.00003121,1306.00000000,0
1531218798771,1531218798767,1378356,0.00003121,1084.00000000,0
1531218798803,1531218798798,1378357,0.00003120,202.00000000,1
1531218798868,1531218798864,1378358,0.00003120,168.00000000,1
1531218800005,1531218800000,1378359,0.00003120,1282.00000000,1
1531218804267,1531218804262,1378360,0.00003121,10101.00000000,0
1531218804267,1531218804262,1378361,0.00003122,4910.00000000,0
1531218804267,1531218804262,1378362,0.00003123,196.00000000,0
1531218804267,1531218804262,1378363,0.00003125,1541.00000000,0
1531218806935,1531218806930,1378364,0.00003106,9.00000000,1
1531218807300,1531218807295,1378365,0.00003106,7.00000000,1
1531218807759,1531218807755,1378366,0.00003106,16.00000000,1
1531218808239,1531218808233,1378367,0.00003105,7.00000000,1
1531218808717,1531218808712,1378368,0.00003105,89.00000000,1
1531218808977,1531218808972,1378369,0.00003106,32.00000000,1
1531218809369,1531218809363,1378370,0.00003125,59.00000000,0
1531218809369,1531218809363,1378371,0.00003126,139.00000000,0
1531218809384,1531218809379,1378372,0.00003107,14.00000000,1
1531218809867,1531218809862,1378373,0.00003107,7.00000000,1
1531218810430,1531218810427,1378374,0.00003107,9.00000000,1
1531218811160,1531218811155,1378375,0.00003107,16.00000000,1
1531218811983,1531218811979,1378376,0.00003108,8.00000000,1
1531218813649,1531218813640,1378377,0.00003125,96.00000000,0
1531218813649,1531218813640,1378378,0.00003126,53.00000000,0
1531218813649,1531218813640,1378379,0.00003127,267.00000000,0
1531218813649,1531218813640,1378380,0.00003128,3000.00000000,0
1531218813649,1531218813640,1378381,0.00003129,1438.00000000,0
1531218813649,1531218813640,1378382,0.00003130,55.00000000,0
1531218813649,1531218813640,1378383,0.00003136,47.00000000,0
1531218813649,1531218813640,1378384,0.00003137,169.00000000,0
1531218813649,1531218813640,1378385,0.00003139,975.00000000,0
1531218813649,1531218813640,1378386,0.00003143,85.00000000,0
1531218813649,1531218813640,1378387,0.00003147,1200.00000000,0
1531218813649,1531218813640,1378388,0.00003149,81.00000000,0
1531218813649,1531218813640,1378389,0.00003163,66.00000000,0
1531218813649,1531218813640,1378390,0.00003167,170.00000000,0
1531218813649,1531218813640,1378391,0.00003180,4913.00000000,0
1531218814006,1531218814002,1378392,0.00003125,38.00000000,1
1531218815314,1531218815309,1378393,0.00003126,32.00000000,0
1531218815314,1531218815309,1378394,0.00003127,31.00000000,0
1531218815611,1531218815605,1378395,0.00003127,63.00000000,0
1531218815789,1531218815783,1378396,0.00003127,202.00000000,0
1531218817741,1531218817737,1378397,0.00003126,242.00000000,1
1531218817741,1531218817737,1378398,0.00003126,242.00000000,1
1531218817751,1531218817746,1378399,0.00003126,2633.00000000,1
1531218817768,1531218817764,1378400,0.00003126,208.00000000,1
1531218817861,1531218817857,1378401,0.00003126,163.00000000,1
1531218818077,1531218818073,1378402,0.00003126,1846.00000000,1
1531218819131,1531218819127,1378403,0.00003122,6.00000000,1
1531218819438,1531218819436,1378404,0.00003122,18.00000000,1
1531218822709,1531218822704,1378405,0.00003127,5614.00000000,0
1531218836242,1531218836236,1378406,0.00003122,14.00000000,1
1531218840886,1531218840882,1378407,0.00003127,100.00000000,0
1531218841686,1531218841681,1378408,0.00003127,97.00000000,0
1531218857730,1531218857725,1378409,0.00003127,533.00000000,0
1531218863373,1531218863368,1378410,0.00003116,5.00000000,1
1531218865118,1531218865114,1378411,0.00003117,5.00000000,1
1531218883783,1531218883778,1378412,0.00003127,4650.00000000,0
1531218883861,1531218883856,1378413,0.00003127,466.00000000,1
1531218883981,1531218883976,1378414,0.00003127,467.00000000,1
1531218884223,1531218884215,1378415,0.00003128,2515.00000000,1
1531218884223,1531218884215,1378416,0.00003127,460.00000000,1
1531218884233,1531218884228,1378417,0.00003129,1090.00000000,1
1531218884233,1531218884228,1378418,0.00003127,1128.00000000,1
1531218886620,1531218886612,1378419,0.00003150,1098.00000000,0
1531218886620,1531218886612,1378420,0.00003151,2515.00000000,0
1531218886620,1531218886612,1378421,0.00003152,63.00000000,0
1531218886620,1531218886612,1378422,0.00003153,38.00000000,0
1531218886620,1531218886612,1378423,0.00003158,63.00000000,0
1531218886620,1531218886612,1378424,0.00003181,87.00000000,0
1531218886620,1531218886612,1378425,0.00003185,350.00000000,0
1531218886620,1531218886612,1378426,0.00003190,3557.00000000,0
1531218886620,1531218886612,1378427,0.00003193,97.00000000,0
1531218886620,1531218886612,1378428,0.00003194,500.00000000,0
1531218886620,1531218886612,1378429,0.00003195,41.00000000,0
1531218886620,1531218886612,1378430,0.00003197,79.00000000,0
1531218886620,1531218886612,1378431,0.00003199,80.00000000,0
1531218886620,1531218886612,1378432,0.00003200,391.00000000,0
1531218886620,1531218886612,1378433,0.00003203,393.00000000,0
1531218887895,1531218887890,1378434,0.00003143,4.00000000,1
1531218888114,1531218888109,1378435,0.00003147,38.00000000,0
1531218888127,1531218888122,1378436,0.00003163,118.00000000,1
1531218888152,1531218888148,1378437,0.00003144,483.00000000,1
1531218888725,1531218888720,1378438,0.00003175,127.00000000,1
1531218889089,1531218889084,1378439,0.00003170,118.00000000,1
1531218889715,1531218889710,1378440,0.00003163,156.00000000,1
1531218891850,1531218891845,1378441,0.00003155,947.00000000,1
1531218894060,1531218894054,1378442,0.00003157,746.00000000,1
1531218894060,1531218894054,1378443,0.00003156,225.00000000,1
1531218894060,1531218894054,1378444,0.00003155,140.00000000,1
1531218899517,1531218899513,1378445,0.00003160,162.00000000,1
1531218905749,1531218905743,1378446,0.00003160,34.00000000,1
1531218905749,1531218905743,1378447,0.00003156,230.00000000,1
1531218905749,1531218905743,1378448,0.00003155,104.00000000,1
1531218905749,1531218905743,1378449,0.00003154,232.00000000,1
1531218906477,1531218906474,1378450,0.00003154,276.00000000,1
1531218911240,1531218911233,1378451,0.00003144,258.00000000,1
1531218911240,1531218911233,1378452,0.00003143,76.00000000,1
1531218911240,1531218911233,1378453,0.00003142,174.00000000,1
1531218911240,1531218911233,1378454,0.00003140,105.00000000,1
1531218911240,1531218911233,1378455,0.00003139,129.00000000,1
1531218911240,1531218911233,1378456,0.00003138,143.00000000,1
1531218911240,1531218911233,1378457,0.00003136,518.00000000,1
1531218916453,1531218916449,1378458,0.00003133,162.00000000,1
1531218916453,1531218916449,1378459,0.00003132,158.00000000,1
1531218916453,1531218916449,1378460,0.00003127,1785.00000000,1
1531218917019,1531218917015,1378461,0.00003140,127.00000000,1
1531218917103,1531218917099,1378462,0.00003140,58.00000000,1
1531218917871,1531218917867,1378463,0.00003130,118.00000000,1
1531218919651,1531218919645,1378464,0.00003127,2030.00000000,1
1531218919651,1531218919645,1378465,0.00003125,76.00000000,1
1531218922540,1531218922534,1378466,0.00003140,97.00000000,0
1531218928177,1531218928166,1378467,0.00003140,328.00000000,0
1531218928177,1531218928166,1378468,0.00003152,645.00000000,0
1531218928177,1531218928166,1378469,0.00003153,301.00000000,0
1531218928177,1531218928166,1378470,0.00003154,143.00000000,0
1531218928177,1531218928166,1378471,0.00003155,158.00000000,0
1531218928177,1531218928166,1378472,0.00003158,303.00000000,0
1531218928177,1531218928166,1378473,0.00003160,75.00000000,0
1531218928177,1531218928166,1378474,0.00003162,105.00000000,0
1531218928177,1531218928166,1378475,0.00003163,268.00000000,0
1531218928177,1531218928166,1378476,0.00003165,80.00000000,0
1531218928177,1531218928166,1378477,0.00003169,196.00000000,0
1531218928177,1531218928166,1378478,0.00003175,33.00000000,0
1531218928177,1531218928166,1378479,0.00003183,703.00000000,0
1531218928177,1531218928166,1378480,0.00003184,156.00000000,0
1531218928177,1531218928166,1378481,0.00003188,156.00000000,0
1531218928177,1531218928166,1378482,0.00003192,508.00000000,0
1531218928177,1531218928166,1378483,0.00003204,2548.00000000,0
1531218928177,1531218928166,1378484,0.00003231,94.00000000,0
1531218928177,1531218928166,1378485,0.00003250,149.00000000,0
1531218928357,1531218928351,1378486,0.00003250,98.00000000,0
1531218928357,1531218928351,1378487,0.00003254,115.00000000,0
1531218928514,1531218928509,1378488,0.00003179,194.00000000,1
1531218928547,1531218928544,1378489,0.00003169,195.00000000,1
1531218929271,1531218929267,1378490,0.00003140,366.00000000,1
1531218930150,1531218930146,1378491,0.00003138,212.00000000,0
1531218931225,1531218931220,1378492,0.00003138,197.00000000,0
1531218931466,1531218931462,1378493,0.00003153,196.00000000,1
1531218934247,1531218934241,1378494,0.00003132,194.00000000,1
1531218937807,1531218937802,1378495,0.00003144,194.00000000,1
1531218939398,1531218939391,1378496,0.00003153,195.00000000,0
1531218939398,1531218939391,1378497,0.00003163,194.00000000,0
1531218939398,1531218939391,1378498,0.00003165,389.00000000,0
1531218939398,1531218939391,1378499,0.00003168,197.00000000,0
1531218939398,1531218939391,1378500,0.00003169,390.00000000,0
1531218939398,1531218939391,1378501,0.00003206,97.00000000,0
1531218939398,1531218939391,1378502,0.00003207,187.00000000,0
1531218939398,1531218939391,1378503,0.00003234,196.00000000,0
1531218939398,1531218939391,1378504,0.00003243,155.00000000,0
1531218941381,1531218941376,1378505,0.00003148,1.00000000,1
1531218941643,1531218941637,1378506,0.00003149,38.00000000,0
1531218941981,1531218941974,1378507,0.00003151,6.00000000,1
1531218942446,1531218942439,1378508,0.00003198,191.00000000,1
1531218942536,1531218942531,1378509,0.00003207,117.00000000,1
1531218942699,1531218942695,1378510,0.00003184,66.00000000,0
1531218942873,1531218942868,1378511,0.00003199,125.00000000,1
1531218942893,1531218942889,1378512,0.00003156,125.00000000,1
1531218942968,1531218942963,1378513,0.00003179,18.00000000,0
1531218943148,1531218943144,1378514,0.00003179,102.00000000,0
1531218944376,1531218944364,1378515,0.00003177,60.00000000,1
1531218944376,1531218944364,1378516,0.00003174,59.00000000,1
1531218944376,1531218944364,1378517,0.00003170,79.00000000,1
1531218944376,1531218944364,1378518,0.00003158,91.00000000,1
1531218944672,1531218944666,1378519,0.00003160,17.00000000,1
1531218944948,1531218944942,1378520,0.00003160,6.00000000,1
1531218949410,1531218949403,1378521,0.00003164,520.00000000,0
1531218950810,1531218950806,1378522,0.00003164,274.00000000,0
1531218951123,1531218951118,1378523,0.00003164,10.00000000,1
1531218951177,1531218951171,1378524,0.00003164,115.00000000,0
1531218951177,1531218951171,1378525,0.00003165,78.00000000,0
1531218951418,1531218951413,1378526,0.00003165,39.00000000,0
1531218952047,1531218952041,1378527,0.00003174,109.00000000,0
1531218952586,1531218952581,1378528,0.00003168,102.00000000,1
1531218956128,1531218956123,1378529,0.00003179,5.00000000,0
1531218956216,1531218956211,1378530,0.00003179,343.00000000,1
1531218956217,1531218956212,1378531,0.00003179,1448.00000000,1
1531218957385,1531218957380,1378532,0.00003179,88.00000000,1
1531218958387,1531218958381,1378533,0.00003184,84.00000000,0
1531218970198,1531218970191,1378534,0.00003186,59.00000000,0
1531218970198,1531218970191,1378535,0.00003190,60.00000000,0
1531218970198,1531218970191,1378536,0.00003202,39.00000000,0
1531218970198,1531218970191,1378537,0.00003211,1886.00000000,0
1531218970198,1531218970191,1378538,0.00003226,191.00000000,0
1531218970198,1531218970191,1378539,0.00003230,191.00000000,0
1531218970198,1531218970191,1378540,0.00003235,102.00000000,0
1531218970198,1531218970191,1378541,0.00003236,1241.00000000,0
1531218970198,1531218970191,1378542,0.00003240,847.00000000,0
1531218970844,1531218970840,1378543,0.00003188,18.00000000,0
1531218973835,1531218973830,1378544,0.00003171,110.00000000,1
1531218974131,1531218974126,1378545,0.00003171,17.00000000,1
1531218977055,1531218977050,1378546,0.00003174,75.00000000,0
1531218977105,1531218977101,1378547,0.00003178,353.00000000,1
1531218977151,1531218977146,1378548,0.00003178,353.00000000,1
1531218977221,1531218977216,1378549,0.00003178,471.00000000,1
1531218979563,1531218979559,1378550,0.00003181,209.00000000,1
1531218979713,1531218979687,1378551,0.00003181,220.00000000,1
1531218979884,1531218979878,1378552,0.00003181,50.00000000,0
1531218979940,1531218979935,1378553,0.00003190,65.00000000,1
1531218980301,1531218980295,1378554,0.00003191,248.00000000,1
1531218980317,1531218980312,1378555,0.00003191,248.00000000,1
1531218980351,1531218980346,1378556,0.00003191,1.00000000,1
1531218980529,1531218980524,1378557,0.00003191,92.00000000,0
1531218980677,1531218980672,1378558,0.00003191,138.00000000,1
1531218980894,1531218980892,1378559,0.00003199,42.00000000,1
1531218981006,1531218981001,1378560,0.00003204,29.00000000,1
1531218987877,1531218987872,1378561,0.00003197,115.00000000,1
1531218991244,1531218991239,1378562,0.00003195,62.00000000,0
1531218992407,1531218992401,1378563,0.00003188,93.00000000,1
1531218992437,1531218992432,1378564,0.00003187,103.00000000,1
1531218995377,1531218995372,1378565,0.00003190,254.00000000,0
1531218995742,1531218995738,1378566,0.00003178,13.00000000,1
1531218996388,1531218996382,1378567,0.00003190,66.00000000,0
1531218996388,1531218996382,1378568,0.00003191,128.00000000,0
1531218996963,1531218996957,1378569,0.00003189,229.00000000,0
1531218998270,1531218998267,1378570,0.00003184,1.00000000,1
1531219008221,1531219008217,1378571,0.00003186,181.00000000,1
1531219013228,1531219013212,1378572,0.00003184,68.00000000,1
1531219046869,1531219046864,1378573,0.00003183,194.00000000,0
1531219047857,1531219047850,1378574,0.00003183,107.00000000,0
1531219047857,1531219047850,1378575,0.00003184,104.00000000,0
1531219047857,1531219047850,1378576,0.00003193,181.00000000,0
1531219047857,1531219047850,1378577,0.00003198,222.00000000,0
1531219047857,1531219047850,1378578,0.00003221,42.00000000,0
1531219047857,1531219047850,1378579,0.00003222,115.00000000,0
1531219047857,1531219047850,1378580,0.00003224,255.00000000,0
1531219047857,1531219047850,1378581,0.00003239,589.00000000,0
1531219047857,1531219047850,1378582,0.00003240,836.00000000,0
1531219047857,1531219047850,1378583,0.00003246,583.00000000,0
1531219047857,1531219047850,1378584,0.00003249,366.00000000,0
1531219048284,1531219048281,1378585,0.00003208,18.00000000,0
1531219048882,1531219048877,1378586,0.00003199,284.00000000,1
1531219049387,1531219049382,1378587,0.00003201,17.00000000,1
1531219050404,1531219050398,1378588,0.00003201,10.00000000,1
1531219050446,1531219050442,1378589,0.00003201,6.00000000,1
1531219050638,1531219050633,1378590,0.00003201,11.00000000,1
1531219050845,1531219050838,1378591,0.00003201,182.00000000,1
1531219051205,1531219051200,1378592,0.00003201,25.00000000,1
1531219054150,1531219054145,1378593,0.00003202,13.00000000,1
1531219059260,1531219059257,1378594,0.00003205,370.00000000,1
1531219061859,1531219061853,1378595,0.00003206,190.00000000,1
1531219062179,1531219062174,1378596,0.00003206,7.00000000,1
1531219062210,1531219062206,1378597,0.00003206,15.00000000,1
1531219062254,1531219062249,1378598,0.00003206,8.00000000,1
1531219062307,1531219062302,1378599,0.00003206,13.00000000,1
1531219062373,1531219062367,1378600,0.00003206,88.00000000,1
1531219062402,1531219062398,1378601,0.00003206,6.00000000,1
1531219062511,1531219062506,1378602,0.00003206,15.00000000,1
1531219062591,1531219062586,1378603,0.00003206,6.00000000,1
1531219062622,1531219062619,1378604,0.00003206,8.00000000,1
1531219063277,1531219063272,1378605,0.00003204,6.00000000,1
1531219066040,1531219066036,1378606,0.00003204,176.00000000,1
1531219077777,1531219077772,1378607,0.00003207,191.00000000,1
1531219083346,1531219083340,1378608,0.00003207,172.00000000,1
1531219083725,1531219083720,1378609,0.00003207,562.00000000,1
1531219097924,1531219097920,1378610,0.00003204,102.00000000,1
1531219105753,1531219105748,1378611,0.00003205,1068.00000000,1
1531219108107,1531219108102,1378612,0.00003207,37.00000000,1
1531219116649,1531219116642,1378613,0.00003207,410.00000000,1
1531219124613,1531219124607,1378614,0.00003209,241.00000000,0
1531219125745,1531219125740,1378615,0.00003207,560.00000000,1
1531219127396,1531219127392,1378616,0.00003207,194.00000000,1
1531219131387,1531219131384,1378617,0.00003209,194.00000000,0
1531219140933,1531219140927,1378618,0.00003209,73.00000000,0
1531219144114,1531219144108,1378619,0.00003208,160.00000000,1
1531219145391,1531219145387,1378620,0.00003208,193.00000000,1
1531219158400,1531219158395,1378621,0.00003209,34.00000000,0
1531219158400,1531219158395,1378622,0.00003210,158.00000000,0
1531219159590,1531219159586,1378623,0.00003209,191.00000000,1
1531219163923,1531219163917,1378624,0.00003210,126.00000000,0
1531219196278,1531219196274,1378625,0.00003222,63.00000000,0
1531219196862,1531219196857,1378626,0.00003222,92.00000000,1
1531219196862,1531219196857,1378627,0.00003211,433.00000000,1
1531219196883,1531219196877,1378628,0.00003211,201.00000000,0
1531219197180,1531219197175,1378629,0.00003211,1354.00000000,0
1531219197283,1531219197278,1378630,0.00003211,202.00000000,0
1531219205906,1531219205901,1378631,0.00003211,350.00000000,0
1531219207209,1531219207205,1378632,0.00003211,133.00000000,0
1531219207933,1531219207928,1378633,0.00003211,235.00000000,0
1531219209669,1531219209664,1378634,0.00003212,490.00000000,1
1531219253050,1531219253046,1378635,0.00003223,79.00000000,0
1531219253410,1531219253407,1378636,0.00003223,122.00000000,1
1531219263405,1531219263400,1378637,0.00003224,40.00000000,1
1531219268760,1531219268756,1378638,0.00003223,191.00000000,1
1531219285609,1531219285604,1378639,0.00003223,655.00000000,1
1531219289517,1531219289512,1378640,0.00003237,543.00000000,0
1531219289517,1531219289512,1378641,0.00003240,734.00000000,0
1531219289517,1531219289512,1378642,0.00003254,1120.00000000,0
1531219289517,1531219289512,1378643,0.00003259,100.00000000,0
1531219289517,1531219289512,1378644,0.00003260,56.00000000,0
1531219289917,1531219289912,1378645,0.00003260,18.00000000,0
1531219290188,1531219290184,1378646,0.00003232,42.00000000,1
1531219290940,1531219290935,1378647,0.00003225,1384.00000000,1
1531219290940,1531219290935,1378648,0.00003224,201.00000000,1
1531219290940,1531219290935,1378649,0.00003215,46.00000000,1
1531219312862,1531219312857,1378650,0.00003224,37.00000000,1
1531219315784,1531219315777,1378651,0.00003247,451.00000000,0
1531219315784,1531219315777,1378652,0.00003248,1384.00000000,0
1531219315784,1531219315777,1378653,0.00003250,42.00000000,0
1531219315784,1531219315777,1378654,0.00003260,445.00000000,0
1531219315784,1531219315777,1378655,0.00003265,112.00000000,0
1531219315784,1531219315777,1378656,0.00003268,255.00000000,0
1531219315784,1531219315777,1378657,0.00003285,73.00000000,0
1531219315784,1531219315777,1378658,0.00003289,350.00000000,0
1531219315784,1531219315777,1378659,0.00003290,290.00000000,0
1531219315784,1531219315777,1378660,0.00003298,52.00000000,0
1531219315784,1531219315777,1378661,0.00003299,279.00000000,0
1531219315784,1531219315777,1378662,0.00003300,87.00000000,0
1531219315998,1531219315994,1378663,0.00003228,185.00000000,1
1531219316091,1531219316084,1378664,0.00003228,740.00000000,1
1531219316091,1531219316084,1378665,0.00003225,93.00000000,1
1531219316091,1531219316084,1378666,0.00003224,154.00000000,1
1531219316091,1531219316084,1378667,0.00003221,171.00000000,1
1531219316091,1531219316084,1378668,0.00003220,13581.00000000,1
1531219316091,1531219316084,1378669,0.00003218,7335.00000000,1
1531219316300,1531219316296,1378670,0.00003216,17.00000000,1
1531219316497,1531219316495,1378671,0.00003253,47.00000000,0
1531219316508,1531219316502,1378672,0.00003253,31.00000000,1
1531219316601,1531219316596,1378673,0.00003253,15.00000000,0
1531219316601,1531219316596,1378674,0.00003254,167.00000000,0
1531219317346,1531219317341,1378675,0.00003252,48.00000000,1
1531219317692,1531219317687,1378676,0.00003253,60.00000000,0
1531219319409,1531219319404,1378677,0.00003229,17.00000000,1
1531219323793,1531219323788,1378678,0.00003231,160.00000000,1
1531219323793,1531219323788,1378679,0.00003230,77.00000000,1
1531219324932,1531219324928,1378680,0.00003231,111.00000000,1
1531219326853,1531219326848,1378681,0.00003247,77.00000000,0
1531219326853,1531219326848,1378682,0.00003248,17.00000000,0
1531219327090,1531219327086,1378683,0.00003248,47.00000000,0
1531219335456,1531219335451,1378684,0.00003242,92.00000000,0
1531219335466,1531219335462,1378685,0.00003242,4.00000000,0
1531219335505,1531219335501,1378686,0.00003243,128.00000000,0
1531219335505,1531219335501,1378687,0.00003248,349.00000000,0
1531219335547,1531219335530,1378688,0.00003250,593.00000000,0
1531219336234,1531219336229,1378689,0.00003243,111.00000000,1
1531219339590,1531219339586,1378690,0.00003243,21.00000000,1
1531219339590,1531219339586,1378691,0.00003242,170.00000000,1
1531219344738,1531219344734,1378692,0.00003244,39.00000000,1
1531219345627,1531219345620,1378693,0.00003244,234.00000000,1
1531219345627,1531219345620,1378694,0.00003242,690.00000000,1
1531219345627,1531219345620,1378695,0.00003222,2494.00000000,1
1531219345627,1531219345620,1378696,0.00003221,632.00000000,1
1531219345627,1531219345620,1378697,0.00003219,90.00000000,1
1531219345627,1531219345620,1378698,0.00003218,59.00000000,1
1531219345903,1531219345898,1378699,0.00003234,60.00000000,0
1531219352420,1531219352416,1378700,0.00003226,190.00000000,1
1531219354993,1531219354988,1378701,0.00003226,78.00000000,1
1531219375832,1531219375825,1378702,0.00003225,189.00000000,1
1531219382479,1531219382474,1378703,0.00003218,61.00000000,1
1531219382479,1531219382474,1378704,0.00003216,121.00000000,1
1531219382479,1531219382474,1378705,0.00003215,94.00000000,1
1531219382479,1531219382474,1378706,0.00003214,47.00000000,1
1531219387509,1531219387505,1378707,0.00003219,69.00000000,1
1531219392386,1531219392380,1378708,0.00003228,121.00000000,0
1531219392386,1531219392380,1378709,0.00003231,30.00000000,0
1531219394430,1531219394424,1378710,0.00003221,161.00000000,0
1531219394728,1531219394724,1378711,0.00003221,191.00000000,0
1531219400557,1531219400553,1378712,0.00003221,37.00000000,0
1531219405814,1531219405808,1378713,0.00003220,1000.00000000,1
1531219471984,1531219471980,1378714,0.00003220,1756.00000000,0
1531219535038,1531219535030,1378715,0.00003216,10.00000000,1
1531219553422,1531219553416,1378716,0.00003216,79.00000000,1
1531219553422,1531219553416,1378717,0.00003215,113.00000000,1
1531219588502,1531219588497,1378718,0.00003221,188.00000000,0
1531219605225,1531219605220,1378719,0.00003215,150.00000000,1
1531219608605,1531219608601,1378720,0.00003228,69.00000000,0
1531219608653,1531219608650,1378721,0.00003229,188.00000000,0
1531219608687,1531219608681,1378722,0.00003229,1.00000000,0
1531219608687,1531219608681,1378723,0.00003231,29.00000000,0
1531219608687,1531219608681,1378724,0.00003239,3000.00000000,0
1531219616396,1531219616388,1378725,0.00003232,1306.00000000,1
1531219616396,1531219616388,1378726,0.00003231,1090.00000000,1
1531219616396,1531219616388,1378727,0.00003229,567.00000000,1
1531219616396,1531219616388,1378728,0.00003218,1290.00000000,1
1531219643025,1531219643020,1378729,0.00003221,886.00000000,1
1531219645892,1531219645887,1378730,0.00003221,24.00000000,1
1531219645892,1531219645887,1378731,0.00003218,352.00000000,1
1531219653452,1531219653449,1378732,0.00003216,6.00000000,1
1531219654781,1531219654779,1378733,0.00003215,6.00000000,1
1531219664702,1531219664696,1378734,0.00003215,2745.00000000,1
1531219664702,1531219664696,1378735,0.00003214,942.00000000,1
1531219664702,1531219664696,1378736,0.00003213,1800.00000000,1
1531219664702,1531219664696,1378737,0.00003210,3474.00000000,1
1531219671419,1531219671414,1378738,0.00003214,191.00000000,0
1531219673376,1531219673370,1378739,0.00003210,188.00000000,1
1531219674838,1531219674832,1378740,0.00003210,324.00000000,1
1531219675777,1531219675771,1378741,0.00003210,317.00000000,1
1531219707051,1531219707046,1378742,0.00003210,6538.00000000,1
1531219707441,1531219707437,1378743,0.00003210,191.00000000,1
1531219714191,1531219714186,1378744,0.00003210,516.00000000,1
1531219714191,1531219714186,1378745,0.00003206,202.00000000,1
1531219714191,1531219714186,1378746,0.00003204,44.00000000,1
1531219714191,1531219714186,1378747,0.00003201,46.00000000,1
1531219714191,1531219714186,1378748,0.00003196,3000.00000000,1
1531219714241,1531219714236,1378749,0.00003196,180.00000000,0
1531219714901,1531219714896,1378750,0.00003191,268.00000000,1
1531219716549,1531219716541,1378751,0.00003193,185.00000000,1
1531219716871,1531219716867,1378752,0.00003199,60.00000000,0
1531219716884,1531219716878,1378753,0.00003204,249.00000000,0
1531219717953,1531219717949,1378754,0.00003195,185.00000000,0
1531219719358,1531219719352,1378755,0.00003193,185.00000000,1
1531219719394,1531219719389,1378756,0.00003195,185.00000000,0
1531219721101,1531219721096,1378757,0.00003196,250.00000000,1
1531219721101,1531219721096,1378758,0.00003194,74.00000000,1
1531219723015,1531219723010,1378759,0.00003202,37.00000000,0
1531219723015,1531219723010,1378760,0.00003204,212.00000000,0
1531219726778,1531219726774,1378761,0.00003194,2.00000000,1
1531219737892,1531219737890,1378762,0.00003203,74.00000000,0
1531219737892,1531219737890,1378763,0.00003204,37.00000000,0
1531219737892,1531219737890,1378764,0.00003218,201.00000000,0
1531219774565,1531219774560,1378765,0.00003199,249.00000000,1
1531219774606,1531219774600,1378766,0.00003187,48.00000000,1
1531219774981,1531219774975,1378767,0.00003187,200.00000000,0
1531219779037,1531219779032,1378768,0.00003183,38.00000000,1
1531219779087,1531219779083,1378769,0.00003183,10.00000000,0
1531219788232,1531219788223,1378770,0.00003173,194.00000000,1
1531219788232,1531219788223,1378771,0.00003165,126.00000000,1
1531219788232,1531219788223,1378772,0.00003164,789.00000000,1
1531219788232,1531219788223,1378773,0.00003163,157.00000000,1
1531219788232,1531219788223,1378774,0.00003157,40.00000000,1
1531219788232,1531219788223,1378775,0.00003156,47.00000000,1
1531219788232,1531219788223,1378776,0.00003154,522.00000000,1
1531219788232,1531219788223,1378777,0.00003153,131.00000000,1
1531219788232,1531219788223,1378778,0.00003152,188.00000000,1
1531219788232,1531219788223,1378779,0.00003151,94.00000000,1
1531219788232,1531219788223,1378780,0.00003150,206.00000000,1
1531219788232,1531219788223,1378781,0.00003150,897.00000000,1
1531219791838,1531219791833,1378782,0.00003164,22.00000000,0
1531219796544,1531219796540,1378783,0.00003160,43.00000000,1
1531219805255,1531219805250,1378784,0.00003160,192.00000000,1
1531219807439,1531219807434,1378785,0.00003160,5.00000000,1
1531219814644,1531219814639,1378786,0.00003160,120.00000000,1
1531219826007,1531219825991,1378787,0.00003160,866.00000000,1
1531219826007,1531219825991,1378788,0.00003158,588.00000000,1
1531219826007,1531219825991,1378789,0.00003152,539.00000000,1
1531219826007,1531219825991,1378790,0.00003151,37.00000000,1
1531219826007,1531219825991,1378791,0.00003150,148.00000000,1
1531219826007,1531219825991,1378792,0.00003144,160.00000000,1
1531219826007,1531219825991,1378793,0.00003142,158.00000000,1
1531219826007,1531219825991,1378794,0.00003136,44.00000000,1
1531219826007,1531219825991,1378795,0.00003134,123.00000000,1
1531219826007,1531219825991,1378796,0.00003130,119.00000000,1
1531219826007,1531219825991,1378797,0.00003129,117.00000000,1
1531219826007,1531219825991,1378798,0.00003128,139.00000000,1
1531219826007,1531219825991,1378799,0.00003126,7077.00000000,1
1531219826007,1531219825991,1378800,0.00003125,1305.00000000,1
1531219826007,1531219825991,1378801,0.00003124,1789.00000000,1
1531219826007,1531219825991,1378802,0.00003123,885.00000000,1
1531219826007,1531219825991,1378803,0.00003122,2728.00000000,1
1531219826007,1531219825991,1378804,0.00003121,547.00000000,1
1531219826007,1531219825991,1378805,0.00003120,430.00000000,1
1531219826050,1531219826046,1378806,0.00003119,398.00000000,1
1531219826050,1531219826046,1378807,0.00003118,190.00000000,1
1531219826057,1531219826053,1378808,0.00003118,1868.00000000,1
1531219827041,1531219827034,1378809,0.00003120,64.00000000,1
1531219827041,1531219827034,1378810,0.00003118,225.00000000,1
1531219827041,1531219827034,1378811,0.00003117,542.00000000,1
1531219828976,1531219828970,1378812,0.00003134,5.00000000,0
1531219829324,1531219829319,1378813,0.00003117,865.00000000,1
1531219830174,1531219830167,1378814,0.00003117,246.00000000,1
1531219832199,1531219832195,1378815,0.00003112,191.00000000,1
1531219832294,1531219832289,1378816,0.00003114,113.00000000,0
1531219832294,1531219832289,1378817,0.00003115,249.00000000,0
1531219832294,1531219832289,1378818,0.00003116,114.00000000,0
1531219832679,1531219832673,1378819,0.00003117,334.00000000,0
1531219832830,1531219832825,1378820,0.00003119,21.00000000,0
1531219833010,1531219833005,1378821,0.00003119,13.00000000,0
1531219833161,1531219833156,1378822,0.00003119,51.00000000,0
1531219833352,1531219833348,1378823,0.00003119,23.00000000,0
1531219833359,1531219833357,1378824,0.00003116,34.00000000,1
1531219833383,1531219833377,1378825,0.00003116,108.00000000,1
1531219833397,1531219833393,1378826,0.00003112,190.00000000,1
1531219834714,1531219834710,1378827,0.00003116,131.00000000,0
1531219834714,1531219834711,1378828,0.00003116,131.00000000,0
1531219834715,1531219834711,1378829,0.00003116,27.00000000,0
1531219835092,1531219835086,1378830,0.00003114,83.00000000,1
1531219836910,1531219836904,1378831,0.00003116,55.00000000,0
1531219836910,1531219836904,1378832,0.00003121,104.00000000,0
1531219838353,1531219838347,1378833,0.00003113,126.00000000,0
1531219842464,1531219842458,1378834,0.00003122,13.00000000,0
1531219842520,1531219842515,1378835,0.00003122,17.00000000,0
1531219842740,1531219842735,1378836,0.00003122,13.00000000,0
1531219842764,1531219842761,1378837,0.00003122,31.00000000,0
1531219843034,1531219843029,1378838,0.00003122,177.00000000,0
1531219843090,1531219843086,1378839,0.00003122,13.00000000,0
1531219843148,1531219843144,1378840,0.00003122,27.00000000,0
1531219843222,1531219843216,1378841,0.00003122,15.00000000,0
1531219843332,1531219843327,1378842,0.00003121,17.00000000,0
1531219843413,1531219843411,1378843,0.00003121,31.00000000,0
1531219851268,1531219851263,1378844,0.00003117,159.00000000,0
1531219853302,1531219853298,1378845,0.00003115,1177.00000000,0
1531219853647,1531219853642,1378846,0.00003114,92.00000000,0
1531219854001,1531219853998,1378847,0.00003116,6277.00000000,0
1531219854109,1531219854104,1378848,0.00003112,138.00000000,1
1531219856613,1531219856607,1378849,0.00003119,694.00000000,0
1531219856613,1531219856607,1378850,0.00003126,6645.00000000,0
1531219860821,1531219860817,1378851,0.00003116,200.00000000,1
1531219865201,1531219865196,1378852,0.00003115,428.00000000,1
1531219866571,1531219866566,1378853,0.00003121,42.00000000,1
1531219866590,1531219866585,1378854,0.00003121,91.00000000,1
1531219883723,1531219883719,1378855,0.00003121,440.00000000,1
1531219887157,1531219887153,1378856,0.00003121,799.00000000,1
1531219887536,1531219887530,1378857,0.00003125,430.00000000,0
1531219887536,1531219887530,1378858,0.00003126,37.00000000,0
1531219887536,1531219887530,1378859,0.00003128,64.00000000,0
1531219887536,1531219887530,1378860,0.00003132,159.00000000,0
1531219887536,1531219887530,1378861,0.00003133,130.00000000,0
1531219887536,1531219887530,1378862,0.00003135,1230.00000000,0
1531219916356,1531219916352,1378863,0.00003113,159.00000000,1
1531219920957,1531219920954,1378864,0.00003114,60.00000000,1
1531219924099,1531219924094,1378865,0.00003114,2234.00000000,1
1531219925138,1531219925133,1378866,0.00003114,996.00000000,1
1531219929454,1531219929448,1378867,0.00003121,159.00000000,0
1531219954455,1531219954452,1378868,0.00003121,159.00000000,1
1531219955369,1531219955363,1378869,0.00003121,39.00000000,1
1531219956905,1531219956900,1378870,0.00003116,198.00000000,1
1531219958986,1531219958981,1378871,0.00003114,196.00000000,1
1531219981616,1531219981611,1378872,0.00003116,153.00000000,1
1531219981616,1531219981611,1378873,0.00003114,2697.00000000,1
