event_time,trade_time,trade_id,price,quantity,maker
1531210354450,1531210354447,2734794,0.00034310,0.73000000,1
1531210355000,1531210354996,2734795,0.00034310,1.70000000,1
1531210355637,1531210355633,2734796,0.00034310,1.01000000,1
1531210372932,1531210372927,2734797,0.00034320,36.64000000,1
1531210419572,1531210419566,2734798,0.00034330,3.15000000,1
1531210423082,1531210423077,2734799,0.00034380,1.21000000,0
1531210434328,1531210434323,2734800,0.00034320,100.00000000,1
1531210437878,1531210437872,2734801,0.00034380,4.92000000,0
1531210462756,1531210462752,2734802,0.00034430,26.50000000,0
1531210469712,1531210469708,2734803,0.00034430,29.04000000,0
1531210473744,1531210473739,2734804,0.00034330,5.95000000,1
1531210473744,1531210473739,2734805,0.00034320,100.00000000,1
1531210473744,1531210473739,2734806,0.00034310,1393.62000000,1
1531210473773,1531210473768,2734807,0.00034310,500.43000000,0
1531210484352,1531210484348,2734808,0.00034310,0.08000000,1
1531210485765,1531210485761,2734809,0.00034300,0.08000000,1
1531210486630,1531210486625,2734810,0.00034300,0.04000000,1
1531210491177,1531210491173,2734811,0.00034310,20.16000000,1
1531210491207,1531210491203,2734812,0.00034310,14.84000000,0
1531210491311,1531210491306,2734813,0.00034310,15.00000000,0
1531210492607,1531210492603,2734814,0.00034300,44.00000000,1
1531210509961,1531210509957,2734815,0.00034300,3.20000000,1
1531210578365,1531210578358,2734816,0.00034370,0.31000000,0
1531210583688,1531210583684,2734817,0.00034300,295.02000000,1
1531210583918,1531210583914,2734818,0.00034300,235.77000000,1
1531210623618,1531210623615,2734819,0.00034300,298.57000000,1
1531210627077,1531210627072,2734820,0.00034300,39.88000000,1
1531210644692,1531210644688,2734821,0.00034260,2.96000000,1
1531210651232,1531210651226,2734822,0.00034300,0.96000000,0
1531210660991,1531210660986,2734823,0.00034300,0.10000000,0
1531210670829,1531210670825,2734824,0.00034300,2.95000000,0
1531210680836,1531210680835,2734825,0.00034300,851.82000000,0
1531210748752,1531210748748,2734826,0.00034300,15.26000000,0
1531210760225,1531210760217,2734827,0.00034290,1.69000000,0
1531210763246,1531210763240,2734828,0.00034290,0.01000000,0
1531210777564,1531210777558,2734829,0.00034260,47.04000000,1
1531210778081,1531210778077,2734830,0.00034250,17.46000000,0
1531210780117,1531210780114,2734831,0.00034250,1.00000000,0
1531210780615,1531210780611,2734832,0.00034260,6.81000000,0
1531210848006,1531210848001,2734833,0.00034290,57.63000000,0
1531210848830,1531210848830,2734834,0.00034290,112.96000000,0
1531210886349,1531210886344,2734835,0.00034290,102.12000000,0
1531210894472,1531210894467,2734836,0.00034290,25.84000000,0
1531210899783,1531210899777,2734837,0.00034290,40.61000000,0
1531210908872,1531210908869,2734838,0.00034290,0.01000000,0
1531210908872,1531210908869,2734839,0.00034300,0.06000000,0
1531210921100,1531210921096,2734840,0.00034300,0.03000000,0
1531210929460,1531210929456,2734841,0.00034290,29.22000000,0
1531210946358,1531210946355,2734842,0.00034290,0.03000000,0
1531211030881,1531211030876,2734843,0.00034290,0.33000000,0
1531211089181,1531211089173,2734844,0.00034290,0.02000000,0
1531211100755,1531211100749,2734845,0.00034230,79.77000000,1
1531211100755,1531211100749,2734846,0.00034210,59.67000000,1
1531211100755,1531211100749,2734847,0.00034200,2393.57000000,1
1531211105782,1531211105777,2734848,0.00034190,354.65000000,1
1531211105782,1531211105777,2734849,0.00034180,2112.34000000,1
1531211105782,1531211105777,2734850,0.00034180,1438.10000000,1
1531211113910,1531211113907,2734851,0.00034280,0.53000000,0
1531211124819,1531211124815,2734852,0.00034280,3.30000000,0
1531211127234,1531211127229,2734853,0.00034280,0.44000000,0
1531211127494,1531211127490,2734854,0.00034280,0.01000000,0
1531211167815,1531211167812,2734855,0.00034310,0.80000000,0
1531211252733,1531211252728,2734856,0.00034300,70.76000000,1
1531211302113,1531211302108,2734857,0.00034190,19.28000000,1
1531211302113,1531211302108,2734858,0.00034180,8.20000000,1
1531211335506,1531211335499,2734859,0.00034200,25.22000000,1
1531211377393,1531211377386,2734860,0.00034200,28.00000000,1
1531211377393,1531211377386,2734861,0.00034190,8.47000000,1
1531211377393,1531211377386,2734862,0.00034180,23.11000000,1
1531211381005,1531211381000,2734863,0.00034180,20.61000000,1
1531211472554,1531211472549,2734864,0.00034190,34.46000000,1
1531211472790,1531211472786,2734865,0.00034190,3.19000000,0
1531211551837,1531211551830,2734866,0.00034180,19.28000000,1
1531211571382,1531211571378,2734867,0.00034190,9.30000000,0
1531211571417,1531211571412,2734868,0.00034230,14.82000000,0
1531211572232,1531211572227,2734869,0.00034230,29.34000000,0
1531211608627,1531211608627,2734870,0.00034230,0.25000000,0
1531211669016,1531211669012,2734871,0.00034230,3.00000000,1
1531211690121,1531211690116,2734872,0.00034220,6.37000000,0
1531211698746,1531211698740,2734873,0.00034200,22.45000000,1
1531211698746,1531211698740,2734874,0.00034190,50.55000000,1
1531211698746,1531211698740,2734875,0.00034180,206.84000000,1
1531211779651,1531211779645,2734876,0.00034240,0.21000000,0
1531211795383,1531211795379,2734877,0.00034240,0.02000000,0
1531211805891,1531211805886,2734878,0.00034240,0.07000000,0
1531211808923,1531211808919,2734879,0.00034240,0.01000000,0
1531211828906,1531211828901,2734880,0.00034240,0.01000000,0
1531211845591,1531211845587,2734881,0.00034240,102.33000000,0
1531211859730,1531211859724,2734882,0.00034250,1.23000000,0
1531211865231,1531211865226,2734883,0.00034250,0.76000000,0
1531211887862,1531211887857,2734884,0.00034250,0.08000000,0
1531211891336,1531211891331,2734885,0.00034250,0.24000000,0
1531211898416,1531211898412,2734886,0.00034250,9.83000000,0
1531211922544,1531211922539,2734887,0.00034240,46.04000000,1
1531211922544,1531211922539,2734888,0.00034190,16.85000000,1
1531211922544,1531211922539,2734889,0.00034180,2726.11000000,1
1531211926529,1531211926524,2734890,0.00034190,0.15000000,1
1531211938300,1531211938294,2734891,0.00034250,205.00000000,0
1531211938372,1531211938366,2734892,0.00034250,66.06000000,0
1531211938372,1531211938366,2734893,0.00034290,36.03000000,0
1531211938372,1531211938366,2734894,0.00034330,11.67000000,0
1531211938372,1531211938366,2734895,0.00034360,300.00000000,0
1531211940330,1531211940325,2734896,0.00034410,205.00000000,0
1531211947755,1531211947750,2734897,0.00034390,0.04000000,0
1531211952814,1531211952793,2734898,0.00034290,17.44000000,1
1531211970062,1531211970058,2734899,0.00034280,43.74000000,0
1531211975356,1531211975351,2734900,0.00034200,17.01000000,1
1531211975402,1531211975396,2734901,0.00034200,20.03000000,0
1531211980982,1531211980979,2734902,0.00034200,0.04000000,0
1531211981345,1531211981342,2734903,0.00034200,4.91000000,0
1531211993634,1531211993631,2734904,0.00034200,0.01000000,0
1531212012667,1531212012663,2734905,0.00034180,1982.01000000,1
1531212012667,1531212012663,2734906,0.00034170,382.31000000,1
1531212029330,1531212029325,2734907,0.00034200,0.14000000,0
1531212039640,1531212039636,2734908,0.00034200,7.69000000,0
1531212042651,1531212042647,2734909,0.00034200,0.02000000,0
1531212050121,1531212050118,2734910,0.00034200,0.14000000,0
1531212084797,1531212084792,2734911,0.00034320,0.01000000,0
1531212099442,1531212099438,2734912,0.00034180,208.00000000,1
1531212099442,1531212099438,2734913,0.00034170,351.00000000,1
1531212105946,1531212105942,2734914,0.00034320,0.11000000,0
1531212120028,1531212120024,2734915,0.00034170,3155.61000000,1
1531212136757,1531212136752,2734916,0.00034170,0.06000000,1
1531212144013,1531212144007,2734917,0.00034320,0.04000000,0
1531212183066,1531212183061,2734918,0.00034320,17.00000000,0
1531212183066,1531212183061,2734919,0.00034330,12.13000000,0
1531212254128,1531212254122,2734920,0.00034180,0.02000000,1
1531212287214,1531212287211,2734921,0.00034180,31.14000000,1
1531212287214,1531212287211,2734922,0.00034170,89.22000000,1
1531212304034,1531212304028,2734923,0.00034180,99.20000000,1
1531212304034,1531212304028,2734924,0.00034170,2342.88000000,1
1531212342447,1531212342445,2734925,0.00034290,0.10000000,0
1531212366592,1531212366589,2734926,0.00034290,0.09000000,0
1531212372037,1531212372033,2734927,0.00034290,0.06000000,0
1531212425827,1531212425822,2734928,0.00034270,0.03000000,0
1531212516333,1531212516329,2734929,0.00034170,1452.26000000,1
1531212523942,1531212523938,2734930,0.00034170,21.70000000,1
1531212533363,1531212533358,2734931,0.00034170,0.21000000,1
1531212575462,1531212575458,2734932,0.00034180,26.33000000,1
1531212575462,1531212575458,2734933,0.00034170,4.59000000,1
1531212626799,1531212626793,2734934,0.00034170,448.37000000,1
1531212626799,1531212626793,2734935,0.00034160,100.78000000,1
1531212626799,1531212626793,2734936,0.00034150,225.58000000,1
1531212626799,1531212626793,2734937,0.00034110,100.00000000,1
1531212626799,1531212626793,2734938,0.00034100,2047.15000000,1
1531212666814,1531212666811,2734939,0.00034120,3.95000000,1
1531212666952,1531212666949,2734940,0.00034110,37.42000000,1
1531212677869,1531212677864,2734941,0.00034110,253.52000000,1
1531212677869,1531212677864,2734942,0.00034100,167.44000000,1
1531212700814,1531212700810,2734943,0.00034100,3923.86000000,1
1531212702820,1531212702815,2734944,0.00034080,44.19000000,1
1531212703834,1531212703830,2734945,0.00034090,154.76000000,1
1531212704990,1531212704986,2734946,0.00034080,75.85000000,1
1531212706817,1531212706811,2734947,0.00034080,78.91000000,1
1531212707829,1531212707824,2734948,0.00034070,75.85000000,1
1531212710826,1531212710821,2734949,0.00034080,154.76000000,1
1531212711826,1531212711823,2734950,0.00034060,5.00000000,1
1531212712822,1531212712819,2734951,0.00034070,154.76000000,1
1531212714971,1531212714967,2734952,0.00034060,154.76000000,1
1531212716829,1531212716825,2734953,0.00034050,53.43000000,1
1531212717822,1531212717817,2734954,0.00034060,154.76000000,1
1531212718833,1531212718829,2734955,0.00034030,732.11000000,1
1531212718853,1531212718848,2734956,0.00034160,30.31000000,0
1531212729801,1531212729796,2734957,0.00034060,34.02000000,0
1531212739216,1531212739214,2734958,0.00034060,0.01000000,0
1531212746188,1531212746183,2734959,0.00034110,34.04000000,0
1531212750091,1531212750087,2734960,0.00034170,0.10000000,0
1531212755812,1531212755809,2734961,0.00034110,1.16000000,1
1531212759511,1531212759506,2734962,0.00034110,2.97000000,1
1531212759723,1531212759718,2734963,0.00034110,14.81000000,1
1531212797778,1531212797774,2734964,0.00034170,17.45000000,0
1531212802180,1531212802175,2734965,0.00034170,66.04000000,0
1531212812788,1531212812783,2734966,0.00034180,190.02000000,0
1531212812869,1531212812864,2734967,0.00034120,18.40000000,1
1531212814601,1531212814599,2734968,0.00034170,18.40000000,0
1531212815669,1531212815665,2734969,0.00034130,102.89000000,0
1531212817184,1531212817178,2734970,0.00034180,59.98000000,0
1531212817760,1531212817755,2734971,0.00034120,120.00000000,1
1531212821303,1531212821298,2734972,0.00034190,233.75000000,0
1531212830525,1531212830520,2734973,0.00034190,22.73000000,0
1531212831620,1531212831616,2734974,0.00034190,189.47000000,0
1531212883516,1531212883514,2734975,0.00034230,0.05000000,0
1531212885745,1531212885740,2734976,0.00034230,34.28000000,0
1531212923042,1531212923036,2734977,0.00034230,0.07000000,0
1531212953630,1531212953625,2734978,0.00034210,0.19000000,0
1531212959075,1531212959069,2734979,0.00034200,0.13000000,0
1531212984087,1531212984081,2734980,0.00034230,465.60000000,0
1531213013365,1531213013359,2734981,0.00034270,0.44000000,0
1531213108696,1531213108691,2734982,0.00034240,64.21000000,0
1531213159897,1531213159893,2734983,0.00034270,0.11000000,0
1531213197093,1531213197088,2734984,0.00034280,0.83000000,0
1531213206561,1531213206557,2734985,0.00034280,0.43000000,0
1531213257730,1531213257723,2734986,0.00034260,0.23000000,0
1531213284669,1531213284664,2734987,0.00034260,0.01000000,0
1531213315856,1531213315852,2734988,0.00034260,0.07000000,0
1531213385381,1531213385375,2734989,0.00034260,0.07000000,0
1531213393658,1531213393654,2734990,0.00034260,0.01000000,0
1531213402394,1531213402389,2734991,0.00034170,0.01000000,1
1531213456993,1531213456990,2734992,0.00034260,0.05000000,0
1531213567046,1531213567040,2734993,0.00034190,80.63000000,1
1531213567046,1531213567040,2734994,0.00034180,40.08000000,1
1531213567046,1531213567040,2734995,0.00034110,23.39000000,1
1531213567046,1531213567040,2734996,0.00034080,300.00000000,1
1531213567046,1531213567040,2734997,0.00034050,26.73000000,1
1531213567046,1531213567040,2734998,0.00034040,1028.05000000,1
1531213654372,1531213654367,2734999,0.00034120,8.00000000,1
1531213708769,1531213708765,2735000,0.00034130,154.76000000,1
1531213708769,1531213708765,2735001,0.00034100,50.84000000,1
1531213737529,1531213737524,2735002,0.00034130,154.76000000,1
1531213737529,1531213737524,2735003,0.00034100,189.52000000,1
1531213818154,1531213818149,2735004,0.00034220,0.04000000,0
1531213839556,1531213839551,2735005,0.00034220,0.07000000,0
1531213887850,1531213887845,2735006,0.00034100,0.72000000,1
1531213887850,1531213887845,2735007,0.00034060,23.42000000,1
1531213903742,1531213903736,2735008,0.00034090,75.35000000,1
1531213903742,1531213903736,2735009,0.00034070,19.25000000,1
1531213903742,1531213903736,2735010,0.00034040,357.09000000,1
1531213903742,1531213903736,2735011,0.00034030,48.31000000,1
1531213905061,1531213905057,2735012,0.00034100,75.77000000,0
1531213906978,1531213906974,2735013,0.00034090,14.38000000,0
1531213920959,1531213920954,2735014,0.00034090,0.39000000,1
1531213920959,1531213920954,2735015,0.00034040,154.76000000,1
1531213920959,1531213920954,2735016,0.00034030,576.53000000,1
1531213920959,1531213920954,2735017,0.00034020,26.88000000,1
1531213920959,1531213920954,2735018,0.00034010,292.35000000,1
1531213920960,1531213920954,2735019,0.00034000,589.37000000,1
1531213920976,1531213920971,2735020,0.00034000,371.71000000,0
1531213924457,1531213924452,2735021,0.00033980,11.56000000,1
1531213924457,1531213924452,2735022,0.00033970,2.97000000,1
1531213924458,1531213924452,2735023,0.00033960,162.18000000,1
1531213924458,1531213924452,2735024,0.00033950,209.55000000,1
1531213924460,1531213924452,2735025,0.00033940,78.71000000,1
1531213924460,1531213924452,2735026,0.00033930,20.71000000,1
1531213924460,1531213924452,2735027,0.00033920,10.00000000,1
1531213924460,1531213924452,2735028,0.00033910,390.58000000,1
1531213924474,1531213924469,2735029,0.00033930,17.06000000,0
1531213924479,1531213924474,2735030,0.00033930,22.94000000,0
1531213924479,1531213924474,2735031,0.00033950,32.57000000,0
1531213924510,1531213924507,2735032,0.00033950,20.05000000,0
1531213924649,1531213924646,2735033,0.00033950,13.28000000,0
1531213924714,1531213924709,2735034,0.00033950,92.00000000,0
1531213924955,1531213924951,2735035,0.00033950,156.57000000,0
1531213925056,1531213925052,2735036,0.00033950,59.56000000,0
1531213926795,1531213926790,2735037,0.00033940,19.25000000,0
1531213927021,1531213927017,2735038,0.00033910,5.77000000,1
1531213928503,1531213928497,2735039,0.00033950,0.01000000,0
1531213928503,1531213928497,2735040,0.00033960,11.56000000,0
1531213928503,1531213928497,2735041,0.00033970,140.73000000,0
1531213928612,1531213928609,2735042,0.00033970,128.98000000,0
1531213928693,1531213928689,2735043,0.00033970,3.18000000,0
1531213928733,1531213928729,2735044,0.00033970,3.18000000,0
1531213928797,1531213928793,2735045,0.00033970,3.18000000,0
1531213928865,1531213928861,2735046,0.00033970,3.18000000,0
1531213928941,1531213928936,2735047,0.00033970,3.17000000,0
1531213929019,1531213929013,2735048,0.00033970,3.17000000,0
1531213929092,1531213929089,2735049,0.00033970,3.17000000,0
1531213931754,1531213931749,2735050,0.00033910,37.92000000,1
1531213938004,1531213937999,2735051,0.00033970,0.13000000,0
1531213939559,1531213939551,2735052,0.00033910,77.99000000,1
1531213939559,1531213939551,2735053,0.00033900,110.00000000,1
1531213939559,1531213939551,2735054,0.00033870,12.65000000,1
1531213939559,1531213939551,2735055,0.00033840,8.83000000,1
1531213939559,1531213939551,2735056,0.00033830,100.00000000,1
1531213939559,1531213939551,2735057,0.00033820,54.31000000,1
1531213939559,1531213939551,2735058,0.00033810,8.78000000,1
1531213939559,1531213939551,2735059,0.00033800,72.08000000,1
1531213939559,1531213939551,2735060,0.00033800,329.76000000,1
1531213939560,1531213939551,2735061,0.00033800,637.92000000,1
1531213939582,1531213939577,2735062,0.00033800,17.87000000,0
1531213939582,1531213939577,2735063,0.00033890,247.13000000,0
1531213939583,1531213939578,2735064,0.00033890,17.87000000,0
1531213939595,1531213939591,2735065,0.00033970,235.93000000,0
1531213939595,1531213939591,2735066,0.00033980,11.20000000,0
1531213939838,1531213939834,2735067,0.00033940,7.62000000,0
1531213940515,1531213940511,2735068,0.00033900,8.86000000,0
1531213941667,1531213941664,2735069,0.00033930,10.66000000,0
1531213950771,1531213950767,2735070,0.00033870,7.07000000,0
1531213950810,1531213950807,2735071,0.00033870,0.01000000,0
1531213954816,1531213954811,2735072,0.00033860,14.00000000,1
1531213958431,1531213958426,2735073,0.00033930,3.20000000,0
1531213958467,1531213958463,2735074,0.00033930,3.19000000,0
1531213958536,1531213958532,2735075,0.00033930,3.19000000,0
1531213958601,1531213958598,2735076,0.00033930,0.87000000,0
1531213967255,1531213967251,2735077,0.00033940,0.01000000,0
1531213967255,1531213967251,2735078,0.00033980,1.13000000,0
1531213970278,1531213970273,2735079,0.00033980,0.01000000,0
1531213971940,1531213971936,2735080,0.00033930,2.32000000,1
1531213973302,1531213973298,2735081,0.00033930,16.01000000,0
1531213973369,1531213973365,2735082,0.00033930,3.19000000,0
1531213976921,1531213976918,2735083,0.00033930,6.89000000,0
1531213977924,1531213977920,2735084,0.00033930,4.03000000,0
1531213981974,1531213981970,2735085,0.00033930,21.17000000,0
1531213981974,1531213981970,2735086,0.00033980,228.83000000,0
1531213983702,1531213983697,2735087,0.00033890,5.45000000,0
1531213992586,1531213992582,2735088,0.00033880,2.99000000,1
1531214018459,1531214018456,2735089,0.00033970,2.99000000,0
1531214018459,1531214018456,2735090,0.00033980,40.85000000,0
1531214018459,1531214018456,2735091,0.00034000,44.71000000,0
1531214020368,1531214020364,2735092,0.00034000,2.17000000,0
1531214020402,1531214020398,2735093,0.00034000,2.63000000,0
1531214020468,1531214020464,2735094,0.00034000,2.05000000,0
1531214020519,1531214020514,2735095,0.00034000,3.13000000,0
1531214020576,1531214020573,2735096,0.00034000,1.20000000,0
1531214020619,1531214020614,2735097,0.00034000,2.24000000,0
1531214020734,1531214020729,2735098,0.00034000,1.99000000,0
1531214020796,1531214020791,2735099,0.00034000,2.34000000,0
1531214021035,1531214021029,2735100,0.00034000,0.97000000,0
1531214021156,1531214021151,2735101,0.00034000,1.69000000,0
1531214021212,1531214021207,2735102,0.00034000,1.50000000,0
1531214021372,1531214021368,2735103,0.00034000,3.06000000,0
1531214021438,1531214021434,2735104,0.00034000,1.84000000,0
1531214021497,1531214021491,2735105,0.00034000,11.00000000,0
1531214021539,1531214021536,2735106,0.00034000,1.91000000,0
1531214021609,1531214021603,2735107,0.00034000,1.01000000,0
1531214021768,1531214021764,2735108,0.00034000,1.85000000,0
1531214021818,1531214021814,2735109,0.00034000,2.45000000,0
1531214021940,1531214021937,2735110,0.00034000,1.81000000,0
1531214022319,1531214022316,2735111,0.00034000,0.74000000,0
1531214022382,1531214022379,2735112,0.00034000,0.87000000,0
1531214022470,1531214022467,2735113,0.00034000,0.95000000,0
1531214022566,1531214022561,2735114,0.00034000,1.75000000,0
1531214022614,1531214022609,2735115,0.00034000,1.41000000,0
1531214022663,1531214022658,2735116,0.00034000,2.08000000,0
1531214022664,1531214022659,2735117,0.00034000,3.70000000,0
1531214022907,1531214022903,2735118,0.00034000,0.69000000,0
1531214023082,1531214023079,2735119,0.00034000,1.71000000,0
1531214023150,1531214023148,2735120,0.00034000,1.24000000,0
1531214023238,1531214023234,2735121,0.00034000,2.33000000,0
1531214023309,1531214023305,2735122,0.00034000,0.73000000,0
1531214023358,1531214023354,2735123,0.00034000,0.82000000,0
1531214023508,1531214023504,2735124,0.00034000,1.97000000,0
1531214023605,1531214023600,2735125,0.00034000,0.89000000,0
1531214023651,1531214023647,2735126,0.00034000,1.91000000,0
1531214023700,1531214023695,2735127,0.00034000,0.92000000,0
1531214023765,1531214023761,2735128,0.00034000,0.60000000,0
1531214023854,1531214023850,2735129,0.00034000,2.88000000,0
1531214023916,1531214023911,2735130,0.00034000,0.76000000,0
1531214024023,1531214024019,2735131,0.00034000,0.87000000,0
1531214024158,1531214024153,2735132,0.00034000,2.17000000,0
1531214024215,1531214024210,2735133,0.00034000,1.32000000,0
1531214024222,1531214024217,2735134,0.00034000,2.76000000,0
1531214024284,1531214024280,2735135,0.00034000,1.19000000,0
1531214024336,1531214024333,2735136,0.00034000,0.94000000,0
1531214024467,1531214024462,2735137,0.00034000,1.54000000,0
1531214024569,1531214024563,2735138,0.00034000,0.72000000,0
1531214024576,1531214024571,2735139,0.00034000,2.96000000,0
1531214024629,1531214024624,2735140,0.00034000,1.70000000,0
1531214024676,1531214024673,2735141,0.00034000,1.01000000,0
1531214024762,1531214024758,2735142,0.00034000,0.96000000,0
1531214024813,1531214024808,2735143,0.00034000,2.08000000,0
1531214024877,1531214024873,2735144,0.00034000,0.85000000,0
1531214024965,1531214024961,2735145,0.00034000,1.17000000,0
1531214025007,1531214025004,2735146,0.00034000,2.26000000,0
1531214025103,1531214025098,2735147,0.00034000,0.82000000,0
1531214025152,1531214025147,2735148,0.00034000,0.63000000,0
1531214025186,1531214025181,2735149,0.00034000,4.41000000,0
1531214025281,1531214025277,2735150,0.00034000,0.41000000,0
1531214025297,1531214025293,2735151,0.00034000,10.80000000,0
1531214025354,1531214025350,2735152,0.00034000,1.42000000,0
1531214025489,1531214025486,2735153,0.00034000,3.79000000,0
1531214025569,1531214025566,2735154,0.00034000,4.46000000,0
1531214025628,1531214025624,2735155,0.00034000,0.67000000,0
1531214025679,1531214025676,2735156,0.00034000,0.77000000,0
1531214025720,1531214025715,2735157,0.00034000,1.12000000,0
1531214025720,1531214025715,2735158,0.00034010,0.58000000,0
1531214025766,1531214025760,2735159,0.00034010,0.84000000,0
1531214025831,1531214025825,2735160,0.00034010,3.15000000,0
1531214025897,1531214025894,2735161,0.00034010,0.73000000,0
1531214025945,1531214025941,2735162,0.00034010,2.54000000,0
1531214025995,1531214025989,2735163,0.00034010,0.74000000,0
1531214026118,1531214026111,2735164,0.00034010,0.94000000,0
1531214026198,1531214026194,2735165,0.00034010,0.97000000,0
1531214026280,1531214026274,2735166,0.00034010,0.78000000,0
1531214028293,1531214028288,2735167,0.00034010,0.01000000,0
1531214028497,1531214028494,2735168,0.00034010,0.85000000,0
1531214028544,1531214028540,2735169,0.00034010,0.93000000,0
1531214028599,1531214028594,2735170,0.00034010,0.75000000,0
1531214028677,1531214028673,2735171,0.00034010,2.07000000,0
1531214028738,1531214028733,2735172,0.00034010,1.47000000,0
1531214028775,1531214028770,2735173,0.00034010,1.99000000,0
1531214028925,1531214028920,2735174,0.00034010,1.07000000,0
1531214028971,1531214028967,2735175,0.00034010,1.55000000,0
1531214029028,1531214029024,2735176,0.00034010,0.79000000,0
1531214029146,1531214029143,2735177,0.00034010,0.71000000,0
1531214029146,1531214029143,2735178,0.00034090,11.63000000,0
1531214029229,1531214029225,2735179,0.00034090,1.79000000,0
1531214029349,1531214029345,2735180,0.00034090,1.55000000,0
1531214029446,1531214029441,2735181,0.00034090,1.61000000,0
1531214029452,1531214029448,2735182,0.00034090,1.40000000,0
1531214029557,1531214029552,2735183,0.00034090,0.91000000,0
1531214029679,1531214029673,2735184,0.00034090,1.10000000,0
1531214029868,1531214029862,2735185,0.00034090,0.86000000,0
1531214029872,1531214029869,2735186,0.00034090,0.82000000,0
1531214029918,1531214029913,2735187,0.00034090,1.14000000,0
1531214029942,1531214029938,2735188,0.00034090,0.80000000,0
1531214029972,1531214029968,2735189,0.00034090,0.80000000,0
1531214030072,1531214030067,2735190,0.00034090,0.68000000,0
1531214030242,1531214030238,2735191,0.00034090,3.83000000,0
1531214030337,1531214030333,2735192,0.00034090,1.49000000,0
1531214032812,1531214032808,2735193,0.00034070,9.25000000,0
1531214032874,1531214032867,2735194,0.00034070,2.39000000,0
1531214032914,1531214032910,2735195,0.00034070,1.07000000,0
1531214033116,1531214033111,2735196,0.00034070,2.29000000,0
1531214033172,1531214033168,2735197,0.00034070,1.80000000,0
1531214033302,1531214033298,2735198,0.00034070,2.94000000,0
1531214033353,1531214033350,2735199,0.00034070,1.70000000,0
1531214033510,1531214033504,2735200,0.00034070,0.70000000,0
1531214033559,1531214033557,2735201,0.00034070,1.28000000,0
1531214033559,1531214033557,2735202,0.00034090,0.94000000,0
1531214033578,1531214033573,2735203,0.00034090,2.18000000,0
1531214033678,1531214033674,2735204,0.00034090,3.58000000,0
1531214033809,1531214033803,2735205,0.00034090,4.67000000,0
1531214033986,1531214033983,2735206,0.00034100,1.83000000,0
1531214034043,1531214034039,2735207,0.00034100,3.88000000,0
1531214034072,1531214034069,2735208,0.00034100,3.88000000,0
1531214034136,1531214034132,2735209,0.00034100,0.70000000,0
1531214034302,1531214034297,2735210,0.00034100,0.95000000,0
1531214045962,1531214045958,2735211,0.00033940,5.89000000,1
1531214064107,1531214064098,2735212,0.00033880,3.99000000,1
1531214064107,1531214064098,2735213,0.00033870,13.01000000,1
1531214067092,1531214067087,2735214,0.00033920,3.99000000,0
1531214067675,1531214067670,2735215,0.00033930,5.89000000,0
1531214067675,1531214067670,2735216,0.00033940,34.11000000,0
1531214074537,1531214074533,2735217,0.00033880,4.33000000,1
1531214089656,1531214089650,2735218,0.00033930,4.33000000,0
1531214091198,1531214091193,2735219,0.00033940,0.65000000,0
1531214094239,1531214094235,2735220,0.00033940,0.01000000,0
1531214094690,1531214094687,2735221,0.00033940,46.73000000,0
1531214119603,1531214119600,2735222,0.00033940,32.00000000,0
1531214123160,1531214123154,2735223,0.00033880,7.45000000,1
1531214123160,1531214123154,2735224,0.00033840,13.01000000,1
1531214123624,1531214123620,2735225,0.00033880,20.46000000,0
1531214125202,1531214125198,2735226,0.00033850,5.23000000,1
1531214125202,1531214125198,2735227,0.00033840,10.56000000,1
1531214126259,1531214126255,2735228,0.00033880,300.00000000,1
1531214130250,1531214130245,2735229,0.00033910,0.16000000,0
1531214133331,1531214133328,2735230,0.00033910,3.20000000,0
1531214133401,1531214133397,2735231,0.00033910,3.19000000,0
1531214133469,1531214133465,2735232,0.00033910,0.90000000,0
1531214133469,1531214133465,2735233,0.00033920,2.29000000,0
1531214133539,1531214133534,2735234,0.00033920,2.94000000,0
1531214147336,1531214147331,2735235,0.00033920,3.44000000,1
1531214147336,1531214147331,2735236,0.00033850,8.21000000,1
1531214147336,1531214147331,2735237,0.00033840,41.78000000,1
1531214147336,1531214147331,2735238,0.00033820,8.83000000,1
1531214147357,1531214147353,2735239,0.00033810,3.06000000,1
1531214147363,1531214147360,2735240,0.00033810,248.19000000,1
1531214147363,1531214147360,2735241,0.00033800,3.06000000,1
1531214147492,1531214147488,2735242,0.00033800,19.49000000,1
1531214147527,1531214147521,2735243,0.00033790,14.80000000,1
1531214148285,1531214148281,2735244,0.00033800,3.20000000,0
1531214148360,1531214148356,2735245,0.00033800,3.21000000,0
1531214148499,1531214148496,2735246,0.00033810,3.20000000,0
1531214148652,1531214148649,2735247,0.00033800,3.58000000,1
1531214151593,1531214151589,2735248,0.00033760,14.89000000,1
1531214151965,1531214151961,2735249,0.00033760,14.85000000,0
1531214152236,1531214152232,2735250,0.00033760,20.92000000,0
1531214156006,1531214156001,2735251,0.00033760,25.18000000,0
1531214156088,1531214156083,2735252,0.00033760,146.45000000,0
1531214156274,1531214156269,2735253,0.00033750,2.99000000,1
1531214163026,1531214163021,2735254,0.00033750,3.71000000,0
1531214163255,1531214163251,2735255,0.00033850,1.28000000,0
1531214163819,1531214163814,2735256,0.00033870,4.90000000,0
1531214166269,1531214166264,2735257,0.00033860,0.01000000,0
1531214169438,1531214169433,2735258,0.00033830,3.72000000,0
1531214169438,1531214169433,2735259,0.00033840,2.18000000,0
1531214170202,1531214170197,2735260,0.00033840,3.54000000,0
1531214170403,1531214170394,2735261,0.00033770,7.59000000,1
1531214170403,1531214170394,2735262,0.00033740,14.97000000,1
1531214170403,1531214170394,2735263,0.00033720,14.75000000,1
1531214170403,1531214170394,2735264,0.00033700,38.25000000,1
1531214170403,1531214170394,2735265,0.00033690,92.03000000,1
1531214170403,1531214170394,2735266,0.00033680,500.00000000,1
1531214170403,1531214170394,2735267,0.00033670,194.72000000,1
1531214170403,1531214170394,2735268,0.00033650,10.00000000,1
1531214170403,1531214170394,2735269,0.00033640,8.94000000,1
1531214170403,1531214170394,2735270,0.00033620,237.88000000,1
1531214170403,1531214170394,2735271,0.00033610,5.95000000,1
1531214170403,1531214170394,2735272,0.00033600,33.84000000,1
1531214170403,1531214170394,2735273,0.00033600,318.30000000,1
1531214170403,1531214170394,2735274,0.00033600,102.23000000,1
1531214170404,1531214170394,2735275,0.00033600,400.00000000,1
1531214170500,1531214170495,2735276,0.00033600,54.75000000,1
1531214172033,1531214172028,2735277,0.00033620,7.21000000,1
1531214172067,1531214172063,2735278,0.00033620,14.42000000,1
1531214172433,1531214172429,2735279,0.00033690,22.37000000,0
1531214172611,1531214172607,2735280,0.00033620,5.77000000,1
1531214173113,1531214173108,2735281,0.00033620,77.49000000,1
1531214173113,1531214173108,2735282,0.00033610,16.51000000,1
1531214173428,1531214173423,2735283,0.00033630,28.84000000,1
1531214173734,1531214173730,2735284,0.00033690,0.01000000,0
1531214173943,1531214173938,2735285,0.00033690,0.02000000,0
1531214173943,1531214173938,2735286,0.00033750,7.59000000,0
1531214173943,1531214173938,2735287,0.00033760,9.82000000,0
1531214174074,1531214174070,2735288,0.00033690,30.83000000,0
1531214175174,1531214175171,2735289,0.00033680,10.00000000,0
1531214179024,1531214179019,2735290,0.00033660,6.20000000,0
1531214179024,1531214179019,2735291,0.00033670,0.93000000,0
1531214179757,1531214179755,2735292,0.00033610,21.87000000,1
1531214180056,1531214180053,2735293,0.00033670,3.90000000,0
1531214182762,1531214182759,2735294,0.00033650,4.44000000,0
1531214183845,1531214183841,2735295,0.00033650,3.50000000,0
1531214187506,1531214187502,2735296,0.00033610,0.82000000,1
1531214189987,1531214189982,2735297,0.00033610,23.78000000,1
1531214190033,1531214190029,2735298,0.00033630,70.34000000,0
1531214190033,1531214190029,2735299,0.00033640,35.11000000,0
1531214190033,1531214190029,2735300,0.00033660,7.20000000,0
1531214190204,1531214190199,2735301,0.00033670,64.88000000,1
1531214192753,1531214192746,2735302,0.00033670,119.47000000,1
1531214192753,1531214192746,2735303,0.00033640,270.44000000,1
1531214192753,1531214192746,2735304,0.00033610,244.40000000,1
1531214192753,1531214192746,2735305,0.00033600,276.88000000,1
1531214192753,1531214192746,2735306,0.00033590,87.81000000,1
1531214192753,1531214192746,2735307,0.00033590,74.30000000,1
1531214199608,1531214199604,2735308,0.00033600,6.66000000,1
1531214199608,1531214199604,2735309,0.00033590,33.34000000,1
1531214199626,1531214199623,2735310,0.00033590,110.00000000,1
1531214201039,1531214201035,2735311,0.00033640,5.94000000,0
1531214203426,1531214203421,2735312,0.00033640,0.72000000,0
1531214204071,1531214204068,2735313,0.00033640,16.64000000,1
1531214209589,1531214209584,2735314,0.00033650,9.23000000,0
1531214210836,1531214210831,2735315,0.00033600,15.00000000,1
1531214210836,1531214210831,2735316,0.00033590,125.45000000,1
1531214213285,1531214213281,2735317,0.00033590,311.73000000,1
1531214216928,1531214216924,2735318,0.00033640,3.98000000,0
1531214217183,1531214217179,2735319,0.00033590,23.80000000,1
1531214219175,1531214219172,2735320,0.00033640,15.40000000,0
1531214229691,1531214229686,2735321,0.00033640,33.36000000,0
1531214234786,1531214234782,2735322,0.00033590,9.03000000,1
1531214234802,1531214234797,2735323,0.00033590,15.04000000,1
1531214234818,1531214234813,2735324,0.00033590,3.01000000,1
1531214236648,1531214236643,2735325,0.00033590,9.03000000,1
1531214248259,1531214248254,2735326,0.00033640,0.01000000,0
1531214248259,1531214248254,2735327,0.00033680,1.05000000,0
1531214249781,1531214249778,2735328,0.00033680,14.04000000,0
1531214251258,1531214251253,2735329,0.00033680,0.01000000,0
1531214252511,1531214252508,2735330,0.00033690,177.63000000,0
1531214253304,1531214253299,2735331,0.00033690,294.49000000,0
1531214253548,1531214253543,2735332,0.00033690,26.32000000,0
1531214254598,1531214254594,2735333,0.00033690,60.92000000,0
1531214257203,1531214257199,2735334,0.00033690,11.92000000,0
1531214260185,1531214260180,2735335,0.00033690,22.05000000,0
1531214264036,1531214264032,2735336,0.00033690,2021.84000000,0
1531214266034,1531214266029,2735337,0.00033710,253.50000000,0
1531214270342,1531214270337,2735338,0.00033770,0.95000000,0
1531214270375,1531214270371,2735339,0.00033770,2.22000000,0
1531214270391,1531214270385,2735340,0.00033770,0.81000000,0
1531214270426,1531214270421,2735341,0.00033770,19.71000000,0
1531214270596,1531214270591,2735342,0.00033820,3.80000000,0
1531214270642,1531214270639,2735343,0.00033820,0.65000000,0
1531214270754,1531214270749,2735344,0.00033820,0.79000000,0
1531214271478,1531214271475,2735345,0.00033820,0.71000000,0
1531214283119,1531214283114,2735346,0.00033820,3.26000000,0
1531214286126,1531214286122,2735347,0.00033820,0.01000000,0
1531214320466,1531214320462,2735348,0.00033810,14.78000000,0
1531214335463,1531214335459,2735349,0.00033810,12.18000000,0
1531214335463,1531214335459,2735350,0.00033830,260.14000000,0
1531214373650,1531214373645,2735351,0.00033820,99.24000000,0
1531214373793,1531214373790,2735352,0.00033820,73.92000000,0
1531214386684,1531214386680,2735353,0.00033820,2018.32000000,0
1531214396671,1531214396666,2735354,0.00033720,5.93000000,1
1531214396671,1531214396666,2735355,0.00033710,142.44000000,1
1531214440111,1531214440105,2735356,0.00033710,710.06000000,1
1531214440111,1531214440105,2735357,0.00033700,767.35000000,1
1531214440111,1531214440105,2735358,0.00033690,458.20000000,1
1531214446041,1531214446035,2735359,0.00033690,490.18000000,1
1531214448058,1531214448054,2735360,0.00033690,18.08000000,1
1531214456445,1531214456441,2735361,0.00033690,10.38000000,1
1531214458389,1531214458383,2735362,0.00033680,474.33000000,1
1531214460209,1531214460204,2735363,0.00033670,474.48000000,1
1531214463247,1531214463243,2735364,0.00033610,154.76000000,1
1531214464212,1531214464208,2735365,0.00033610,41.06000000,1
1531214467216,1531214467211,2735366,0.00033600,200.00000000,1
1531214467269,1531214467265,2735367,0.00033640,3.09000000,0
1531214467316,1531214467312,2735368,0.00033600,765.30000000,1
1531214470617,1531214470613,2735369,0.00033640,2.85000000,0
1531214470617,1531214470613,2735370,0.00033780,5.93000000,0
1531214470617,1531214470613,2735371,0.00033790,13.22000000,0
1531214473458,1531214473455,2735372,0.00033780,5.92000000,0
1531214487075,1531214487071,2735373,0.00033680,6.92000000,0
1531214520387,1531214520382,2735374,0.00033630,4.90000000,1
1531214520387,1531214520382,2735375,0.00033620,5.98000000,1
1531214520387,1531214520382,2735376,0.00033600,133.00000000,1
1531214527059,1531214527055,2735377,0.00033660,8.20000000,0
1531214527334,1531214527329,2735378,0.00033610,45.21000000,1
1531214527334,1531214527329,2735379,0.00033600,844.61000000,1
1531214537148,1531214537144,2735380,0.00033660,0.15000000,0
1531214538292,1531214538288,2735381,0.00033600,143.02000000,1
1531214538292,1531214538288,2735382,0.00033590,141.69000000,1
1531214548028,1531214548025,2735383,0.00033600,60.31000000,1
1531214550096,1531214550091,2735384,0.00033600,0.20000000,0
1531214568076,1531214568073,2735385,0.00033590,15.28000000,1
1531214568076,1531214568073,2735386,0.00033580,13.71000000,1
1531214569188,1531214569181,2735387,0.00033580,436.20000000,1
1531214569188,1531214569181,2735388,0.00033570,2.98000000,1
1531214569188,1531214569181,2735389,0.00033560,15.96000000,1
1531214569188,1531214569181,2735390,0.00033550,428.74000000,1
1531214569189,1531214569181,2735391,0.00033550,281.68000000,1
1531214569189,1531214569181,2735392,0.00033540,330.73000000,1
1531214571010,1531214571007,2735393,0.00033590,10.13000000,0
1531214571539,1531214571535,2735394,0.00033600,0.93000000,0
1531214580141,1531214580136,2735395,0.00033600,5.95000000,0
1531214583252,1531214583247,2735396,0.00033600,10.00000000,0
1531214595930,1531214595927,2735397,0.00033600,9.04000000,0
1531214609922,1531214609919,2735398,0.00033610,5.95000000,1
1531214609922,1531214609919,2735399,0.00033600,14.77000000,1
1531214618611,1531214618607,2735400,0.00033610,3.01000000,1
1531214618657,1531214618654,2735401,0.00033610,6.56000000,1
1531214621098,1531214621094,2735402,0.00033600,3.81000000,1
1531214623181,1531214623177,2735403,0.00033600,101.20000000,1
1531214627666,1531214627663,2735404,0.00033610,24.11000000,0
1531214630292,1531214630288,2735405,0.00033670,0.79000000,0
1531214638805,1531214638800,2735406,0.00033670,3.73000000,0
1531214657836,1531214657831,2735407,0.00033660,44.03000000,0
1531214679551,1531214679546,2735408,0.00033660,11.00000000,0
1531214679551,1531214679546,2735409,0.00033670,98.01000000,0
1531214695928,1531214695923,2735410,0.00033680,2.35000000,0
1531214697525,1531214697522,2735411,0.00033670,40.00000000,1
1531214698129,1531214698125,2735412,0.00033680,0.01000000,0
1531214714297,1531214714292,2735413,0.00033680,78.78000000,0
1531214725443,1531214725438,2735414,0.00033670,51.31000000,1
1531214733333,1531214733329,2735415,0.00033680,0.57000000,0
1531214748704,1531214748699,2735416,0.00033680,0.56000000,0
1531214755827,1531214755823,2735417,0.00033670,3.00000000,1
1531214768607,1531214768604,2735418,0.00033680,43.97000000,0
1531214777036,1531214777032,2735419,0.00033680,50.00000000,0
1531214782125,1531214782120,2735420,0.00033680,6.00000000,0
1531214787665,1531214787662,2735421,0.00033680,3.90000000,0
1531214790496,1531214790493,2735422,0.00033680,1.28000000,0
1531214793494,1531214793489,2735423,0.00033680,0.01000000,0
1531214795531,1531214795528,2735424,0.00033670,6.95000000,1
1531214801549,1531214801545,2735425,0.00033670,301.77000000,1
1531214811799,1531214811795,2735426,0.00033670,0.21000000,0
1531214819471,1531214819466,2735427,0.00033670,109.58000000,0
1531214819471,1531214819466,2735428,0.00033680,770.38000000,0
1531214820974,1531214820969,2735429,0.00033640,0.66000000,1
1531214829992,1531214829987,2735430,0.00033640,49.34000000,1
1531214849140,1531214849135,2735431,0.00033620,5.94000000,1
1531214849140,1531214849135,2735432,0.00033610,5.89000000,1
1531214849140,1531214849135,2735433,0.00033600,77.22000000,1
1531214878685,1531214878680,2735434,0.00033600,98.03000000,1
1531214896933,1531214896928,2735435,0.00033640,0.51000000,0
1531214898590,1531214898585,2735436,0.00033640,0.15000000,0
1531214898590,1531214898585,2735437,0.00033650,5.94000000,0
1531214898590,1531214898585,2735438,0.00033680,419.78000000,0
1531214913963,1531214913960,2735439,0.00033680,57.16000000,0
1531214953180,1531214953175,2735440,0.00033680,4005.58000000,0
1531214954273,1531214954269,2735441,0.00033690,6.54000000,0
1531214956098,1531214956093,2735442,0.00033720,250.00000000,0
1531214958092,1531214958088,2735443,0.00033760,8.80000000,0
1531214959473,1531214959469,2735444,0.00033780,23.62000000,0
1531214967185,1531214967181,2735445,0.00033820,15.00000000,0
1531215015499,1531215015496,2735446,0.00033690,10.08000000,1
1531215016113,1531215016108,2735447,0.00033690,16.93000000,0
1531215018247,1531215018242,2735448,0.00033760,10.08000000,0
1531215025564,1531215025561,2735449,0.00033710,5.16000000,1
1531215025564,1531215025561,2735450,0.00033700,15.58000000,1
1531215026318,1531215026313,2735451,0.00033690,1599.92000000,0
1531215026414,1531215026410,2735452,0.00033690,14.25000000,0
1531215026494,1531215026490,2735453,0.00033690,9.80000000,0
1531215026529,1531215026524,2735454,0.00033690,20.21000000,0
1531215026551,1531215026548,2735455,0.00033690,14.23000000,0
1531215026551,1531215026548,2735456,0.00033690,15.14000000,0
1531215026583,1531215026579,2735457,0.00033690,7.40000000,0
1531215026593,1531215026589,2735458,0.00033690,22.80000000,0
1531215026612,1531215026609,2735459,0.00033690,6.73000000,0
1531215026657,1531215026654,2735460,0.00033690,88.86000000,0
1531215026669,1531215026664,2735461,0.00033690,51.88000000,0
1531215026760,1531215026755,2735462,0.00033690,38.95000000,0
1531215026762,1531215026758,2735463,0.00033820,23.69000000,0
1531215026813,1531215026808,2735464,0.00033780,20.05000000,1
1531215026827,1531215026823,2735465,0.00033820,13.72000000,0
1531215026860,1531215026855,2735466,0.00033780,17.59000000,1
1531215030281,1531215030276,2735467,0.00033780,12.21000000,1
1531215030281,1531215030276,2735468,0.00033760,34.69000000,1
1531215030281,1531215030276,2735469,0.00033720,23.66000000,1
1531215106988,1531215106985,2735470,0.00033680,6.94000000,1
1531215113159,1531215113155,2735471,0.00033680,18.06000000,0
1531215113159,1531215113155,2735472,0.00033720,11.59000000,0
1531215122712,1531215122707,2735473,0.00033640,45.16000000,1
1531215122736,1531215122732,2735474,0.00033640,17.69000000,0
1531215122774,1531215122769,2735475,0.00033640,5.82000000,0
1531215127416,1531215127411,2735476,0.00033630,5.80000000,0
1531215141692,1531215141687,2735477,0.00033640,0.01000000,0
1531215141692,1531215141687,2735478,0.00033700,0.24000000,0
1531215256056,1531215256053,2735479,0.00033700,0.56000000,0
1531215311874,1531215311869,2735480,0.00033690,72.42000000,1
1531215337641,1531215337638,2735481,0.00033700,0.18000000,0
1531215352896,1531215352893,2735482,0.00033700,2.66000000,0
1531215383360,1531215383355,2735483,0.00033700,62.13000000,0
1531215383360,1531215383355,2735484,0.00033710,42.21000000,0
1531215411284,1531215411280,2735485,0.00033710,0.26000000,0
1531215413253,1531215413248,2735486,0.00033710,0.34000000,0
1531215420128,1531215420122,2735487,0.00033700,87.43000000,1
1531215437559,1531215437553,2735488,0.00033710,1.05000000,0
1531215462045,1531215462042,2735489,0.00033710,2.29000000,0
1531215465062,1531215465057,2735490,0.00033710,0.01000000,0
1531215474845,1531215474842,2735491,0.00033710,0.12000000,0
1531215480369,1531215480364,2735492,0.00033710,1.73000000,0
1531215487954,1531215487950,2735493,0.00033710,1.94000000,0
1531215528258,1531215528253,2735494,0.00033750,44.75000000,1
1531215551358,1531215551354,2735495,0.00033740,5.92000000,1
1531215551358,1531215551354,2735496,0.00033730,132.44000000,1
1531215552150,1531215552145,2735497,0.00033800,206.36000000,0
1531215566878,1531215566872,2735498,0.00033720,1.32000000,1
1531215567304,1531215567301,2735499,0.00033720,0.72000000,1
1531215567491,1531215567487,2735500,0.00033720,152.72000000,1
1531215567491,1531215567487,2735501,0.00033710,14.99000000,1
1531215567491,1531215567487,2735502,0.00033700,496.92000000,1
1531215567508,1531215567504,2735503,0.00033700,534.77000000,0
1531215567518,1531215567512,2735504,0.00033700,45.49000000,0
1531215567518,1531215567512,2735505,0.00033790,5.92000000,0
1531215567518,1531215567512,2735506,0.00033800,43.64000000,0
1531215567518,1531215567512,2735507,0.00033810,40.66000000,0
1531215567518,1531215567512,2735508,0.00033830,26.86000000,0
1531215567518,1531215567512,2735509,0.00033840,286.07000000,0
1531215567518,1531215567512,2735510,0.00033870,86.13000000,0
1531215567973,1531215567969,2735511,0.00033690,0.75000000,1
1531215568499,1531215568495,2735512,0.00033730,1.75000000,1
1531215569123,1531215569119,2735513,0.00033730,122.79000000,1
1531215569193,1531215569188,2735514,0.00033690,3.13000000,1
1531215569674,1531215569671,2735515,0.00033690,0.96000000,1
1531215570255,1531215570250,2735516,0.00033740,2.17000000,1
1531215570498,1531215570493,2735517,0.00033740,33.76000000,1
1531215570638,1531215570633,2735518,0.00033700,0.95000000,1
1531215571155,1531215571151,2735519,0.00033700,1.70000000,1
1531215571697,1531215571692,2735520,0.00033700,0.74000000,1
1531215572472,1531215572468,2735521,0.00033700,2.54000000,1
1531215573009,1531215573004,2735522,0.00033700,0.74000000,1
1531215573867,1531215573863,2735523,0.00033700,0.94000000,1
1531215574445,1531215574441,2735524,0.00033700,2.64000000,1
1531215574953,1531215574947,2735525,0.00033700,0.92000000,1
1531215575571,1531215575567,2735526,0.00033700,0.68000000,1
1531215575905,1531215575901,2735527,0.00033700,3.70000000,1
1531215576640,1531215576637,2735528,0.00033700,0.73000000,1
1531215577311,1531215577307,2735529,0.00033700,1.13000000,1
1531215577998,1531215577993,2735530,0.00033700,2.08000000,1
1531215578475,1531215578470,2735531,0.00033700,3.79000000,1
1531215579101,1531215579098,2735532,0.00033700,1.55000000,1
1531215579796,1531215579792,2735533,0.00033700,0.85000000,1
1531215580234,1531215580230,2735534,0.00033700,1.81000000,1
1531215580966,1531215580961,2735535,0.00033700,2.05000000,1
1531215581513,1531215581509,2735536,0.00033700,2.08000000,1
1531215581940,1531215581936,2735537,0.00033700,2.29000000,1
1531215582674,1531215582669,2735538,0.00033700,1.70000000,1
1531215582912,1531215582908,2735539,0.00033700,1.01000000,1
1531215583490,1531215583487,2735540,0.00033700,1.77000000,1
1531215584033,1531215584028,2735541,0.00033700,1.10000000,1
1531215584375,1531215584371,2735542,0.00033700,2.39000000,1
1531215584893,1531215584889,2735543,0.00033700,1.91000000,1
1531215585126,1531215585122,2735544,0.00033700,18.42000000,1
1531215585574,1531215585570,2735545,0.00033690,1.20000000,1
1531215586730,1531215586727,2735546,0.00033790,0.13000000,0
1531215586861,1531215586858,2735547,0.00033690,2.33000000,1
1531215588383,1531215588379,2735548,0.00033690,1.54000000,1
1531215590299,1531215590295,2735549,0.00033690,0.80000000,1
1531215591910,1531215591906,2735550,0.00033690,0.91000000,1
1531215593099,1531215593096,2735551,0.00033690,1.85000000,1
1531215594274,1531215594269,2735552,0.00033710,21.50000000,1
1531215594650,1531215594645,2735553,0.00033690,1.41000000,1
1531215597783,1531215597777,2735554,0.00033690,644.53000000,1
1531215597783,1531215597777,2735555,0.00033680,23.69000000,1
1531215597783,1531215597777,2735556,0.00033640,211.74000000,1
1531215603434,1531215603426,2735557,0.00033670,18.40000000,1
1531215603434,1531215603426,2735558,0.00033660,71.07000000,1
1531215603434,1531215603426,2735559,0.00033650,517.22000000,1
1531215603434,1531215603426,2735560,0.00033640,599.04000000,1
1531215603434,1531215603426,2735561,0.00033610,520.61000000,1
1531215603434,1531215603426,2735562,0.00033600,1207.83000000,1
1531215603434,1531215603426,2735563,0.00033590,9.84000000,1
1531215603434,1531215603426,2735564,0.00033580,6.10000000,1
1531215603434,1531215603426,2735565,0.00033560,1547.54000000,1
1531215603434,1531215603426,2735566,0.00033540,887.34000000,1
1531215623782,1531215623777,2735567,0.00033600,53.66000000,1
1531215623782,1531215623777,2735568,0.00033590,23.75000000,1
1531215623782,1531215623777,2735569,0.00033550,688.57000000,1
1531215623782,1531215623777,2735570,0.00033540,677.48000000,1
1531215631369,1531215631364,2735571,0.00033560,103.86000000,1
1531215642817,1531215642812,2735572,0.00033610,0.72000000,0
1531215644248,1531215644244,2735573,0.00033560,17.73000000,0
1531215645472,1531215645468,2735574,0.00033550,18.40000000,1
1531215645556,1531215645552,2735575,0.00033550,670.18000000,1
1531215649142,1531215649136,2735576,0.00033540,581.44000000,1
1531215659268,1531215659263,2735577,0.00033530,2570.21000000,1
1531215661260,1531215661255,2735578,0.00033530,1693.12000000,1
1531215662358,1531215662353,2735579,0.00033520,46.27000000,1
1531215664138,1531215664134,2735580,0.00033510,35.97000000,1
1531215668142,1531215668138,2735581,0.00033530,25.69000000,0
1531215672657,1531215672654,2735582,0.00033530,4.47000000,0
1531215678607,1531215678604,2735583,0.00033530,4.47000000,0
1531215686332,1531215686328,2735584,0.00033530,3.01000000,0
1531215693185,1531215693180,2735585,0.00033530,4.15000000,0
1531215700829,1531215700824,2735586,0.00033520,0.01000000,1
1531215710690,1531215710686,2735587,0.00033530,11.15000000,0
1531215711360,1531215711356,2735588,0.00033550,0.03000000,0
1531215715607,1531215715602,2735589,0.00033550,59.51000000,0
1531215716110,1531215716107,2735590,0.00033560,65.89000000,0
1531215718085,1531215718082,2735591,0.00033560,20.05000000,0
1531215727160,1531215727156,2735592,0.00033560,24.52000000,0
1531215727311,1531215727307,2735593,0.00033620,2.22000000,0
1531215728402,1531215728397,2735594,0.00033620,0.85000000,0
1531215733412,1531215733407,2735595,0.00033520,5.96000000,1
1531215733412,1531215733407,2735596,0.00033510,508.04000000,1
1531215741711,1531215741705,2735597,0.00033520,7.59000000,1
1531215741711,1531215741705,2735598,0.00033510,168.62000000,1
1531215741711,1531215741705,2735599,0.00033500,340.79000000,1
1531215741711,1531215741705,2735600,0.00033500,11.00000000,1
1531215741712,1531215741705,2735601,0.00033500,29.91000000,1
1531215741712,1531215741705,2735602,0.00033500,825.58000000,1
1531215749994,1531215749989,2735603,0.00033500,98.00000000,1
1531215751403,1531215751400,2735604,0.00033500,3.02000000,1
1531215757578,1531215757574,2735605,0.00033510,100.00000000,1
1531215766192,1531215766188,2735606,0.00033510,61.00000000,1
1531215769153,1531215769150,2735607,0.00033550,85.85000000,1
1531215773157,1531215773154,2735608,0.00033550,24.52000000,1
1531215775544,1531215775540,2735609,0.00033550,84.00000000,1
1531215784695,1531215784690,2735610,0.00033550,66.00000000,1
1531215790894,1531215790889,2735611,0.00033550,15.06000000,1
1531215791834,1531215791830,2735612,0.00033580,7.59000000,0
1531215794092,1531215794088,2735613,0.00033580,0.48000000,1
1531215794092,1531215794088,2735614,0.00033550,90.52000000,1
1531215802679,1531215802676,2735615,0.00033550,64.00000000,1
1531215811649,1531215811645,2735616,0.00033550,63.00000000,1
1531215813759,1531215813756,2735617,0.00033550,951.05000000,1
1531215817547,1531215817544,2735618,0.00033550,4.03000000,0
1531215819526,1531215819522,2735619,0.00033510,84.00000000,1
1531215825345,1531215825340,2735620,0.00033550,0.35000000,0
1531215829674,1531215829670,2735621,0.00033510,5.33000000,1
1531215829674,1531215829670,2735622,0.00033500,69.67000000,1
1531215838951,1531215838948,2735623,0.00033510,4.38000000,0
1531215852362,1531215852359,2735624,0.00033550,4.38000000,0
1531215858397,1531215858393,2735625,0.00033550,0.87000000,0
1531215879939,1531215879934,2735626,0.00033550,10.00000000,0
1531215884629,1531215884625,2735627,0.00033500,236.03000000,1
1531215894117,1531215894112,2735628,0.00033500,41.95000000,1
1531215897280,1531215897275,2735629,0.00033550,0.05000000,0
1531215900458,1531215900455,2735630,0.00033500,95.00000000,1
1531215902203,1531215902199,2735631,0.00033550,2.76000000,0
1531215904848,1531215904845,2735632,0.00033550,10.00000000,0
1531215908521,1531215908518,2735633,0.00033500,50.00000000,1
1531215909471,1531215909468,2735634,0.00033550,2.13000000,0
1531215917287,1531215917283,2735635,0.00033500,104.00000000,1
1531215926237,1531215926233,2735636,0.00033510,49.00000000,1
1531215935511,1531215935503,2735637,0.00033510,49.00000000,1
1531215943517,1531215943514,2735638,0.00033550,5.06000000,0
1531215944330,1531215944326,2735639,0.00033510,115.00000000,1
1531215946531,1531215946528,2735640,0.00033550,0.01000000,0
1531215951780,1531215951774,2735641,0.00033510,581.20000000,1
1531215951780,1531215951774,2735642,0.00033500,462.03000000,1
1531215953658,1531215953653,2735643,0.00033500,1248.10000000,1
1531215954867,1531215954862,2735644,0.00033500,49.00000000,1
1531215964290,1531215964286,2735645,0.00033510,65.00000000,1
1531215964290,1531215964286,2735646,0.00033500,29.00000000,1
1531215973057,1531215973052,2735647,0.00033500,74.00000000,1
1531215977737,1531215977733,2735648,0.00033540,70.00000000,0
1531215980226,1531215980223,2735649,0.00033540,1.42000000,0
1531215982080,1531215982076,2735650,0.00033500,174.00000000,1
1531215984797,1531215984792,2735651,0.00033540,2.01000000,0
1531215984797,1531215984792,2735652,0.00033550,58.50000000,0
1531215984824,1531215984819,2735653,0.00033590,23.72000000,0
1531215995569,1531215995566,2735654,0.00033630,2.33000000,0
1531215995811,1531215995808,2735655,0.00033630,0.13000000,0
1531216003212,1531216003209,2735656,0.00033630,2.23000000,0
1531216033368,1531216033364,2735657,0.00033530,104.53000000,0
1531216035262,1531216035259,2735658,0.00033500,250.00000000,1
1531216040199,1531216040196,2735659,0.00033530,0.52000000,0
1531216040404,1531216040401,2735660,0.00033500,59.54000000,1
1531216071088,1531216071085,2735661,0.00033510,100.00000000,1
1531216071353,1531216071349,2735662,0.00033510,50.74000000,1
1531216094060,1531216094056,2735663,0.00033510,50.00000000,1
1531216099011,1531216099008,2735664,0.00033510,60.00000000,1
1531216099100,1531216099096,2735665,0.00033530,292.09000000,0
1531216109012,1531216109006,2735666,0.00033610,0.17000000,0
1531216115115,1531216115110,2735667,0.00033610,0.54000000,0
1531216149033,1531216149028,2735668,0.00033610,23.03000000,0
1531216149033,1531216149028,2735669,0.00033630,206.74000000,0
1531216154207,1531216154204,2735670,0.00033630,7.40000000,0
1531216165438,1531216165433,2735671,0.00033630,0.12000000,0
1531216167934,1531216167931,2735672,0.00033630,1.49000000,0
1531216204646,1531216204641,2735673,0.00033530,19.66000000,1
1531216204646,1531216204641,2735674,0.00033520,5.96000000,1
1531216204646,1531216204641,2735675,0.00033510,74.38000000,1
1531216219197,1531216219193,2735676,0.00033570,5.96000000,0
1531216219197,1531216219193,2735677,0.00033580,19.66000000,0
1531216284943,1531216284939,2735678,0.00033530,5.96000000,1
1531216287947,1531216287944,2735679,0.00033520,121.50000000,1
1531216326276,1531216326272,2735680,0.00033530,70.29000000,1
1531216326287,1531216326282,2735681,0.00033530,70.29000000,1
1531216326288,1531216326284,2735682,0.00033530,70.29000000,1
1531216326291,1531216326286,2735683,0.00033530,70.29000000,1
1531216326294,1531216326291,2735684,0.00033530,70.29000000,1
1531216328689,1531216328685,2735685,0.00033540,14.26000000,1
1531216368168,1531216368162,2735686,0.00033530,15.09000000,1
1531216375685,1531216375681,2735687,0.00033530,213.86000000,1
1531216375781,1531216375777,2735688,0.00033540,29.97000000,0
1531216378983,1531216378978,2735689,0.00033530,150.86000000,1
1531216402572,1531216402566,2735690,0.00033530,1164.58000000,0
1531216402572,1531216402566,2735691,0.00033610,23.74000000,0
1531216402572,1531216402566,2735692,0.00033620,5.96000000,0
1531216402572,1531216402566,2735693,0.00033630,29.56000000,0
1531216402572,1531216402566,2735694,0.00033670,796.16000000,0
1531216420802,1531216420798,2735695,0.00033550,18.32000000,1
1531216421886,1531216421882,2735696,0.00033660,2.34000000,0
1531216440808,1531216440804,2735697,0.00033660,0.22000000,0
1531216478246,1531216478242,2735698,0.00033560,5.95000000,1
1531216478246,1531216478242,2735699,0.00033550,144.05000000,1
1531216483536,1531216483532,2735700,0.00033560,2.99000000,1
1531216483536,1531216483532,2735701,0.00033550,20.85000000,1
1531216483940,1531216483936,2735702,0.00033550,47.23000000,1
1531216546518,1531216546514,2735703,0.00033610,0.27000000,0
1531216619094,1531216619089,2735704,0.00033610,0.25000000,0
1531216667585,1531216667582,2735705,0.00033600,15.76000000,0
1531216667585,1531216667582,2735706,0.00033610,8.42000000,0
1531216667610,1531216667604,2735707,0.00033610,67.55000000,1
1531216667710,1531216667705,2735708,0.00033610,301.23000000,1
1531216679375,1531216679372,2735709,0.00033610,47.13000000,1
1531216719322,1531216719318,2735710,0.00033640,0.03000000,0
1531216756360,1531216756355,2735711,0.00033620,322.06000000,1
1531216759208,1531216759203,2735712,0.00033640,40.46000000,0
1531216759208,1531216759203,2735713,0.00033660,35.00000000,0
1531216759208,1531216759203,2735714,0.00033680,22.86000000,0
1531216759208,1531216759203,2735715,0.00033730,23.72000000,0
1531216759208,1531216759203,2735716,0.00033750,262.50000000,0
1531216759208,1531216759203,2735717,0.00033760,231.04000000,0
1531216769549,1531216769545,2735718,0.00033760,0.70000000,0
1531216783261,1531216783257,2735719,0.00033650,0.63000000,1
1531216783656,1531216783652,2735720,0.00033650,0.77000000,1
1531216784263,1531216784258,2735721,0.00033660,0.89000000,1
1531216784847,1531216784844,2735722,0.00033660,0.71000000,1
1531216785894,1531216785891,2735723,0.00033660,1.47000000,1
1531216786714,1531216786710,2735724,0.00033660,0.79000000,1
1531216787046,1531216787043,2735725,0.00033660,0.78000000,1
1531216787631,1531216787627,2735726,0.00033660,0.95000000,1
1531216788332,1531216788327,2735727,0.00033660,3.06000000,1
1531216788754,1531216788749,2735728,0.00033660,2.96000000,1
1531216789366,1531216789362,2735729,0.00033650,0.73000000,1
1531216789584,1531216789578,2735730,0.00033650,12.34000000,1
1531216790107,1531216790102,2735731,0.00033650,0.82000000,1
1531216791264,1531216791261,2735732,0.00033650,1.40000000,1
1531216791882,1531216791877,2735733,0.00033650,3.15000000,1
1531216792763,1531216792758,2735734,0.00033650,2.94000000,1
1531216794203,1531216794198,2735735,0.00033650,1.19000000,1
1531216794789,1531216794786,2735736,0.00033650,1.14000000,1
1531216794835,1531216794832,2735737,0.00033650,2.24000000,1
1531216795330,1531216795326,2735738,0.00033650,4.41000000,1
1531216795498,1531216795495,2735739,0.00033660,0.79000000,0
1531216795748,1531216795742,2735740,0.00033650,0.96000000,1
1531216796283,1531216796279,2735741,0.00033650,4.46000000,1
1531216796910,1531216796906,2735742,0.00033650,2.76000000,1
1531216797413,1531216797408,2735743,0.00033650,2.17000000,1
1531216797875,1531216797871,2735744,0.00033650,1.17000000,1
1531216798325,1531216798320,2735745,0.00033650,3.00000000,1
1531216798325,1531216798320,2735746,0.00033630,0.88000000,1
1531216799050,1531216799046,2735747,0.00033630,1.80000000,1
1531216799527,1531216799522,2735748,0.00033630,1.55000000,1
1531216800221,1531216800216,2735749,0.00033630,1.07000000,1
1531216800669,1531216800665,2735750,0.00033630,1.84000000,1
1531216800916,1531216800911,2735751,0.00033660,5.18000000,0
1531216801084,1531216801079,2735752,0.00033630,2.07000000,1
1531216801746,1531216801742,2735753,0.00033650,2.34000000,1
1531216802107,1531216802102,2735754,0.00033650,0.76000000,1
1531216802666,1531216802662,2735755,0.00033650,0.69000000,1
1531216803290,1531216803286,2735756,0.00033650,0.93000000,1
1531216804003,1531216803999,2735757,0.00033650,1.49000000,1
1531216804524,1531216804520,2735758,0.00033650,0.65000000,1
1531216805242,1531216805238,2735759,0.00033650,1.79000000,1
1531216805666,1531216805661,2735760,0.00033650,1.42000000,1
1531216806194,1531216806190,2735761,0.00033650,10.80000000,1
1531216810746,1531216810743,2735762,0.00033650,190.81000000,1
1531216818882,1531216818878,2735763,0.00033660,0.44000000,0
1531216818983,1531216818980,2735764,0.00033660,1527.94000000,0
1531216825248,1531216825244,2735765,0.00033710,5.67000000,0
1531216826700,1531216826695,2735766,0.00033660,0.12000000,1
1531216838357,1531216838352,2735767,0.00033670,35.94000000,1
1531216841633,1531216841629,2735768,0.00033720,5.94000000,0
1531216855896,1531216855892,2735769,0.00033720,233.00000000,0
1531216858650,1531216858646,2735770,0.00033670,0.82000000,1
1531216858842,1531216858838,2735771,0.00033720,0.94000000,0
1531216859253,1531216859249,2735772,0.00033670,0.70000000,1
1531216859884,1531216859880,2735773,0.00033670,0.97000000,1
1531216860319,1531216860315,2735774,0.00033670,1.99000000,1
1531216860916,1531216860911,2735775,0.00033670,0.97000000,1
1531216861510,1531216861505,2735776,0.00033670,1.97000000,1
1531216862038,1531216862034,2735777,0.00033670,11.00000000,1
1531216862632,1531216862628,2735778,0.00033670,3.83000000,1
1531216863516,1531216863513,2735779,0.00033670,4.67000000,1
1531216863953,1531216863948,2735780,0.00033670,0.87000000,1
1531216864469,1531216864466,2735781,0.00033670,0.84000000,1
1531216865025,1531216865021,2735782,0.00033670,0.87000000,1
1531216865616,1531216865610,2735783,0.00033670,0.94000000,1
1531216865960,1531216865955,2735784,0.00033670,0.79000000,1
1531216866466,1531216866461,2735785,0.00033670,3.58000000,1
1531216867237,1531216867233,2735786,0.00033670,0.86000000,1
1531216867866,1531216867861,2735787,0.00033670,1.99000000,1
1531216868523,1531216868520,2735788,0.00033670,2.22000000,1
1531216869044,1531216869039,2735789,0.00033670,0.80000000,1
1531216869498,1531216869493,2735790,0.00033670,2.88000000,1
1531216869900,1531216869897,2735791,0.00033670,1.71000000,1
1531216870465,1531216870460,2735792,0.00033670,1.83000000,1
1531216871147,1531216871142,2735793,0.00033680,0.82000000,1
1531216871689,1531216871685,2735794,0.00033680,0.70000000,1
1531216872272,1531216872267,2735795,0.00033680,1.24000000,1
1531216872752,1531216872748,2735796,0.00033680,1.50000000,1
1531216872761,1531216872758,2735797,0.00033720,250.00000000,0
1531216873283,1531216873280,2735798,0.00033680,2.44000000,1
1531216873830,1531216873826,2735799,0.00033680,3.80000000,1
1531216874628,1531216874623,2735800,0.00033680,2.45000000,1
1531216876007,1531216876002,2735801,0.00033680,1.70000000,1
1531216877205,1531216877201,2735802,0.00033680,1.91000000,1
1531216878582,1531216878577,2735803,0.00033680,2.26000000,1
1531216879490,1531216879487,2735804,0.00033680,0.85000000,1
1531216880290,1531216880285,2735805,0.00033680,9.25000000,1
1531216882097,1531216882093,2735806,0.00033680,5.16000000,1
1531216883109,1531216883105,2735807,0.00033680,1.07000000,1
1531216883855,1531216883850,2735808,0.00033680,2.63000000,1
1531216884860,1531216884857,2735809,0.00033680,1.69000000,1
1531216885726,1531216885721,2735810,0.00033680,0.95000000,1
1531216894329,1531216894323,2735811,0.00033680,315.33000000,1
1531216897145,1531216897140,2735812,0.00033680,4.21000000,1
1531216903680,1531216903676,2735813,0.00033680,0.07000000,1
1531216913267,1531216913263,2735814,0.00033680,151.55000000,1
1531216915975,1531216915972,2735815,0.00033680,13.94000000,0
1531216916069,1531216916064,2735816,0.00033680,8.03000000,0
1531216918219,1531216918214,2735817,0.00033670,100.05000000,1
1531216918219,1531216918214,2735818,0.00033660,3.20000000,1
1531216918219,1531216918214,2735819,0.00033640,266.40000000,1
1531216944862,1531216944859,2735820,0.00033640,26.45000000,1
1531216951148,1531216951142,2735821,0.00033690,0.18000000,0
1531216974996,1531216974992,2735822,0.00033640,10.00000000,1
1531216980290,1531216980283,2735823,0.00033640,5.88000000,1
1531216981358,1531216981354,2735824,0.00033640,35.46000000,0
1531216985111,1531216985106,2735825,0.00033630,54.40000000,1
1531216985138,1531216985134,2735826,0.00033630,76.27000000,1
1531216987586,1531216987581,2735827,0.00033680,1.61000000,0
1531217000569,1531217000564,2735828,0.00033630,1024.27000000,1
1531217005013,1531217005009,2735829,0.00033630,9.88000000,1
1531217009063,1531217009058,2735830,0.00033680,21.82000000,0
1531217009063,1531217009058,2735831,0.00033720,1.72000000,0
1531217009063,1531217009058,2735832,0.00033740,420.46000000,0
1531217014050,1531217014046,2735833,0.00033740,0.27000000,0
1531217017066,1531217017062,2735834,0.00033740,0.01000000,0
1531217027526,1531217027521,2735835,0.00033640,1.61000000,1
1531217028278,1531217028274,2735836,0.00033640,0.81000000,1
1531217028781,1531217028777,2735837,0.00033640,2.18000000,1
1531217029353,1531217029348,2735838,0.00033640,3.39000000,1
1531217029353,1531217029348,2735839,0.00033630,0.49000000,1
1531217029717,1531217029711,2735840,0.00033630,827.56000000,1
1531217030000,1531217029996,2735841,0.00033640,1.01000000,1
1531217030620,1531217030616,2735842,0.00033640,2.22000000,1
1531217031216,1531217031211,2735843,0.00033640,2.27000000,1
1531217067037,1531217067033,2735844,0.00033720,0.51000000,0
1531217070033,1531217070030,2735845,0.00033720,0.01000000,0
1531217086819,1531217086815,2735846,0.00033640,5.81000000,1
1531217086819,1531217086815,2735847,0.00033630,0.16000000,1
1531217088218,1531217088213,2735848,0.00033720,0.36000000,0
1531217112420,1531217112415,2735849,0.00033640,160.00000000,1
1531217112420,1531217112415,2735850,0.00033630,555.70000000,1
1531217129253,1531217129249,2735851,0.00033630,85.54000000,1
1531217129253,1531217129249,2735852,0.00033600,411.05000000,1
1531217150533,1531217150529,2735853,0.00033690,0.01000000,0
1531217153252,1531217153248,2735854,0.00033690,6.02000000,0
1531217159908,1531217159903,2735855,0.00033690,0.18000000,0
1531217249255,1531217249250,2735856,0.00033690,0.06000000,0
1531217252264,1531217252259,2735857,0.00033690,0.01000000,0
1531217300534,1531217300531,2735858,0.00033610,84.79000000,1
1531217307485,1531217307481,2735859,0.00033610,315.21000000,1
1531217307485,1531217307481,2735860,0.00033600,994.84000000,1
1531217322467,1531217322463,2735861,0.00033600,0.38000000,1
1531217345628,1531217345624,2735862,0.00033600,23.85000000,1
1531217439881,1531217439875,2735863,0.00033660,12.14000000,0
1531217439881,1531217439875,2735864,0.00033670,92.79000000,0
1531217439881,1531217439875,2735865,0.00033680,77.15000000,0
1531217439881,1531217439875,2735866,0.00033690,17.92000000,0
1531217442118,1531217442114,2735867,0.00033610,12.59000000,1
1531217442118,1531217442114,2735868,0.00033600,58.23000000,1
1531217452713,1531217452707,2735869,0.00033600,139.36000000,1
1531217452713,1531217452707,2735870,0.00033560,239.19000000,1
1531217452713,1531217452707,2735871,0.00033550,1056.42000000,1
1531217466317,1531217466313,2735872,0.00033550,940.63000000,1
1531217467452,1531217467447,2735873,0.00033540,300.00000000,1
1531217468735,1531217468732,2735874,0.00033520,342.41000000,1
1531217479510,1531217479506,2735875,0.00033600,1.04000000,0
1531217482540,1531217482536,2735876,0.00033600,0.01000000,0
1531217503392,1531217503389,2735877,0.00033580,18.14000000,0
1531217504442,1531217504436,2735878,0.00033570,15.48000000,0
1531217505823,1531217505818,2735879,0.00033570,17.68000000,0
1531217508614,1531217508609,2735880,0.00033520,1855.54000000,1
1531217525681,1531217525674,2735881,0.00033520,536.90000000,1
1531217525681,1531217525674,2735882,0.00033510,108.94000000,1
1531217525681,1531217525674,2735883,0.00033500,898.16000000,1
1531217528612,1531217528609,2735884,0.00033560,3.25000000,0
1531217529614,1531217529609,2735885,0.00033560,7.87000000,0
1531217529614,1531217529609,2735886,0.00033570,19.19000000,0
1531217529614,1531217529609,2735887,0.00033590,2.72000000,0
1531217532348,1531217532342,2735888,0.00033510,9.64000000,1
1531217532348,1531217532342,2735889,0.00033500,1540.36000000,1
1531217534109,1531217534105,2735890,0.00033510,5.09000000,1
1531217534109,1531217534105,2735891,0.00033500,853.17000000,1
1531217540673,1531217540667,2735892,0.00033480,116.39000000,1
1531217540673,1531217540667,2735893,0.00033470,105.07000000,1
1531217540673,1531217540667,2735894,0.00033450,75.54000000,1
1531217540675,1531217540667,2735895,0.00033450,74.46000000,1
1531217540675,1531217540667,2735896,0.00033440,60.00000000,1
1531217540675,1531217540667,2735897,0.00033430,3.00000000,1
1531217540675,1531217540667,2735898,0.00033420,7.85000000,1
1531217540675,1531217540667,2735899,0.00033410,23.88000000,1
1531217540675,1531217540667,2735900,0.00033400,6.01000000,1
1531217540675,1531217540667,2735901,0.00033390,12.57000000,1
1531217540675,1531217540667,2735902,0.00033370,312.23000000,1
1531217540675,1531217540667,2735903,0.00033370,7.29000000,1
1531217540679,1531217540667,2735904,0.00033370,213.48000000,1
1531217540679,1531217540667,2735905,0.00033360,41.33000000,1
1531217540679,1531217540667,2735906,0.00033350,1777.12000000,1
1531217540679,1531217540667,2735907,0.00033340,21.37000000,1
1531217540679,1531217540667,2735908,0.00033330,867.30000000,1
1531217540679,1531217540667,2735909,0.00033320,10.53000000,1
1531217540679,1531217540667,2735910,0.00033310,64.38000000,1
1531217540705,1531217540701,2735911,0.00033310,217.93000000,0
1531217540736,1531217540730,2735912,0.00033310,22.15000000,0
1531217540737,1531217540733,2735913,0.00033310,18.79000000,0
1531217540763,1531217540758,2735914,0.00033310,22.26000000,0
1531217540776,1531217540772,2735915,0.00033310,22.00000000,0
1531217540840,1531217540835,2735916,0.00033310,261.01000000,0
1531217540923,1531217540919,2735917,0.00033310,217.93000000,0
1531217541195,1531217541191,2735918,0.00033310,240.31000000,0
1531217541196,1531217541193,2735919,0.00033310,261.02000000,0
1531217541200,1531217541195,2735920,0.00033310,59.01000000,0
1531217541312,1531217541307,2735921,0.00033310,534.34000000,0
1531217542127,1531217542123,2735922,0.00033400,7.18000000,0
1531217543086,1531217543082,2735923,0.00033400,7.20000000,0
1531217543796,1531217543792,2735924,0.00033460,0.01000000,0
1531217544494,1531217544490,2735925,0.00033450,33.41000000,0
1531217544575,1531217544569,2735926,0.00033450,25.45000000,1
1531217544575,1531217544569,2735927,0.00033400,14.72000000,1
1531217544575,1531217544569,2735928,0.00033310,33.83000000,1
1531217547830,1531217547825,2735929,0.00033320,26.90000000,1
1531217547830,1531217547825,2735930,0.00033310,59.00000000,1
1531217547830,1531217547825,2735931,0.00033300,216.10000000,1
1531217547830,1531217547825,2735932,0.00033300,15.29000000,1
1531217547830,1531217547825,2735933,0.00033300,274.91000000,1
1531217547831,1531217547825,2735934,0.00033300,79.00000000,1
1531217548257,1531217548252,2735935,0.00033430,5.93000000,0
1531217550884,1531217550878,2735936,0.00033310,13.88000000,1
1531217550884,1531217550878,2735937,0.00033300,15.12000000,1
1531217555545,1531217555540,2735938,0.00033300,183.00000000,1
1531217560067,1531217560063,2735939,0.00033300,409.11000000,1
1531217560085,1531217560081,2735940,0.00033300,57.67000000,1
1531217563682,1531217563677,2735941,0.00033300,255.00000000,1
1531217566291,1531217566287,2735942,0.00033300,139.87000000,1
1531217566400,1531217566396,2735943,0.00033300,296.68000000,1
1531217566428,1531217566424,2735944,0.00033300,143.97000000,1
1531217567255,1531217567251,2735945,0.00033290,23.92000000,1
1531217567256,1531217567251,2735946,0.00033340,45.25000000,0
1531217567257,1531217567251,2735947,0.00033290,350.23000000,1
1531217567257,1531217567251,2735948,0.00033280,3.01000000,1
1531217567259,1531217567251,2735949,0.00033270,195.38000000,1
1531217567259,1531217567251,2735950,0.00033260,178.73000000,1
1531217567259,1531217567251,2735951,0.00033240,51.09000000,1
1531217567260,1531217567251,2735952,0.00033230,33.24000000,1
1531217567261,1531217567251,2735953,0.00033230,66.76000000,1
1531217567261,1531217567251,2735954,0.00033210,125.38000000,1
1531217567261,1531217567251,2735955,0.00033200,37.63000000,1
1531217567261,1531217567251,2735956,0.00033190,18.69000000,1
1531217567261,1531217567251,2735957,0.00033180,18.70000000,1
1531217567261,1531217567251,2735958,0.00033170,4.84000000,1
1531217567262,1531217567251,2735959,0.00033170,78.38000000,1
1531217567284,1531217567279,2735960,0.00033200,23.33000000,0
1531217567284,1531217567279,2735961,0.00033240,350.98000000,0
1531217567284,1531217567279,2735962,0.00033250,142.42000000,0
1531217567284,1531217567279,2735963,0.00033250,508.64000000,0
1531217567303,1531217567299,2735964,0.00033250,9.86000000,0
1531217567376,1531217567372,2735965,0.00033250,252.80000000,0
1531217567616,1531217567611,2735966,0.00033240,7.49000000,0
1531217567616,1531217567611,2735967,0.00033250,45.14000000,0
1531217567796,1531217567792,2735968,0.00033170,26.34000000,1
1531217567810,1531217567806,2735969,0.00033250,421.45000000,0
1531217568279,1531217568275,2735970,0.00033240,16.91000000,0
1531217569466,1531217569461,2735971,0.00033240,0.37000000,0
1531217569966,1531217569961,2735972,0.00033180,18.37000000,0
1531217571850,1531217571845,2735973,0.00033240,1.58000000,0
1531217571850,1531217571845,2735974,0.00033260,1.42000000,0
1531217572056,1531217572051,2735975,0.00033170,7.71000000,1
1531217572056,1531217572051,2735976,0.00033160,4.38000000,1
1531217572056,1531217572051,2735977,0.00033140,3.02000000,1
1531217572056,1531217572051,2735978,0.00033120,44.09000000,1
1531217572056,1531217572051,2735979,0.00033100,139.80000000,1
1531217572057,1531217572051,2735980,0.00033100,37.61000000,1
1531217572057,1531217572051,2735981,0.00033100,138.68000000,1
1531217572058,1531217572051,2735982,0.00033100,108.51000000,1
1531217572058,1531217572051,2735983,0.00033080,301.49000000,1
1531217572059,1531217572051,2735984,0.00033080,170.36000000,1
1531217572059,1531217572051,2735985,0.00033080,302.82000000,1
1531217572076,1531217572070,2735986,0.00033090,750.00000000,0
1531217572076,1531217572070,2735987,0.00033120,500.00000000,0
1531217572076,1531217572070,2735988,0.00033130,422.29000000,0
1531217578742,1531217578737,2735989,0.00033110,258.18000000,1
1531217578742,1531217578737,2735990,0.00033100,6.92000000,1
1531217578742,1531217578737,2735991,0.00033080,11.90000000,1
1531217580427,1531217580422,2735992,0.00033240,4.47000000,0
1531217584380,1531217584375,2735993,0.00033190,13.48000000,0
1531217584380,1531217584375,2735994,0.00033200,12.67000000,0
1531217586501,1531217586496,2735995,0.00033120,8.47000000,1
1531217586501,1531217586496,2735996,0.00033100,154.76000000,1
1531217586501,1531217586496,2735997,0.00033080,31.77000000,1
1531217588225,1531217588221,2735998,0.00033110,3.06000000,1
1531217588238,1531217588232,2735999,0.00033110,4.76000000,1
1531217588313,1531217588309,2736000,0.00033110,8.07000000,0
1531217588438,1531217588433,2736001,0.00033100,102.49000000,1
1531217588483,1531217588479,2736002,0.00033110,15.26000000,0
1531217588719,1531217588715,2736003,0.00033110,10.68000000,1
1531217588838,1531217588832,2736004,0.00033110,3.06000000,1
1531217589275,1531217589272,2736005,0.00033110,7.17000000,1
1531217589640,1531217589636,2736006,0.00033110,15.26000000,1
1531217591523,1531217591519,2736007,0.00033110,22.90000000,1
1531217592036,1531217592031,2736008,0.00033150,7.12000000,0
1531217592227,1531217592223,2736009,0.00033150,1.39000000,0
1531217592819,1531217592815,2736010,0.00033150,231.18000000,0
1531217594181,1531217594177,2736011,0.00033100,26.45000000,1
1531217594215,1531217594211,2736012,0.00033100,79.47000000,1
1531217594215,1531217594211,2736013,0.00033080,4.93000000,1
1531217594215,1531217594211,2736014,0.00033060,75.00000000,1
1531217594215,1531217594211,2736015,0.00033030,30.60000000,1
1531217594219,1531217594211,2736016,0.00033030,91.65000000,1
1531217594219,1531217594211,2736017,0.00033020,4.61000000,1
1531217594219,1531217594211,2736018,0.00033010,1669.88000000,1
1531217594219,1531217594211,2736019,0.00033000,2408.14000000,1
1531217594222,1531217594211,2736020,0.00033000,2118.22000000,1
1531217594222,1531217594211,2736021,0.00032990,18.96000000,1
1531217594227,1531217594211,2736022,0.00032970,146.63000000,1
1531217594227,1531217594211,2736023,0.00032940,15.26000000,1
1531217594227,1531217594211,2736024,0.00032920,14.79000000,1
1531217594227,1531217594211,2736025,0.00032900,300.00000000,1
1531217594227,1531217594211,2736026,0.00032890,7.22000000,1
1531217594227,1531217594211,2736027,0.00032880,6.67000000,1
1531217594227,1531217594211,2736028,0.00032870,134.93000000,1
1531217594227,1531217594211,2736029,0.00032850,12.13000000,1
1531217594227,1531217594211,2736030,0.00032840,569.37000000,1
1531217594229,1531217594211,2736031,0.00032840,294.72000000,1
1531217594230,1531217594211,2736032,0.00032840,224.77000000,1
1531217594230,1531217594211,2736033,0.00032840,81.63000000,1
1531217594234,1531217594228,2736034,0.00032950,293.00000000,0
1531217594238,1531217594235,2736035,0.00032950,293.00000000,0
1531217594244,1531217594239,2736036,0.00032950,100.91000000,0
1531217594248,1531217594243,2736037,0.00032950,293.00000000,0
1531217594256,1531217594251,2736038,0.00032840,586.00000000,1
1531217594258,1531217594254,2736039,0.00032950,100.92000000,0
1531217594262,1531217594258,2736040,0.00032950,100.92000000,0
1531217594263,1531217594259,2736041,0.00032950,100.92000000,0
1531217594268,1531217594264,2736042,0.00032950,100.92000000,0
1531217594279,1531217594274,2736043,0.00032950,894.87000000,0
1531217594289,1531217594285,2736044,0.00032990,100.92000000,0
1531217594293,1531217594289,2736045,0.00033000,715.27000000,0
1531217594328,1531217594324,2736046,0.00033000,353.51000000,0
1531217594340,1531217594336,2736047,0.00033000,16.85000000,0
1531217594377,1531217594373,2736048,0.00033000,1318.63000000,0
1531217594557,1531217594553,2736049,0.00032990,28.67000000,1
1531217594634,1531217594629,2736050,0.00033000,62.00000000,0
1531217594817,1531217594812,2736051,0.00033000,1129.07000000,0
1531217594904,1531217594899,2736052,0.00033010,43.29000000,0
1531217594908,1531217594904,2736053,0.00033010,249.71000000,0
1531217594908,1531217594904,2736054,0.00033140,43.29000000,0
1531217594908,1531217594904,2736055,0.00033170,4.54000000,0
1531217594952,1531217594947,2736056,0.00033170,6.28000000,1
1531217594966,1531217594961,2736057,0.00033170,184.14000000,1
1531217594994,1531217594989,2736058,0.00033170,204.30000000,1
1531217595220,1531217595217,2736059,0.00033170,251.74000000,1
1531217596143,1531217596137,2736060,0.00033020,7.26000000,0
1531217596143,1531217596137,2736061,0.00033060,7.22000000,0
1531217596517,1531217596513,2736062,0.00033000,5.85000000,1
1531217600048,1531217600042,2736063,0.00033020,6.00000000,1
1531217600048,1531217600042,2736064,0.00033010,11.51000000,1
1531217600048,1531217600042,2736065,0.00033000,7.41000000,1
1531217600048,1531217600042,2736066,0.00032990,1.63000000,1
1531217600857,1531217600852,2736067,0.00032990,28.64000000,1
1531217601563,1531217601558,2736068,0.00033090,11.51000000,0
1531217601563,1531217601558,2736069,0.00033100,16.57000000,0
1531217602143,1531217602139,2736070,0.00033000,11.61000000,1
1531217602143,1531217602139,2736071,0.00032990,32.06000000,1
1531217602143,1531217602139,2736072,0.00032860,139.74000000,1
1531217602143,1531217602139,2736073,0.00032840,68.59000000,1
1531217603154,1531217603150,2736074,0.00032940,0.03000000,1
1531217603588,1531217603583,2736075,0.00032940,0.01000000,1
1531217603960,1531217603953,2736076,0.00033090,11.61000000,0
1531217603960,1531217603953,2736077,0.00033100,5.54000000,0
1531217603960,1531217603953,2736078,0.00033110,51.81000000,0
1531217603960,1531217603953,2736079,0.00033120,7.22000000,0
1531217603960,1531217603953,2736080,0.00033150,106.60000000,0
1531217604061,1531217604057,2736081,0.00032950,11.75000000,1
1531217604061,1531217604057,2736082,0.00032940,9.57000000,1
1531217604471,1531217604466,2736083,0.00032940,0.01000000,1
1531217605320,1531217605316,2736084,0.00032990,11.75000000,0
1531217607320,1531217607316,2736085,0.00032990,9.62000000,0
1531217608617,1531217608613,2736086,0.00032920,32.88000000,1
1531217608776,1531217608772,2736087,0.00032920,32.88000000,1
1531217608778,1531217608774,2736088,0.00032920,47.23000000,1
1531217608801,1531217608797,2736089,0.00032920,41.77000000,1
1531217608801,1531217608797,2736090,0.00032910,13.24000000,1
1531217608801,1531217608797,2736091,0.00032870,6.11000000,1
1531217608801,1531217608797,2736092,0.00032850,6.70000000,1
1531217608849,1531217608844,2736093,0.00032970,3.07000000,0
1531217609287,1531217609282,2736094,0.00032920,23.74000000,1
1531217609287,1531217609282,2736095,0.00032850,201.26000000,1
1531217609401,1531217609398,2736096,0.00032970,44.16000000,0
1531217610422,1531217610419,2736097,0.00032960,34.88000000,0
1531217614742,1531217614737,2736098,0.00032990,13.40000000,0
1531217614836,1531217614832,2736099,0.00032990,23.58000000,0
1531217619315,1531217619311,2736100,0.00032940,275.67000000,0
1531217620685,1531217620679,2736101,0.00032900,10.13000000,1
1531217620685,1531217620679,2736102,0.00032890,18.03000000,1
1531217620685,1531217620679,2736103,0.00032880,154.76000000,1
1531217620685,1531217620679,2736104,0.00032860,103.08000000,1
1531217622557,1531217622552,2736105,0.00032890,0.12000000,1
1531217624712,1531217624707,2736106,0.00032980,1.20000000,0
1531217624809,1531217624803,2736107,0.00032980,4.87000000,0
1531217625657,1531217625653,2736108,0.00032900,6.07000000,1
1531217625657,1531217625653,2736109,0.00032890,20.51000000,1
1531217626417,1531217626412,2736110,0.00032890,28.46000000,1
1531217626810,1531217626806,2736111,0.00032900,28.76000000,1
1531217627340,1531217627336,2736112,0.00032980,6.07000000,0
1531217628578,1531217628573,2736113,0.00032910,6.07000000,1
1531217628578,1531217628573,2736114,0.00032900,146.93000000,1
1531217629057,1531217629052,2736115,0.00032900,3.08000000,1
1531217629175,1531217629170,2736116,0.00032900,3.08000000,1
1531217629178,1531217629174,2736117,0.00032900,3.08000000,1
1531217629214,1531217629210,2736118,0.00032900,15.36000000,1
1531217629357,1531217629352,2736119,0.00032900,9.22000000,1
1531217629747,1531217629743,2736120,0.00032900,24.58000000,1
1531217634817,1531217634813,2736121,0.00032900,1.83000000,1
1531217635380,1531217635375,2736122,0.00032900,1.71000000,1
1531217635535,1531217635530,2736123,0.00032900,314.00000000,1
1531217635648,1531217635645,2736124,0.00032900,144.50000000,1
1531217635661,1531217635656,2736125,0.00032900,65.31000000,0
1531217635663,1531217635658,2736126,0.00032900,0.01000000,0
1531217635959,1531217635955,2736127,0.00032890,1.59000000,1
1531217636092,1531217636087,2736128,0.00032900,153.25000000,0
1531217636121,1531217636115,2736129,0.00032980,6.07000000,0
1531217636121,1531217636115,2736130,0.00032990,53.07000000,0
1531217636121,1531217636115,2736131,0.00033000,3.07000000,0
1531217636121,1531217636115,2736132,0.00033020,91.04000000,0
1531217637181,1531217637176,2736133,0.00032900,2.41000000,1
1531217638574,1531217638569,2736134,0.00033020,10.68000000,0
1531217640734,1531217640730,2736135,0.00033010,35.02000000,0
1531217640734,1531217640730,2736136,0.00033020,17.48000000,0
1531217642412,1531217642408,2736137,0.00033020,130.80000000,0
1531217643625,1531217643621,2736138,0.00032940,9.79000000,1
1531217643954,1531217643950,2736139,0.00033130,2.17000000,0
1531217643994,1531217643991,2736140,0.00033130,0.95000000,0
1531217644259,1531217644255,2736141,0.00033140,1.13000000,0
1531217644340,1531217644336,2736142,0.00033130,2.08000000,0
1531217644394,1531217644391,2736143,0.00033130,0.92000000,0
1531217644438,1531217644434,2736144,0.00033130,0.63000000,0
1531217644489,1531217644485,2736145,0.00033130,0.77000000,0
1531217644576,1531217644570,2736146,0.00033130,0.71000000,0
1531217644695,1531217644689,2736147,0.00033130,0.87000000,0
1531217644762,1531217644757,2736148,0.00033130,1.14000000,0
1531217644872,1531217644867,2736149,0.00033130,2.54000000,0
1531217644918,1531217644914,2736150,0.00033130,7.14000000,0
1531217644953,1531217644949,2736151,0.00033130,1.84000000,0
1531217645018,1531217645014,2736152,0.00033130,1.80000000,0
1531217645114,1531217645109,2736153,0.00033130,0.10000000,0
1531217645114,1531217645109,2736154,0.00033140,1.30000000,0
1531217645180,1531217645175,2736155,0.00033140,10.80000000,0
1531217645258,1531217645254,2736156,0.00033120,0.73000000,0
1531217645308,1531217645303,2736157,0.00033110,2.08000000,0
1531217645393,1531217645388,2736158,0.00033110,4.41000000,0
1531217645441,1531217645437,2736159,0.00033110,9.86000000,0
1531217647058,1531217647054,2736160,0.00033100,2.17000000,0
1531217647098,1531217647094,2736161,0.00033100,2.22000000,0
1531217647215,1531217647210,2736162,0.00033100,0.72000000,0
1531217647281,1531217647277,2736163,0.00033100,1.55000000,0
1531217647328,1531217647324,2736164,0.00033100,3.13000000,0
1531217647328,1531217647324,2736165,0.00033110,1.54000000,0
1531217647507,1531217647503,2736166,0.00033110,2.88000000,0
1531217647595,1531217647590,2736167,0.00033110,0.87000000,0
1531217647643,1531217647638,2736168,0.00033110,1.75000000,0
1531217647712,1531217647708,2736169,0.00033110,2.64000000,0
1531217647889,1531217647885,2736170,0.00033110,2.29000000,0
1531217647926,1531217647922,2736171,0.00033110,22.19000000,0
1531217647932,1531217647928,2736172,0.00033110,2.27000000,0
1531217648107,1531217648103,2736173,0.00033110,2.22000000,0
1531217648219,1531217648215,2736174,0.00033110,1.01000000,0
1531217648273,1531217648270,2736175,0.00033110,3.88000000,0
1531217648321,1531217648316,2736176,0.00033100,2.18000000,0
1531217648445,1531217648441,2736177,0.00033100,0.81000000,0
1531217648528,1531217648525,2736178,0.00033100,1.61000000,0
1531217648611,1531217648607,2736179,0.00033100,2.44000000,0
1531217648750,1531217648745,2736180,0.00033100,0.95000000,0
1531217648799,1531217648794,2736181,0.00033040,1.69000000,0
1531217648839,1531217648833,2736182,0.00033040,2.63000000,0
1531217649114,1531217649110,2736183,0.00033040,1.07000000,0
1531217649236,1531217649231,2736184,0.00033040,0.67000000,0
1531217649236,1531217649231,2736185,0.00033100,4.49000000,0
1531217649278,1531217649274,2736186,0.00033100,9.25000000,0
1531217649332,1531217649328,2736187,0.00033100,0.85000000,0
1531217649389,1531217649385,2736188,0.00033100,2.26000000,0
1531217649448,1531217649444,2736189,0.00033100,1.91000000,0
1531217649499,1531217649495,2736190,0.00033100,1.70000000,0
1531217649544,1531217649540,2736191,0.00033100,2.45000000,0
1531217649603,1531217649598,2736192,0.00032990,3.64000000,1
1531217649782,1531217649777,2736193,0.00032940,2.50000000,0
1531217649782,1531217649777,2736194,0.00033100,1.30000000,0
1531217649868,1531217649864,2736195,0.00033100,1.24000000,0
1531217649938,1531217649934,2736196,0.00033100,0.70000000,0
1531217649967,1531217649963,2736197,0.00033100,0.97000000,0
1531217649967,1531217649963,2736198,0.00033110,0.53000000,0
1531217650037,1531217650032,2736199,0.00033110,0.82000000,0
1531217650112,1531217650107,2736200,0.00033110,1.83000000,0
1531217650256,1531217650252,2736201,0.00032940,1.71000000,0
1531217650445,1531217650441,2736202,0.00032940,1.99000000,0
1531217650505,1531217650500,2736203,0.00032940,0.86000000,0
1531217650543,1531217650538,2736204,0.00032940,0.80000000,0
1531217650554,1531217650551,2736205,0.00032940,3.07000000,0
1531217650575,1531217650571,2736206,0.00032940,3.58000000,0
1531217650646,1531217650641,2736207,0.00032940,0.13000000,0
1531217650683,1531217650678,2736208,0.00032940,0.79000000,0
1531217650730,1531217650726,2736209,0.00032940,0.94000000,0
1531217650847,1531217650843,2736210,0.00032940,0.84000000,0
1531217650889,1531217650885,2736211,0.00032940,0.63000000,0
1531217650889,1531217650885,2736212,0.00033110,3.20000000,0
1531217650950,1531217650946,2736213,0.00033110,11.00000000,0
1531217651015,1531217651011,2736214,0.00033110,1.97000000,0
1531217651056,1531217651052,2736215,0.00033110,0.97000000,0
1531217651219,1531217651215,2736216,0.00033020,51.34000000,1
1531217651232,1531217651228,2736217,0.00033020,3.15000000,1
1531217651261,1531217651258,2736218,0.00033110,1.99000000,0
1531217651306,1531217651300,2736219,0.00033110,0.97000000,0
1531217651482,1531217651477,2736220,0.00033140,0.70000000,0
1531217651547,1531217651543,2736221,0.00033120,0.82000000,0
1531217651663,1531217651659,2736222,0.00033120,1.42000000,0
1531217651712,1531217651708,2736223,0.00033020,145.97000000,1
1531217651728,1531217651722,2736224,0.00033120,1.79000000,0
1531217651776,1531217651772,2736225,0.00033120,0.65000000,0
1531217651819,1531217651813,2736226,0.00033120,1.49000000,0
1531217652174,1531217652170,2736227,0.00033130,0.69000000,0
1531217652226,1531217652222,2736228,0.00033130,0.76000000,0
1531217652295,1531217652292,2736229,0.00033130,2.34000000,0
1531217652337,1531217652333,2736230,0.00033130,2.07000000,0
1531217652383,1531217652379,2736231,0.00033130,0.19000000,0
1531217652383,1531217652379,2736232,0.00033140,0.88000000,0
1531217652880,1531217652876,2736233,0.00033140,0.93000000,0
1531217654324,1531217654320,2736234,0.00033140,1.55000000,0
1531217654437,1531217654432,2736235,0.00033140,1.17000000,0
1531217654549,1531217654545,2736236,0.00033140,2.76000000,0
1531217654639,1531217654634,2736237,0.00033140,4.46000000,0
1531217654709,1531217654705,2736238,0.00033030,6.05000000,1
1531217654709,1531217654705,2736239,0.00033020,553.16000000,1
1531217654709,1531217654705,2736240,0.00032970,116.13000000,1
1531217654709,1531217654705,2736241,0.00032920,22.99000000,1
1531217654709,1531217654705,2736242,0.00032910,513.67000000,1
1531217654712,1531217654708,2736243,0.00033140,0.96000000,0
1531217654749,1531217654746,2736244,0.00033140,8.88000000,0
1531217654792,1531217654789,2736245,0.00033140,2.24000000,0
1531217654856,1531217654852,2736246,0.00033140,1.19000000,0
1531217654890,1531217654887,2736247,0.00033140,2.94000000,0
1531217655089,1531217655086,2736248,0.00033140,3.15000000,0
1531217655096,1531217655093,2736249,0.00033140,0.82000000,0
1531217655222,1531217655217,2736250,0.00033140,12.34000000,0
1531217655332,1531217655328,2736251,0.00033140,2.96000000,0
1531217655384,1531217655381,2736252,0.00033140,3.06000000,0
1531217655408,1531217655404,2736253,0.00033140,3.88000000,0
1531217655426,1531217655423,2736254,0.00033140,0.78000000,0
1531217655491,1531217655487,2736255,0.00033140,0.79000000,0
1531217655676,1531217655672,2736256,0.00033140,0.89000000,0
1531217655681,1531217655677,2736257,0.00033140,1.47000000,0
1531217655744,1531217655740,2736258,0.00033140,1.41000000,0
1531217655763,1531217655758,2736259,0.00033130,4.00000000,1
1531217655848,1531217655843,2736260,0.00033120,1.85000000,0
1531217655890,1531217655886,2736261,0.00033120,0.91000000,0
1531217655944,1531217655939,2736262,0.00033120,0.80000000,0
1531217656006,1531217656001,2736263,0.00033120,1.54000000,0
1531217656061,1531217656057,2736264,0.00033120,2.33000000,0
1531217656147,1531217656143,2736265,0.00033120,1.20000000,0
1531217656258,1531217656254,2736266,0.00033110,1.91000000,0
1531217656297,1531217656293,2736267,0.00033110,0.73000000,0
1531217656366,1531217656362,2736268,0.00033110,2.39000000,0
1531217656438,1531217656434,2736269,0.00033110,1.10000000,0
1531217656496,1531217656492,2736270,0.00033110,1.77000000,0
1531217656537,1531217656532,2736271,0.00033110,1.01000000,0
1531217656578,1531217656574,2736272,0.00033110,1.70000000,0
1531217656634,1531217656629,2736273,0.00033110,2.05000000,0
1531217656794,1531217656790,2736274,0.00033110,1.81000000,0
1531217656987,1531217656982,2736275,0.00033100,3.79000000,0
1531217657024,1531217657020,2736276,0.00033100,0.85000000,0
1531217657187,1531217657183,2736277,0.00033100,1.41000000,0
1531217657187,1531217657183,2736278,0.00033110,2.29000000,0
1531217657198,1531217657194,2736279,0.00033110,0.68000000,0
1531217657235,1531217657230,2736280,0.00033110,0.94000000,0
1531217657290,1531217657286,2736281,0.00033110,0.74000000,0
1531217657392,1531217657387,2736282,0.00033110,0.74000000,0
1531217657612,1531217657607,2736283,0.00033110,0.95000000,0
1531217657616,1531217657611,2736284,0.00033110,1.70000000,0
1531217657682,1531217657677,2736285,0.00033110,0.96000000,0
1531217657735,1531217657731,2736286,0.00033110,3.13000000,0
1531217657791,1531217657787,2736287,0.00033110,43.41000000,0
1531217657805,1531217657801,2736288,0.00033110,0.75000000,0
1531217657861,1531217657857,2736289,0.00033110,1.32000000,0
1531217658228,1531217658224,2736290,0.00033110,4.23000000,0
1531217660981,1531217660977,2736291,0.00033110,86.77000000,0
1531217663331,1531217663326,2736292,0.00033090,35.04000000,0
1531217665899,1531217665894,2736293,0.00033090,2.61000000,0
1531217665899,1531217665894,2736294,0.00033110,1.83000000,0
1531217671410,1531217671405,2736295,0.00033100,88.26000000,0
1531217673996,1531217673992,2736296,0.00033110,1.26000000,0
1531217694323,1531217694318,2736297,0.00033010,6.05000000,1
1531217694323,1531217694318,2736298,0.00033000,48.95000000,1
1531217695412,1531217695408,2736299,0.00033120,1.56000000,0
1531217698781,1531217698777,2736300,0.00033120,0.01000000,0
1531217701292,1531217701286,2736301,0.00033110,23.60000000,0
1531217701292,1531217701286,2736302,0.00033120,4.48000000,0
1531217701292,1531217701286,2736303,0.00033130,35.00000000,0
1531217701292,1531217701286,2736304,0.00033140,148.15000000,0
1531217706168,1531217706162,2736305,0.00033060,6.04000000,1
1531217706168,1531217706162,2736306,0.00033050,41.61000000,1
1531217706168,1531217706162,2736307,0.00033000,100.35000000,1
1531217709089,1531217709082,2736308,0.00033000,4.06000000,1
1531217709276,1531217709271,2736309,0.00033000,223.68000000,1
1531217710387,1531217710382,2736310,0.00032990,6.04000000,0
1531217712334,1531217712330,2736311,0.00033000,4.06000000,0
1531217713364,1531217713360,2736312,0.00032990,6.06000000,1
1531217713365,1531217713360,2736313,0.00032980,17.10000000,1
1531217713365,1531217713360,2736314,0.00032970,9.06000000,1
1531217713365,1531217713360,2736315,0.00032950,115.78000000,1
1531217720038,1531217720033,2736316,0.00033080,1.46000000,0
1531217720853,1531217720847,2736317,0.00032940,12.30000000,1
1531217720853,1531217720847,2736318,0.00032930,23.93000000,1
1531217720853,1531217720847,2736319,0.00032920,119.67000000,1
1531217720853,1531217720847,2736320,0.00032910,445.24000000,1
1531217723236,1531217723232,2736321,0.00032950,20.93000000,1
1531217723236,1531217723232,2736322,0.00032910,325.07000000,1
1531217726177,1531217726173,2736323,0.00032990,107.57000000,1
1531217727013,1531217727009,2736324,0.00032990,15.64000000,1
1531217730077,1531217730070,2736325,0.00032990,149.00000000,1
1531217730306,1531217730301,2736326,0.00032990,4.44000000,1
1531217735332,1531217735327,2736327,0.00032990,20.93000000,1
1531217737575,1531217737570,2736328,0.00032990,286.00000000,1
1531217741395,1531217741391,2736329,0.00032990,84.16000000,1
1531217741740,1531217741734,2736330,0.00033000,4.14000000,0
1531217741785,1531217741779,2736331,0.00033000,19.79000000,0
1531217744325,1531217744321,2736332,0.00032990,225.00000000,1
1531217752714,1531217752708,2736333,0.00033000,21.36000000,1
1531217752714,1531217752708,2736334,0.00032990,99.30000000,1
1531217752714,1531217752708,2736335,0.00032970,403.34000000,1
1531217758857,1531217758854,2736336,0.00033000,6.65000000,0
1531217768627,1531217768622,2736337,0.00032990,10.00000000,1
1531217768627,1531217768622,2736338,0.00032970,313.39000000,1
1531217768717,1531217768713,2736339,0.00032970,39.29000000,0
1531217769346,1531217769341,2736340,0.00032970,39.28000000,0
1531217770331,1531217770327,2736341,0.00032960,6.06000000,0
1531217772323,1531217772318,2736342,0.00032970,199.65000000,0
1531217778694,1531217778690,2736343,0.00033010,6.05000000,1
1531217778694,1531217778690,2736344,0.00033000,171.30000000,1
1531217781254,1531217781250,2736345,0.00033080,6.05000000,0
1531217781254,1531217781250,2736346,0.00033090,159.66000000,0
1531217784421,1531217784417,2736347,0.00033010,6.05000000,1
1531217784421,1531217784417,2736348,0.00033000,16.06000000,1
1531217784840,1531217784835,2736349,0.00033090,90.34000000,0
1531217785851,1531217785846,2736350,0.00033090,33.94000000,1
1531217785852,1531217785846,2736351,0.00033000,812.64000000,1
1531217786333,1531217786329,2736352,0.00033000,1261.33000000,0
1531217808871,1531217808866,2736353,0.00033040,0.03000000,1
1531217810858,1531217810854,2736354,0.00033090,21.34000000,0
1531217811095,1531217811091,2736355,0.00033090,0.02000000,0
1531217811095,1531217811091,2736356,0.00033100,6.03000000,0
1531217824338,1531217824334,2736357,0.00033060,24.75000000,1
1531217824338,1531217824334,2736358,0.00033050,14.54000000,1
1531217825995,1531217825990,2736359,0.00033050,16.00000000,1
1531217835729,1531217835725,2736360,0.00033060,154.76000000,1
1531217835759,1531217835756,2736361,0.00033060,49.60000000,0
1531217836653,1531217836649,2736362,0.00033060,194.97000000,0
1531217836660,1531217836656,2736363,0.00033060,71.22000000,0
1531217839785,1531217839780,2736364,0.00033060,71.22000000,1
1531217840987,1531217840981,2736365,0.00033030,42.03000000,1
1531217841054,1531217841049,2736366,0.00032950,29.18000000,1
1531217841347,1531217841344,2736367,0.00033060,0.01000000,1
1531217845325,1531217845322,2736368,0.00033090,18.73000000,0
1531217846120,1531217846115,2736369,0.00033100,3.02000000,0
1531217851878,1531217851875,2736370,0.00033110,6.04000000,0
1531217860878,1531217860874,2736371,0.00033110,4.93000000,0
1531217868321,1531217868316,2736372,0.00033110,18.21000000,0
1531217876034,1531217876030,2736373,0.00033130,1.00000000,0
1531217887116,1531217887111,2736374,0.00033060,32.98000000,1
1531217888055,1531217888051,2736375,0.00033060,31.32000000,1
1531217891164,1531217891160,2736376,0.00033060,33.66000000,1
1531217891500,1531217891495,2736377,0.00033060,19.80000000,1
1531217891551,1531217891547,2736378,0.00033060,270.44000000,1
1531217892146,1531217892142,2736379,0.00033060,31.32000000,1
1531217893078,1531217893074,2736380,0.00033060,124.96000000,1
1531217894894,1531217894890,2736381,0.00033060,252.30000000,1
1531217895113,1531217895108,2736382,0.00033060,110.64000000,1
1531217899412,1531217899408,2736383,0.00033060,0.01000000,1
1531217902903,1531217902900,2736384,0.00032970,1.64000000,1
1531217905465,1531217905460,2736385,0.00033050,3.66000000,0
1531217906336,1531217906332,2736386,0.00033060,3.30000000,0
1531217908903,1531217908898,2736387,0.00033100,71.49000000,0
1531217908903,1531217908898,2736388,0.00033130,250.55000000,0
1531217908903,1531217908898,2736389,0.00033140,293.34000000,0
1531217911335,1531217911330,2736390,0.00033090,35.57000000,0
1531217917720,1531217917716,2736391,0.00033120,41.75000000,0
1531217917720,1531217917716,2736392,0.00033130,110.78000000,0
1531217919583,1531217919578,2736393,0.00033000,133.58000000,1
1531217929453,1531217929447,2736394,0.00033070,19.58000000,0
1531217929453,1531217929447,2736395,0.00033080,18.52000000,0
1531217931006,1531217931002,2736396,0.00033080,12.59000000,0
1531217931096,1531217931092,2736397,0.00033080,123.65000000,0
1531217939031,1531217939027,2736398,0.00033000,19.62000000,1
1531217940143,1531217940138,2736399,0.00032980,4.80000000,1
1531217945205,1531217945200,2736400,0.00033050,0.36000000,0
1531217947344,1531217947340,2736401,0.00033050,4.44000000,0
1531217953795,1531217953791,2736402,0.00033060,2.09000000,0
1531217954137,1531217954132,2736403,0.00033050,632.33000000,1
1531217954150,1531217954146,2736404,0.00033050,173.72000000,1
1531217971283,1531217971279,2736405,0.00033110,9.17000000,0
1531218002375,1531218002370,2736406,0.00033050,1167.74000000,0
1531218008622,1531218008618,2736407,0.00033060,6.04000000,1
1531218008622,1531218008618,2736408,0.00033050,8.21000000,1
1531218008719,1531218008714,2736409,0.00033110,33.36000000,0
1531218010328,1531218010324,2736410,0.00033110,6.04000000,0
1531218012332,1531218012327,2736411,0.00033120,233.14000000,0
1531218015266,1531218015262,2736412,0.00033120,199.85000000,1
1531218015465,1531218015461,2736413,0.00033120,23.00000000,1
1531218015550,1531218015547,2736414,0.00033140,6.66000000,0
1531218016078,1531218016074,2736415,0.00033130,6.03000000,1
1531218016078,1531218016074,2736416,0.00033120,10.28000000,1
1531218018047,1531218018042,2736417,0.00033170,6.03000000,0
1531218018047,1531218018042,2736418,0.00033180,2.15000000,0
1531218021118,1531218021113,2736419,0.00033120,0.01000000,1
1531218021563,1531218021559,2736420,0.00033120,3.29000000,0
1531218023902,1531218023898,2736421,0.00033070,18.92000000,1
1531218023912,1531218023907,2736422,0.00033050,20.04000000,1
1531218023965,1531218023961,2736423,0.00033080,6.04000000,1
1531218023965,1531218023961,2736424,0.00033050,13.88000000,1
1531218024254,1531218024248,2736425,0.00033050,5.14000000,1
1531218033331,1531218033326,2736426,0.00033090,18.93000000,0
1531218034554,1531218034549,2736427,0.00033050,384.99000000,1
1531218034554,1531218034549,2736428,0.00033000,430.01000000,1
1531218034662,1531218034658,2736429,0.00033140,2.52000000,0
1531218036612,1531218036608,2736430,0.00033040,3.51000000,0
1531218037343,1531218037339,2736431,0.00033050,42.40000000,0
1531218092019,1531218092014,2736432,0.00033130,73.97000000,0
1531218092019,1531218092014,2736433,0.00033140,213.58000000,0
1531218092041,1531218092037,2736434,0.00033140,62.20000000,1
1531218092156,1531218092153,2736435,0.00033140,150.24000000,1
1531218092389,1531218092383,2736436,0.00033140,0.01000000,1
1531218106375,1531218106369,2736437,0.00033120,36.98000000,0
1531218106556,1531218106551,2736438,0.00033140,16.19000000,1
1531218107247,1531218107243,2736439,0.00033140,6.70000000,1
