event_time,trade_time,trade_id,price,quantity,maker
1531210378730,1531210378726,2635723,0.00014480,484.88000000,0
1531210403402,1531210403397,2635724,0.00014480,15.12000000,1
1531210409818,1531210409813,2635725,0.00014480,584.37000000,0
1531210448932,1531210448926,2635726,0.00014480,15.63000000,1
1531210470754,1531210470750,2635727,0.00014480,39.74000000,0
1531210482031,1531210482027,2635728,0.00014490,200.00000000,0
1531210491326,1531210491323,2635729,0.00014480,540.00000000,0
1531210522752,1531210522751,2635730,0.00014480,3.17000000,0
1531210529657,1531210529627,2635731,0.00014480,2000.00000000,0
1531210535924,1531210535920,2635732,0.00014440,1.00000000,1
1531210557609,1531210557607,2635733,0.00014470,15.00000000,0
1531210557609,1531210557607,2635734,0.00014480,115.00000000,0
1531210561566,1531210561562,2635735,0.00014480,185.00000000,0
1531210572792,1531210572786,2635736,0.00014480,5781.84000000,1
1531210593658,1531210593653,2635737,0.00014460,3.29000000,1
1531210628355,1531210628350,2635738,0.00014460,0.37000000,1
1531210636844,1531210636840,2635739,0.00014460,1.38000000,1
1531210701498,1531210701492,2635740,0.00014460,3.99000000,1
1531210758950,1531210758946,2635741,0.00014470,0.13000000,1
1531210774429,1531210774425,2635742,0.00014470,14.87000000,1
1531210798581,1531210798578,2635743,0.00014460,173.82000000,1
1531210880745,1531210880740,2635744,0.00014450,0.42000000,1
1531210893409,1531210893404,2635745,0.00014450,169.83000000,1
1531210893409,1531210893404,2635746,0.00014440,78.15000000,1
1531210893409,1531210893404,2635747,0.00014390,344.25000000,1
1531210893409,1531210893404,2635748,0.00014380,1686.11000000,1
1531210952065,1531210952058,2635749,0.00014360,63.18000000,1
1531210952065,1531210952058,2635750,0.00014350,35.38000000,1
1531210952065,1531210952058,2635751,0.00014330,303.98000000,1
1531210960697,1531210960693,2635752,0.00014360,15.00000000,1
1531210979834,1531210979829,2635753,0.00014350,0.12000000,1
1531210982231,1531210982227,2635754,0.00014350,14.08000000,1
1531210996851,1531210996846,2635755,0.00014350,35.20000000,1
1531211001677,1531211001672,2635756,0.00014350,80.01000000,1
1531211001705,1531211001700,2635757,0.00014350,60.76000000,0
1531211001892,1531211001888,2635758,0.00014350,7.04000000,0
1531211027825,1531211027821,2635759,0.00014350,0.52000000,0
1531211087766,1531211087761,2635760,0.00014350,7.67000000,0
1531211087766,1531211087761,2635761,0.00014400,2.55000000,0
1531211090781,1531211090777,2635762,0.00014390,0.02000000,0
1531211110156,1531211110153,2635763,0.00014390,10.00000000,0
1531211135618,1531211135616,2635764,0.00014350,38.15000000,0
1531211141472,1531211141467,2635765,0.00014320,0.01000000,1
1531211235140,1531211235136,2635766,0.00014390,160.00000000,0
1531211244341,1531211244335,2635767,0.00014410,340.00000000,1
1531211275362,1531211275357,2635768,0.00014410,347.99000000,1
1531211280653,1531211280648,2635769,0.00014410,57.07000000,1
1531211280653,1531211280648,2635770,0.00014360,15.00000000,1
1531211280682,1531211280678,2635771,0.00014360,55.43000000,0
1531211280682,1531211280678,2635772,0.00014360,55.42000000,0
1531211288371,1531211288366,2635773,0.00014320,85.23000000,1
1531211325103,1531211325098,2635774,0.00014310,256.77000000,1
1531211327539,1531211327534,2635775,0.00014290,25.33000000,1
1531211330041,1531211330037,2635776,0.00014280,265.58000000,1
1531211353991,1531211353986,2635777,0.00014290,45.10000000,1
1531211353991,1531211353986,2635778,0.00014280,407.90000000,1
1531211365140,1531211365135,2635779,0.00014280,67.20000000,1
1531211403250,1531211403245,2635780,0.00014300,127.84000000,1
1531211422563,1531211422558,2635781,0.00014310,7.69000000,0
1531211422563,1531211422558,2635782,0.00014320,4.12000000,0
1531211451286,1531211451282,2635783,0.00014310,17.47000000,1
1531211460105,1531211460101,2635784,0.00014300,49.31000000,1
1531211510016,1531211510012,2635785,0.00014290,127.85000000,1
1531211604884,1531211604879,2635786,0.00014300,2.35000000,0
1531211607917,1531211607913,2635787,0.00014300,0.01000000,0
1531211666949,1531211666943,2635788,0.00014300,3.76000000,0
1531211767578,1531211767572,2635789,0.00014330,0.30000000,0
1531211807645,1531211807641,2635790,0.00014310,253.63000000,1
1531211853708,1531211853704,2635791,0.00014310,3.14000000,0
1531211853708,1531211853704,2635792,0.00014380,2.50000000,0
1531211856704,1531211856701,2635793,0.00014370,0.02000000,0
1531211911982,1531211911977,2635794,0.00014300,0.32000000,1
1531211920496,1531211920492,2635795,0.00014300,0.04000000,1
1531211925510,1531211925508,2635796,0.00014300,82.11000000,1
1531212016278,1531212016272,2635797,0.00014300,29.78000000,1
1531212016278,1531212016272,2635798,0.00014270,86.96000000,1
1531212016278,1531212016272,2635799,0.00014260,308.59000000,1
1531212016278,1531212016272,2635800,0.00014250,149.42000000,1
1531212016278,1531212016272,2635801,0.00014240,50.36000000,1
1531212016278,1531212016272,2635802,0.00014230,374.89000000,1
1531212052220,1531212052214,2635803,0.00014240,7.03000000,0
1531212054765,1531212054758,2635804,0.00014240,191.59000000,0
1531212074432,1531212074428,2635805,0.00014310,0.45000000,0
1531212074515,1531212074508,2635806,0.00014230,10.66000000,1
1531212077780,1531212077776,2635807,0.00014300,0.01000000,0
1531212082595,1531212082591,2635808,0.00014300,0.04000000,0
1531212094142,1531212094138,2635809,0.00014230,10.66000000,1
1531212102943,1531212102938,2635810,0.00014270,44.78000000,0
1531212206245,1531212206241,2635811,0.00014310,0.91000000,0
1531212210882,1531212210876,2635812,0.00014270,30.00000000,1
1531212210882,1531212210876,2635813,0.00014220,15.31000000,1
1531212210882,1531212210876,2635814,0.00014210,293.74000000,1
1531212210882,1531212210876,2635815,0.00014200,7030.95000000,1
1531212217612,1531212217607,2635816,0.00014300,106.81000000,0
1531212217612,1531212217607,2635817,0.00014310,33.35000000,0
1531212217612,1531212217607,2635818,0.00014320,82.78000000,0
1531212224681,1531212224673,2635819,0.00014320,91.81000000,0
1531212224681,1531212224673,2635820,0.00014360,3030.75000000,0
1531212224681,1531212224673,2635821,0.00014370,348.28000000,0
1531212224681,1531212224673,2635822,0.00014380,11.83000000,0
1531212224681,1531212224673,2635823,0.00014390,305.21000000,0
1531212224681,1531212224673,2635824,0.00014400,44.81000000,0
1531212224681,1531212224673,2635825,0.00014410,17.47000000,0
1531212224681,1531212224673,2635826,0.00014420,15.00000000,0
1531212224681,1531212224673,2635827,0.00014430,143.67000000,0
1531212224681,1531212224673,2635828,0.00014440,15.00000000,0
1531212224681,1531212224673,2635829,0.00014460,15.00000000,0
1531212224681,1531212224673,2635830,0.00014470,15.84000000,0
1531212224681,1531212224673,2635831,0.00014500,15.00000000,0
1531212224681,1531212224673,2635832,0.00014510,81.91000000,0
1531212224992,1531212224987,2635833,0.00014360,9.14000000,1
1531212225055,1531212225051,2635834,0.00014360,19.10000000,1
1531212225084,1531212225082,2635835,0.00014360,14.01000000,1
1531212225120,1531212225115,2635836,0.00014360,12.69000000,1
1531212225120,1531212225115,2635837,0.00014340,335.56000000,1
1531212225198,1531212225194,2635838,0.00014350,42.21000000,1
1531212225209,1531212225204,2635839,0.00014340,12.69000000,1
1531212225209,1531212225204,2635840,0.00014330,29.52000000,1
1531212225317,1531212225313,2635841,0.00014360,33.11000000,0
1531212225340,1531212225337,2635842,0.00014360,9.14000000,1
1531212225362,1531212225356,2635843,0.00014360,15.00000000,1
1531212225652,1531212225647,2635844,0.00014370,34.79000000,1
1531212225710,1531212225702,2635845,0.00014360,19.10000000,1
1531212225730,1531212225725,2635846,0.00014360,65.11000000,1
1531212232543,1531212232538,2635847,0.00014440,181.70000000,0
1531212232543,1531212232538,2635848,0.00014510,34.79000000,0
1531212232543,1531212232538,2635849,0.00014520,298.33000000,0
1531212232563,1531212232560,2635850,0.00014520,25.56000000,1
1531212232797,1531212232793,2635851,0.00014520,30.08000000,1
1531212244399,1531212244395,2635852,0.00014440,14.70000000,0
1531212246741,1531212246736,2635853,0.00014440,7.62000000,0
1531212246968,1531212246961,2635854,0.00014440,29.52000000,1
1531212247933,1531212247929,2635855,0.00014440,10.43000000,1
1531212248359,1531212248356,2635856,0.00014440,138.99000000,1
1531212248793,1531212248789,2635857,0.00014440,156.80000000,1
1531212253216,1531212253211,2635858,0.00014460,39.59000000,0
1531212253216,1531212253211,2635859,0.00014520,343.37000000,0
1531212253216,1531212253211,2635860,0.00014530,49.05000000,0
1531212253216,1531212253211,2635861,0.00014540,510.89000000,0
1531212253216,1531212253211,2635862,0.00014550,813.79000000,0
1531212254171,1531212254166,2635863,0.00014460,257.06000000,1
1531212254171,1531212254166,2635864,0.00014450,91.19000000,1
1531212283810,1531212283804,2635865,0.00014450,110.48000000,1
1531212285271,1531212285264,2635866,0.00014450,93.14000000,0
1531212290584,1531212290583,2635867,0.00014450,50.16000000,0
1531212293586,1531212293581,2635868,0.00014450,3.28000000,0
1531212298374,1531212298370,2635869,0.00014460,146.70000000,0
1531212298374,1531212298370,2635870,0.00014480,10.36000000,0
1531212319587,1531212319579,2635871,0.00014450,11.72000000,1
1531212319587,1531212319579,2635872,0.00014410,345.68000000,1
1531212319587,1531212319579,2635873,0.00014400,92.71000000,1
1531212319587,1531212319579,2635874,0.00014390,3057.94000000,1
1531212319587,1531212319579,2635875,0.00014380,30.98000000,1
1531212319587,1531212319579,2635876,0.00014370,126.14000000,1
1531212319587,1531212319579,2635877,0.00014360,62.54000000,1
1531212319628,1531212319623,2635878,0.00014360,4.43000000,0
1531212319683,1531212319679,2635879,0.00014360,2.67000000,0
1531212328081,1531212328076,2635880,0.00014420,345.68000000,0
1531212328081,1531212328076,2635881,0.00014430,62.54000000,0
1531212328081,1531212328076,2635882,0.00014440,42.16000000,0
1531212328081,1531212328076,2635883,0.00014450,30.98000000,0
1531212328081,1531212328076,2635884,0.00014460,83.98000000,0
1531212328081,1531212328076,2635885,0.00014490,848.22000000,0
1531212335844,1531212335838,2635886,0.00014420,15.00000000,0
1531212335844,1531212335838,2635887,0.00014500,36.50000000,0
1531212335844,1531212335838,2635888,0.00014510,940.59000000,0
1531212486499,1531212486495,2635889,0.00014520,7.00000000,0
1531212525377,1531212525371,2635890,0.00014450,63.11000000,1
1531212525377,1531212525371,2635891,0.00014420,345.33000000,1
1531212525377,1531212525371,2635892,0.00014410,1771.56000000,1
1531212529789,1531212529783,2635893,0.00014500,393.44000000,0
1531212529789,1531212529783,2635894,0.00014510,1295.85000000,0
1531212529789,1531212529783,2635895,0.00014520,279.05000000,0
1531212529789,1531212529783,2635896,0.00014530,147.50000000,0
1531212529789,1531212529783,2635897,0.00014540,15.00000000,0
1531212529789,1531212529783,2635898,0.00014550,146.70000000,0
1531212631154,1531212631149,2635899,0.00014440,63.53000000,1
1531212631177,1531212631173,2635900,0.00014400,96.02000000,0
1531212631185,1531212631181,2635901,0.00014400,96.06000000,0
1531212631211,1531212631208,2635902,0.00014400,96.06000000,0
1531212631342,1531212631337,2635903,0.00014400,40.88000000,0
1531212631364,1531212631360,2635904,0.00014400,40.90000000,0
1531212637262,1531212637256,2635905,0.00014400,66.55000000,0
1531212637262,1531212637256,2635906,0.00014500,117.30000000,0
1531212637262,1531212637256,2635907,0.00014510,345.33000000,0
1531212658248,1531212658243,2635908,0.00014510,0.01000000,0
1531212658248,1531212658243,2635909,0.00014530,6.99000000,0
1531212676217,1531212676213,2635910,0.00014450,100.00000000,1
1531212697373,1531212697368,2635911,0.00014520,48.45000000,0
1531212697373,1531212697368,2635912,0.00014530,190.86000000,0
1531212697373,1531212697368,2635913,0.00014540,0.69000000,0
1531212704179,1531212704175,2635914,0.00014460,48.65000000,1
1531212704179,1531212704175,2635915,0.00014450,15.00000000,1
1531212714600,1531212714594,2635916,0.00014450,84.09000000,0
1531212714600,1531212714594,2635917,0.00014510,15.00000000,0
1531212714600,1531212714594,2635918,0.00014520,48.65000000,0
1531212742146,1531212742142,2635919,0.00014440,45.83000000,1
1531212745289,1531212745284,2635920,0.00014400,4.04000000,1
1531212749785,1531212749781,2635921,0.00014410,1.92000000,1
1531212753207,1531212753201,2635922,0.00014440,20.00000000,0
1531212881059,1531212881055,2635923,0.00014490,45.83000000,0
1531212881059,1531212881055,2635924,0.00014500,0.17000000,0
1531213043181,1531213043176,2635925,0.00014430,4.54000000,1
1531213044732,1531213044728,2635926,0.00014430,4.54000000,1
1531213094727,1531213094723,2635927,0.00014500,453.56000000,0
1531213094765,1531213094760,2635928,0.00014500,95.96000000,1
1531213135725,1531213135720,2635929,0.00014500,3.76000000,1
1531213154850,1531213154845,2635930,0.00014500,1.17000000,1
1531213178070,1531213178066,2635931,0.00014500,200.00000000,1
1531213193630,1531213193625,2635932,0.00014500,998.48000000,1
1531213199225,1531213199220,2635933,0.00014500,15.00000000,0
1531213201252,1531213201248,2635934,0.00014420,704.02000000,1
1531213201259,1531213201256,2635935,0.00014420,584.60000000,1
1531213201259,1531213201256,2635936,0.00014410,340.71000000,1
1531213210038,1531213210033,2635937,0.00014410,96.15000000,0
1531213218417,1531213218413,2635938,0.00014400,10.00000000,1
1531213218466,1531213218461,2635939,0.00014400,94.97000000,0
1531213228315,1531213228311,2635940,0.00014380,7.59000000,1
1531213228315,1531213228311,2635941,0.00014350,112.98000000,1
1531213236423,1531213236419,2635942,0.00014350,3.13000000,1
1531213244258,1531213244254,2635943,0.00014350,14.08000000,1
1531213381600,1531213381597,2635944,0.00014350,0.12000000,1
1531213454511,1531213454508,2635945,0.00014390,106.00000000,0
1531213589536,1531213589532,2635946,0.00014390,33.83000000,0
1531213629816,1531213629811,2635947,0.00014390,0.01000000,0
1531213804493,1531213804489,2635948,0.00014380,224.49000000,0
1531213808973,1531213808969,2635949,0.00014380,0.13000000,0
1531213924412,1531213924408,2635950,0.00014380,4.31000000,0
1531213927447,1531213927443,2635951,0.00014380,0.01000000,0
1531214052206,1531214052201,2635952,0.00014350,100.00000000,1
1531214084607,1531214084603,2635953,0.00014380,2.26000000,0
1531214087619,1531214087614,2635954,0.00014380,0.01000000,0
1531214101744,1531214101739,2635955,0.00014350,163.82000000,1
1531214121210,1531214121206,2635956,0.00014380,0.21000000,0
1531214131195,1531214131192,2635957,0.00014350,405.26000000,1
1531214133118,1531214133115,2635958,0.00014370,100.00000000,0
1531214133821,1531214133818,2635959,0.00014350,35.20000000,1
1531214135850,1531214135846,2635960,0.00014350,0.10000000,1
1531214138077,1531214138072,2635961,0.00014350,50.00000000,1
1531214151248,1531214151244,2635962,0.00014380,0.08000000,0
1531214279054,1531214279050,2635963,0.00014380,153.82000000,0
1531214357676,1531214357670,2635964,0.00014380,1.94000000,0
1531214360687,1531214360681,2635965,0.00014380,0.01000000,0
1531214441838,1531214441831,2635966,0.00014350,64.38000000,1
1531214441838,1531214441831,2635967,0.00014340,36.15000000,1
1531214441838,1531214441831,2635968,0.00014300,41.94000000,1
1531214441838,1531214441831,2635969,0.00014290,16.07000000,1
1531214441838,1531214441831,2635970,0.00014280,41.95000000,1
1531214441838,1531214441831,2635971,0.00014270,358.19000000,1
1531214455139,1531214455136,2635972,0.00014320,0.02000000,0
1531214469378,1531214469373,2635973,0.00014280,291.51000000,0
1531214498389,1531214498385,2635974,0.00014270,10.62000000,1
1531214498679,1531214498676,2635975,0.00014270,7.08000000,1
1531214498745,1531214498742,2635976,0.00014270,141.56000000,1
1531214504543,1531214504537,2635977,0.00014280,10.52000000,0
1531214511568,1531214511562,2635978,0.00014270,117.52000000,1
1531214511568,1531214511562,2635979,0.00014250,168.48000000,1
1531214511568,1531214511562,2635980,0.00014240,35.54000000,1
1531214544831,1531214544827,2635981,0.00014240,45.00000000,1
1531214556462,1531214556459,2635982,0.00014260,1.80000000,0
1531214559492,1531214559487,2635983,0.00014260,0.01000000,0
1531214577765,1531214577761,2635984,0.00014240,35.47000000,1
1531214578029,1531214578024,2635985,0.00014240,62.18000000,1
1531214579937,1531214579931,2635986,0.00014230,10.00000000,0
1531214593456,1531214593451,2635987,0.00014230,26.79000000,0
1531214595201,1531214595198,2635988,0.00014230,106.35000000,1
1531214595244,1531214595240,2635989,0.00014230,100.67000000,0
1531214614213,1531214614207,2635990,0.00014210,10.62000000,1
1531214614272,1531214614263,2635991,0.00014210,14.57000000,0
1531214614275,1531214614269,2635992,0.00014210,38.99000000,0
1531214618207,1531214618203,2635993,0.00014210,0.18000000,0
1531214621231,1531214621228,2635994,0.00014210,0.01000000,0
1531214632157,1531214632151,2635995,0.00014210,34.16000000,0
1531214632157,1531214632151,2635996,0.00014230,199.88000000,0
1531214632157,1531214632151,2635997,0.00014310,320.05000000,0
1531214680803,1531214680798,2635998,0.00014230,10.66000000,1
1531214693091,1531214693084,2635999,0.00014230,15.00000000,1
1531214693091,1531214693084,2636000,0.00014200,29.22000000,1
1531214693091,1531214693084,2636001,0.00014190,21.78000000,1
1531214693091,1531214693084,2636002,0.00014170,237.09000000,1
1531214693091,1531214693084,2636003,0.00014160,47.27000000,1
1531214693091,1531214693084,2636004,0.00014150,314.63000000,1
1531214693091,1531214693084,2636005,0.00014140,835.01000000,1
1531214724431,1531214724427,2636006,0.00014280,8.84000000,0
1531214726272,1531214726267,2636007,0.00014280,0.19000000,0
1531214728690,1531214728685,2636008,0.00014180,1.63000000,1
1531214759628,1531214759622,2636009,0.00014190,10.68000000,1
1531214760090,1531214760086,2636010,0.00014190,8.12000000,0
1531214760123,1531214760119,2636011,0.00014190,8.12000000,0
1531214760133,1531214760129,2636012,0.00014190,5.12000000,0
1531214760245,1531214760241,2636013,0.00014190,142.36000000,0
1531214761640,1531214761636,2636014,0.00014190,7.12000000,0
1531214781121,1531214781117,2636015,0.00014180,14.25000000,0
1531214813187,1531214813183,2636016,0.00014170,110.80000000,1
1531214813187,1531214813183,2636017,0.00014150,313.95000000,1
1531214813242,1531214813237,2636018,0.00014150,17.70000000,0
1531214834595,1531214834588,2636019,0.00014150,9.46000000,0
1531214835820,1531214835814,2636020,0.00014210,10.68000000,0
1531214835820,1531214835814,2636021,0.00014220,15.00000000,0
1531214835820,1531214835814,2636022,0.00014240,4.93000000,0
1531214848890,1531214848886,2636023,0.00014200,10.68000000,0
1531214849402,1531214849397,2636024,0.00014240,1.64000000,0
1531214855510,1531214855507,2636025,0.00014240,38.43000000,0
1531214862443,1531214862438,2636026,0.00014210,61.57000000,0
1531214862474,1531214862470,2636027,0.00014210,61.57000000,0
1531214862498,1531214862494,2636028,0.00014210,61.57000000,0
1531214866242,1531214866238,2636029,0.00014210,15.00000000,0
1531214875844,1531214875839,2636030,0.00014210,0.29000000,0
1531214875844,1531214875839,2636031,0.00014250,0.95000000,0
1531214883911,1531214883907,2636032,0.00014250,10.59000000,0
1531214952708,1531214952704,2636033,0.00014240,10.59000000,1
1531215011445,1531215011440,2636034,0.00014250,3.46000000,0
1531215013720,1531215013715,2636035,0.00014260,51.27000000,0
1531215029103,1531215029098,2636036,0.00014260,1.32000000,1
1531215029103,1531215029098,2636037,0.00014250,35.88000000,1
1531215029103,1531215029098,2636038,0.00014240,10.49000000,1
1531215029103,1531215029098,2636039,0.00014220,14.63000000,1
1531215029103,1531215029098,2636040,0.00014180,7.34000000,1
1531215029103,1531215029098,2636041,0.00014150,142.35000000,1
1531215100517,1531215100513,2636042,0.00014170,45.85000000,1
1531215123324,1531215123320,2636043,0.00014200,45.85000000,0
1531215154651,1531215154647,2636044,0.00014190,15.00000000,0
1531215154651,1531215154647,2636045,0.00014200,100.00000000,0
1531215154651,1531215154647,2636046,0.00014270,150.68000000,0
1531215154651,1531215154647,2636047,0.00014290,7.07000000,0
1531215154651,1531215154647,2636048,0.00014300,15.00000000,0
1531215170868,1531215170865,2636049,0.00014200,41.55000000,1
1531215244010,1531215244005,2636050,0.00014290,0.13000000,0
1531215250613,1531215250609,2636051,0.00014290,35.38000000,0
1531215286855,1531215286851,2636052,0.00014190,6.04000000,1
1531215322728,1531215322723,2636053,0.00014220,6.27000000,1
1531215324327,1531215324324,2636054,0.00014220,6.27000000,1
1531215397122,1531215397117,2636055,0.00014250,11.92000000,1
1531215404403,1531215404399,2636056,0.00014240,11.08000000,0
1531215409043,1531215409039,2636057,0.00014250,11.08000000,0
1531215409043,1531215409039,2636058,0.00014270,11.92000000,0
1531215409043,1531215409039,2636059,0.00014280,77.00000000,0
1531215409071,1531215409067,2636060,0.00014280,100.00000000,0
1531215434883,1531215434878,2636061,0.00014260,38.57000000,0
1531215434885,1531215434882,2636062,0.00014280,3.05000000,0
1531215434896,1531215434892,2636063,0.00014280,7.14000000,0
1531215435020,1531215435015,2636064,0.00014290,8.00000000,0
1531215437928,1531215437924,2636065,0.00014290,0.01000000,0
1531215440615,1531215440609,2636066,0.00014260,53.79000000,1
1531215440615,1531215440609,2636067,0.00014250,64.07000000,1
1531215440615,1531215440609,2636068,0.00014200,11.08000000,1
1531215440615,1531215440609,2636069,0.00014180,31.56000000,1
1531215450356,1531215450351,2636070,0.00014260,11.86000000,0
1531215450368,1531215450363,2636071,0.00014260,3.14000000,0
1531215480005,1531215480000,2636072,0.00014270,47.79000000,0
1531215480005,1531215480000,2636073,0.00014280,22.28000000,0
1531215500101,1531215500097,2636074,0.00014280,43.18000000,0
1531215500125,1531215500121,2636075,0.00014280,35.63000000,0
1531215531542,1531215531537,2636076,0.00014280,11.30000000,0
1531215534390,1531215534387,2636077,0.00014280,1.87000000,1
1531215544273,1531215544270,2636078,0.00014290,18.50000000,0
1531215553447,1531215553443,2636079,0.00014290,12.30000000,0
1531215563695,1531215563691,2636080,0.00014290,43.18000000,0
1531215563718,1531215563715,2636081,0.00014290,43.16000000,0
1531215563742,1531215563739,2636082,0.00014280,43.15000000,1
1531215563761,1531215563758,2636083,0.00014280,45.91000000,1
1531215567830,1531215567827,2636084,0.00014300,69.97000000,0
1531215587918,1531215587913,2636085,0.00014310,100.00000000,0
1531215587939,1531215587935,2636086,0.00014310,45.91000000,0
1531215606459,1531215606456,2636087,0.00014280,100.00000000,1
1531215611855,1531215611852,2636088,0.00014310,43.18000000,0
1531215611862,1531215611858,2636089,0.00014310,43.00000000,0
1531215628175,1531215628171,2636090,0.00014310,43.18000000,0
1531215628176,1531215628172,2636091,0.00014310,4.28000000,0
1531215628828,1531215628825,2636092,0.00014310,38.96000000,1
1531215642065,1531215642062,2636093,0.00014280,245.45000000,1
1531215655062,1531215655059,2636094,0.00014280,16.35000000,1
1531215655078,1531215655074,2636095,0.00014210,14.64000000,0
1531215655091,1531215655086,2636096,0.00014210,14.66000000,0
1531215657509,1531215657504,2636097,0.00014200,247.45000000,1
1531215668671,1531215668667,2636098,0.00014190,43.19000000,1
1531215687584,1531215687580,2636099,0.00014220,59.45000000,1
1531215687584,1531215687580,2636100,0.00014210,8.44000000,1
1531215687584,1531215687580,2636101,0.00014200,28.96000000,1
1531215697994,1531215697989,2636102,0.00014200,59.04000000,1
1531215697994,1531215697989,2636103,0.00014180,225.43000000,1
1531215697994,1531215697989,2636104,0.00014170,74.27000000,1
1531215697994,1531215697989,2636105,0.00014160,283.91000000,1
1531215697994,1531215697989,2636106,0.00014150,25.68000000,1
1531215697994,1531215697989,2636107,0.00014140,71.85000000,1
1531215698026,1531215698022,2636108,0.00014180,103.09000000,1
1531215698222,1531215698218,2636109,0.00014120,103.09000000,1
1531215722702,1531215722698,2636110,0.00014130,43.92000000,1
1531215722711,1531215722707,2636111,0.00014120,37.25000000,1
1531215722711,1531215722707,2636112,0.00014110,6.67000000,1
1531215730695,1531215730691,2636113,0.00014150,21.11000000,0
1531215735871,1531215735867,2636114,0.00014120,49.24000000,1
1531215736507,1531215736504,2636115,0.00014120,22.81000000,1
1531215737344,1531215737340,2636116,0.00014120,8.44000000,1
1531215737357,1531215737354,2636117,0.00014120,8.45000000,1
1531215741690,1531215741686,2636118,0.00014130,1.30000000,0
1531215742090,1531215742086,2636119,0.00014130,46.08000000,0
1531215750021,1531215750017,2636120,0.00014120,10.74000000,1
1531215750080,1531215750076,2636121,0.00014120,35.80000000,1
1531215750416,1531215750413,2636122,0.00014120,143.17000000,1
1531215750447,1531215750443,2636123,0.00014120,14.32000000,1
1531215750495,1531215750492,2636124,0.00014120,10.74000000,1
1531215756353,1531215756350,2636125,0.00014120,156.23000000,1
1531215757235,1531215757231,2636126,0.00014130,33.19000000,0
1531215758130,1531215758126,2636127,0.00014120,49.41000000,1
1531215761783,1531215761770,2636128,0.00014120,159.96000000,1
1531215761783,1531215761770,2636129,0.00014110,60.29000000,1
1531215761783,1531215761770,2636130,0.00014100,29.46000000,1
1531215761783,1531215761770,2636131,0.00014070,458.50000000,1
1531215761783,1531215761770,2636132,0.00014060,10.74000000,1
1531215761783,1531215761770,2636133,0.00014050,249.83000000,1
1531215761783,1531215761770,2636134,0.00014040,19.98000000,1
1531215761783,1531215761770,2636135,0.00014030,220.00000000,1
1531215761783,1531215761770,2636136,0.00014020,212.29000000,1
1531215761783,1531215761770,2636137,0.00014010,1526.57000000,1
1531215761783,1531215761770,2636138,0.00014000,642.50000000,1
1531215761783,1531215761770,2636139,0.00013990,237.75000000,1
1531215761783,1531215761770,2636140,0.00013980,494.06000000,1
1531215761783,1531215761770,2636141,0.00013980,171.87000000,1
1531215761794,1531215761790,2636142,0.00013980,116.94000000,1
1531215761805,1531215761802,2636143,0.00014000,82.10000000,0
1531215761815,1531215761812,2636144,0.00014000,159.96000000,0
1531215761825,1531215761821,2636145,0.00014000,159.96000000,0
1531215761828,1531215761824,2636146,0.00014000,43.18000000,0
1531215761841,1531215761836,2636147,0.00014000,46.30000000,0
1531215761861,1531215761857,2636148,0.00014000,160.00000000,0
1531215761900,1531215761896,2636149,0.00014000,82.00000000,0
1531215762687,1531215762684,2636150,0.00014000,549.69000000,0
1531215762736,1531215762733,2636151,0.00014000,110.00000000,0
1531215762824,1531215762820,2636152,0.00013990,41.06000000,1
1531215763151,1531215763147,2636153,0.00013990,41.06000000,1
1531215763702,1531215763698,2636154,0.00014000,46.28000000,0
1531215763936,1531215763931,2636155,0.00013990,632.65000000,1
1531215763979,1531215763974,2636156,0.00013990,0.02000000,1
1531215763979,1531215763974,2636157,0.00013980,16.35000000,1
1531215764012,1531215764006,2636158,0.00014000,0.20000000,0
1531215765357,1531215765352,2636159,0.00013980,521.05000000,1
1531215767156,1531215767152,2636160,0.00013970,1.00000000,1
1531215772714,1531215772706,2636161,0.00013970,45.06000000,1
1531215772714,1531215772706,2636162,0.00013960,23.72000000,1
1531215777136,1531215777133,2636163,0.00013950,10.68000000,1
1531215780132,1531215780128,2636164,0.00013940,15.07000000,1
1531215780132,1531215780128,2636165,0.00013930,143.58000000,1
1531215780149,1531215780145,2636166,0.00013900,1033.53000000,0
1531215780155,1531215780151,2636167,0.00013900,257.91000000,0
1531215780225,1531215780220,2636168,0.00013900,216.00000000,0
1531215783279,1531215783272,2636169,0.00013870,7.21000000,1
1531215783279,1531215783272,2636170,0.00013860,124.16000000,1
1531215783279,1531215783272,2636171,0.00013850,10.00000000,1
1531215783279,1531215783272,2636172,0.00013840,14.46000000,1
1531215783279,1531215783272,2636173,0.00013830,59.63000000,1
1531215783279,1531215783272,2636174,0.00013820,25.17000000,1
1531215783279,1531215783272,2636175,0.00013810,17.28000000,1
1531215783279,1531215783272,2636176,0.00013810,29.59000000,1
1531215783309,1531215783306,2636177,0.00013880,132.89000000,0
1531215783317,1531215783313,2636178,0.00013880,121.80000000,0
1531215783794,1531215783791,2636179,0.00013880,86.95000000,0
1531215783935,1531215783930,2636180,0.00013880,12.41000000,1
1531215784222,1531215784219,2636181,0.00013810,239.77000000,1
1531215784222,1531215784219,2636182,0.00013800,25.96000000,1
1531215784222,1531215784219,2636183,0.00013790,155.95000000,1
1531215785632,1531215785628,2636184,0.00013820,8.56000000,1
1531215786863,1531215786859,2636185,0.00013800,0.31000000,1
1531215787616,1531215787612,2636186,0.00013800,62.57000000,1
1531215788102,1531215788097,2636187,0.00013800,40.94000000,1
1531215788102,1531215788097,2636188,0.00013790,21.67000000,1
1531215788594,1531215788588,2636189,0.00013840,10.82000000,0
1531215788835,1531215788830,2636190,0.00013840,71.91000000,0
1531215788835,1531215788830,2636191,0.00013850,52.99000000,0
1531215789944,1531215789941,2636192,0.00013800,1.67000000,0
1531215790234,1531215790230,2636193,0.00013800,155.69000000,0
1531215791696,1531215791691,2636194,0.00013800,18.64000000,0
1531215792146,1531215792143,2636195,0.00013800,50.89000000,0
1531215792590,1531215792585,2636196,0.00013790,29.32000000,1
1531215793657,1531215793652,2636197,0.00013790,60.45000000,1
1531215794064,1531215794060,2636198,0.00013790,22.68000000,1
1531215794064,1531215794060,2636199,0.00013770,39.97000000,1
1531215794146,1531215794139,2636200,0.00013770,105.27000000,1
1531215794146,1531215794139,2636201,0.00013760,109.02000000,1
1531215794146,1531215794139,2636202,0.00013750,154.76000000,1
1531215794146,1531215794139,2636203,0.00013740,403.70000000,1
1531215794146,1531215794139,2636204,0.00013730,150.69000000,1
1531215794146,1531215794139,2636205,0.00013720,76.56000000,1
1531215794155,1531215794151,2636206,0.00013750,310.40000000,0
1531215794168,1531215794164,2636207,0.00013750,200.63000000,0
1531215794280,1531215794276,2636208,0.00013820,10.49000000,0
1531215794875,1531215794870,2636209,0.00013740,253.67000000,1
1531215794875,1531215794870,2636210,0.00013730,139.65000000,1
1531215794875,1531215794870,2636211,0.00013710,10.92000000,1
1531215794875,1531215794870,2636212,0.00013700,8.04000000,1
1531215794888,1531215794884,2636213,0.00013700,259.78000000,0
1531215794934,1531215794929,2636214,0.00013700,327.94000000,0
1531215795679,1531215795673,2636215,0.00013730,47.18000000,1
1531215795679,1531215795673,2636216,0.00013700,219.00000000,1
1531215795752,1531215795748,2636217,0.00013700,47.25000000,0
1531215795827,1531215795824,2636218,0.00013670,7.43000000,1
1531215795875,1531215795871,2636219,0.00013670,8.51000000,1
1531215795906,1531215795900,2636220,0.00013700,535.02000000,0
1531215796147,1531215796143,2636221,0.00013700,151.55000000,0
1531215797222,1531215797218,2636222,0.00013730,47.18000000,0
1531215798140,1531215798136,2636223,0.00013700,106.15000000,0
1531215799742,1531215799737,2636224,0.00013690,40.20000000,1
1531215799823,1531215799819,2636225,0.00013710,45.79000000,0
1531215800411,1531215800407,2636226,0.00013700,45.91000000,0
1531215800959,1531215800955,2636227,0.00013700,36.07000000,0
1531215801049,1531215801044,2636228,0.00013700,57.67000000,0
1531215801049,1531215801044,2636229,0.00013710,11.18000000,0
1531215801673,1531215801669,2636230,0.00013710,24.79000000,0
1531215801697,1531215801693,2636231,0.00013710,24.80000000,0
1531215801699,1531215801693,2636232,0.00013710,8.08000000,0
1531215802155,1531215802152,2636233,0.00013700,15.94000000,0
1531215802447,1531215802441,2636234,0.00013720,8.76000000,0
1531215803144,1531215803140,2636235,0.00013700,31.27000000,0
1531215804059,1531215804055,2636236,0.00013710,103.86000000,0
1531215805662,1531215805657,2636237,0.00013780,10.64000000,0
1531215805756,1531215805752,2636238,0.00013780,0.28000000,0
1531215807146,1531215807142,2636239,0.00013800,83.66000000,0
1531215807832,1531215807828,2636240,0.00013740,10.98000000,1
1531215808591,1531215808588,2636241,0.00013750,45.90000000,1
1531215808595,1531215808590,2636242,0.00013750,4.10000000,1
1531215808595,1531215808590,2636243,0.00013720,44.96000000,1
1531215808595,1531215808590,2636244,0.00013700,0.94000000,1
1531215808612,1531215808609,2636245,0.00013700,50.00000000,1
1531215809940,1531215809937,2636246,0.00013740,31.32000000,1
1531215809997,1531215809992,2636247,0.00013740,7.39000000,1
1531215810124,1531215810121,2636248,0.00013740,22.15000000,1
1531215810158,1531215810154,2636249,0.00013800,74.79000000,0
1531215810173,1531215810169,2636250,0.00013740,7.39000000,1
1531215810685,1531215810681,2636251,0.00013740,117.04000000,1
1531215810685,1531215810681,2636252,0.00013730,182.87000000,1
1531215810685,1531215810681,2636253,0.00013720,134.93000000,1
1531215810685,1531215810681,2636254,0.00013700,123.19000000,1
1531215810696,1531215810691,2636255,0.00013700,27.96000000,0
1531215810735,1531215810731,2636256,0.00013700,45.90000000,0
1531215810761,1531215810757,2636257,0.00013700,53.54000000,0
1531215810938,1531215810933,2636258,0.00013700,149.57000000,0
1531215811155,1531215811150,2636259,0.00013740,53.53000000,0
1531215811405,1531215811402,2636260,0.00013690,14.77000000,1
1531215811879,1531215811876,2636261,0.00013790,66.84000000,0
1531215813139,1531215813135,2636262,0.00013780,82.45000000,0
1531215814488,1531215814483,2636263,0.00013790,65.55000000,0
1531215814733,1531215814728,2636264,0.00013790,52.90000000,0
1531215816308,1531215816304,2636265,0.00013790,182.87000000,0
1531215817790,1531215817785,2636266,0.00013720,64.06000000,1
1531215818145,1531215818141,2636267,0.00013800,15.00000000,0
1531215819151,1531215819148,2636268,0.00013820,219.66000000,0
1531215820953,1531215820949,2636269,0.00013730,63.53000000,1
1531215821295,1531215821290,2636270,0.00013810,106.93000000,0
1531215821295,1531215821290,2636271,0.00013820,82.17000000,0
1531215821295,1531215821290,2636272,0.00013830,92.90000000,0
1531215821342,1531215821338,2636273,0.00013740,68.72000000,1
1531215822338,1531215822333,2636274,0.00013750,68.39000000,1
1531215822432,1531215822428,2636275,0.00013760,34.63000000,1
1531215822748,1531215822744,2636276,0.00013760,68.96000000,1
1531215823280,1531215823276,2636277,0.00013820,64.06000000,0
1531215823638,1531215823634,2636278,0.00013830,7.28000000,0
1531215826141,1531215826137,2636279,0.00013820,68.39000000,0
1531215827151,1531215827147,2636280,0.00013830,91.40000000,0
1531215827255,1531215827249,2636281,0.00013820,36.81000000,1
1531215828034,1531215828029,2636282,0.00013820,82.57000000,1
1531215828341,1531215828335,2636283,0.00013860,44.88000000,0
1531215828341,1531215828335,2636284,0.00013870,52.77000000,0
1531215828341,1531215828335,2636285,0.00013880,7.21000000,0
1531215828341,1531215828335,2636286,0.00013890,36.07000000,0
1531215828363,1531215828358,2636287,0.00013890,141.67000000,1
1531215828366,1531215828362,2636288,0.00013890,141.79000000,1
1531215828371,1531215828367,2636289,0.00013890,38.61000000,1
1531215828487,1531215828483,2636290,0.00013890,37.00000000,1
1531215830287,1531215830283,2636291,0.00013860,159.32000000,0
1531215830526,1531215830523,2636292,0.00013830,14.62000000,1
1531215830637,1531215830634,2636293,0.00013830,5.11000000,1
1531215830887,1531215830882,2636294,0.00013830,7.31000000,1
1531215831116,1531215831113,2636295,0.00013830,10.97000000,1
1531215831310,1531215831307,2636296,0.00013890,36.22000000,0
1531215839742,1531215839738,2636297,0.00013860,40.50000000,0
1531215841318,1531215841314,2636298,0.00013850,18.28000000,0
1531215842160,1531215842157,2636299,0.00013850,201.62000000,0
1531215844297,1531215844294,2636300,0.00013860,135.02000000,0
1531215845309,1531215845304,2636301,0.00013860,16.60000000,0
1531215847170,1531215847166,2636302,0.00013860,119.81000000,0
1531215848870,1531215848866,2636303,0.00013820,28.52000000,1
1531215851094,1531215851091,2636304,0.00013820,10.97000000,1
1531215851301,1531215851297,2636305,0.00013820,44.96000000,1
1531215851616,1531215851611,2636306,0.00013820,10.97000000,1
1531215851703,1531215851699,2636307,0.00013820,146.17000000,1
1531215853465,1531215853461,2636308,0.00013820,44.97000000,1
1531215853510,1531215853506,2636309,0.00013820,44.97000000,1
1531215853532,1531215853527,2636310,0.00013820,44.99000000,1
1531215869788,1531215869784,2636311,0.00013830,162.57000000,1
1531215869788,1531215869784,2636312,0.00013820,56.37000000,1
1531215877218,1531215877213,2636313,0.00013870,82.14000000,0
1531215877218,1531215877213,2636314,0.00013880,417.86000000,0
1531215885749,1531215885745,2636315,0.00013880,11.20000000,0
1531215885752,1531215885747,2636316,0.00013880,45.00000000,0
1531215886674,1531215886671,2636317,0.00013880,9.33000000,0
1531215887254,1531215887250,2636318,0.00013890,190.79000000,0
1531215888015,1531215888011,2636319,0.00013900,0.24000000,0
1531215889239,1531215889235,2636320,0.00013900,299.45000000,0
1531215897276,1531215897272,2636321,0.00013890,21.16000000,1
1531215921115,1531215921110,2636322,0.00013890,126.84000000,1
1531215921115,1531215921110,2636323,0.00013860,52.63000000,1
1531215922574,1531215922570,2636324,0.00013900,0.01000000,0
1531215922582,1531215922579,2636325,0.00013900,7.19000000,1
1531215922582,1531215922579,2636326,0.00013860,3.65000000,1
1531215943304,1531215943299,2636327,0.00013890,7.20000000,0
1531215943389,1531215943385,2636328,0.00013890,20.40000000,0
1531215947246,1531215947241,2636329,0.00013890,59.87000000,1
1531215947580,1531215947576,2636330,0.00013900,32.49000000,0
1531215952105,1531215952102,2636331,0.00013900,45.00000000,0
1531215961037,1531215961034,2636332,0.00013890,45.00000000,0
1531215971112,1531215971107,2636333,0.00013890,76.80000000,0
1531215971112,1531215971107,2636334,0.00013900,62.81000000,0
1531215971112,1531215971107,2636335,0.00013910,4.37000000,0
1531215971443,1531215971439,2636336,0.00013910,35.17000000,0
1531215971443,1531215971439,2636337,0.00013940,9.83000000,0
1531215972006,1531215972003,2636338,0.00013940,90.72000000,0
1531215972006,1531215972003,2636339,0.00013950,53.26000000,0
1531215972853,1531215972850,2636340,0.00013950,3.41000000,0
1531215972910,1531215972905,2636341,0.00013950,143.98000000,0
1531215973804,1531215973800,2636342,0.00013950,143.98000000,0
1531215973846,1531215973843,2636343,0.00013950,3.41000000,0
1531215974706,1531215974702,2636344,0.00013950,143.98000000,0
1531215974852,1531215974848,2636345,0.00013950,3.41000000,0
1531215975601,1531215975596,2636346,0.00013950,143.98000000,0
1531215975831,1531215975828,2636347,0.00013950,3.41000000,0
1531215976652,1531215976648,2636348,0.00013950,143.98000000,0
1531215976837,1531215976833,2636349,0.00013950,3.41000000,0
1531215977543,1531215977538,2636350,0.00013950,143.98000000,0
1531215977826,1531215977822,2636351,0.00013950,3.41000000,0
1531215978447,1531215978442,2636352,0.00013950,143.98000000,0
1531215979127,1531215979124,2636353,0.00013950,3.41000000,0
1531215979498,1531215979494,2636354,0.00013950,143.98000000,0
1531215980439,1531215980434,2636355,0.00013950,3.41000000,0
1531215981770,1531215981767,2636356,0.00013950,3.41000000,0
1531215983068,1531215983064,2636357,0.00013950,3.41000000,0
1531216000590,1531216000586,2636358,0.00013960,7.23000000,0
1531216002136,1531216002129,2636359,0.00013960,7.23000000,0
1531216003190,1531216003186,2636360,0.00013960,7.23000000,0
1531216004465,1531216004462,2636361,0.00013950,7.23000000,0
1531216005532,1531216005528,2636362,0.00013950,7.23000000,0
1531216006588,1531216006584,2636363,0.00013940,7.23000000,0
1531216007647,1531216007644,2636364,0.00013940,7.23000000,0
1531216008198,1531216008191,2636365,0.00013940,47.17000000,0
1531216009204,1531216009200,2636366,0.00013940,7.23000000,0
1531216010263,1531216010258,2636367,0.00013960,7.23000000,0
1531216011820,1531216011817,2636368,0.00013950,7.23000000,0
1531216045051,1531216045048,2636369,0.00013950,1318.83000000,0
1531216048870,1531216048866,2636370,0.00013960,717.13000000,0
1531216065510,1531216065504,2636371,0.00013900,8.75000000,1
1531216067580,1531216067576,2636372,0.00013950,8.75000000,0
1531216067580,1531216067576,2636373,0.00013960,5.58000000,0
1531216068589,1531216068584,2636374,0.00013960,27.48000000,0
1531216099037,1531216099032,2636375,0.00013960,14.30000000,0
1531216124742,1531216124738,2636376,0.00013950,71.68000000,0
1531216143733,1531216143730,2636377,0.00013940,713.86000000,0
1531216143733,1531216143730,2636378,0.00013950,1094.25000000,0
1531216146786,1531216146783,2636379,0.00013950,713.86000000,0
1531216154675,1531216154670,2636380,0.00013950,1205.81000000,0
1531216190577,1531216190573,2636381,0.00013960,8.26000000,0
1531216190577,1531216190573,2636382,0.00013970,154.93000000,0
1531216200091,1531216200086,2636383,0.00013970,221.79000000,0
1531216217078,1531216217075,2636384,0.00013970,50.42000000,1
1531216232097,1531216232093,2636385,0.00013970,32.24000000,1
1531216250174,1531216250169,2636386,0.00013980,70.39000000,0
1531216258181,1531216258175,2636387,0.00014000,359.53000000,0
1531216262953,1531216262949,2636388,0.00013970,22.15000000,1
1531216262953,1531216262949,2636389,0.00013960,286.32000000,1
1531216262953,1531216262949,2636390,0.00013940,541.53000000,1
1531216304143,1531216304138,2636391,0.00013980,12.72000000,1
1531216312293,1531216312288,2636392,0.00014010,7.15000000,0
1531216338753,1531216338749,2636393,0.00013980,40.92000000,1
1531216351100,1531216351096,2636394,0.00013950,89.15000000,1
1531216381659,1531216381655,2636395,0.00013960,725.61000000,0
1531216385314,1531216385311,2636396,0.00013950,22.61000000,1
1531216385852,1531216385849,2636397,0.00013970,15.00000000,0
1531216385852,1531216385849,2636398,0.00013990,692.64000000,0
1531216399179,1531216399175,2636399,0.00013980,15.00000000,0
1531216423586,1531216423582,2636400,0.00013950,30.00000000,1
1531216423586,1531216423582,2636401,0.00013940,260.07000000,1
1531216450861,1531216450858,2636402,0.00013940,21.62000000,1
1531216471185,1531216471180,2636403,0.00013960,11.57000000,0
1531216547909,1531216547904,2636404,0.00013940,11.57000000,1
1531216550914,1531216550909,2636405,0.00013910,45.04000000,1
1531216553932,1531216553927,2636406,0.00013900,7.20000000,1
1531216553932,1531216553927,2636407,0.00013880,248.81000000,1
1531216566146,1531216566142,2636408,0.00013930,14.34000000,0
1531216567438,1531216567433,2636409,0.00013920,100.09000000,0
1531216583766,1531216583762,2636410,0.00013920,65.19000000,0
1531216583766,1531216583762,2636411,0.00013930,0.66000000,0
1531216583766,1531216583762,2636412,0.00013950,5.98000000,0
1531216590218,1531216590214,2636413,0.00013910,15.00000000,0
1531216619058,1531216619053,2636414,0.00013890,14.56000000,1
1531216676619,1531216676615,2636415,0.00013890,52.82000000,1
1531216694486,1531216694483,2636416,0.00013940,12.32000000,0
1531216697584,1531216697579,2636417,0.00013940,0.03000000,0
1531216705427,1531216705423,2636418,0.00013940,7.17000000,0
1531216743576,1531216743571,2636419,0.00013890,31.06000000,1
1531216743576,1531216743571,2636420,0.00013880,30.00000000,1
1531216743576,1531216743571,2636421,0.00013860,200.19000000,1
1531216743576,1531216743571,2636422,0.00013840,126.01000000,1
1531216743598,1531216743594,2636423,0.00013840,69.89000000,0
1531216743627,1531216743623,2636424,0.00013840,19.89000000,0
1531216744831,1531216744827,2636425,0.00013830,52.00000000,1
1531216745474,1531216745469,2636426,0.00013830,9.45000000,1
1531216746197,1531216746192,2636427,0.00013840,49.92000000,0
1531216747192,1531216747188,2636428,0.00013840,131.94000000,0
1531216751646,1531216751642,2636429,0.00013840,34.23000000,0
1531216759454,1531216759451,2636430,0.00013840,0.01000000,0
1531216786454,1531216786449,2636431,0.00013840,6.09000000,0
1531216789469,1531216789465,2636432,0.00013840,0.01000000,0
1531216792478,1531216792473,2636433,0.00013840,7.22000000,0
1531216797617,1531216797612,2636434,0.00013840,49.98000000,0
1531216800661,1531216800657,2636435,0.00013830,7.31000000,1
1531216810971,1531216810968,2636436,0.00013830,143.58000000,1
1531216811464,1531216811460,2636437,0.00013840,42.93000000,0
1531216812221,1531216812217,2636438,0.00013840,697.61000000,0
1531216823303,1531216823300,2636439,0.00013840,36.52000000,1
1531216832454,1531216832450,2636440,0.00013840,2.13000000,1
1531216833644,1531216833638,2636441,0.00013850,2.13000000,1
1531216834638,1531216834633,2636442,0.00013830,2.13000000,1
1531216834658,1531216834654,2636443,0.00013830,2.13000000,1
1531216835630,1531216835626,2636444,0.00013830,2.13000000,1
1531216836625,1531216836622,2636445,0.00013840,2.13000000,1
1531216837612,1531216837608,2636446,0.00013840,2.13000000,1
1531216838600,1531216838596,2636447,0.00013830,2.13000000,1
1531216838650,1531216838646,2636448,0.00013830,4.26000000,1
1531216839594,1531216839589,2636449,0.00013840,2.13000000,1
1531216840572,1531216840565,2636450,0.00013840,2.13000000,1
1531216841553,1531216841549,2636451,0.00013840,2.13000000,1
1531216847130,1531216847127,2636452,0.00013850,37.83000000,1
1531216847324,1531216847319,2636453,0.00013850,1.29000000,1
1531216848033,1531216848028,2636454,0.00013850,18.83000000,1
1531216848033,1531216848028,2636455,0.00013840,19.00000000,1
1531216848375,1531216848371,2636456,0.00013840,1.29000000,1
1531216848939,1531216848935,2636457,0.00013840,37.83000000,1
1531216849433,1531216849429,2636458,0.00013840,1.29000000,1
1531216849995,1531216849990,2636459,0.00013840,37.83000000,1
1531216850889,1531216850885,2636460,0.00013840,37.83000000,1
1531216850987,1531216850982,2636461,0.00013840,1.29000000,1
1531216851782,1531216851778,2636462,0.00013840,37.83000000,1
1531216852500,1531216852496,2636463,0.00013840,1.29000000,1
1531216852676,1531216852672,2636464,0.00013840,37.83000000,1
1531216852792,1531216852786,2636465,0.00013870,3.10000000,0
1531216853558,1531216853554,2636466,0.00013840,1.29000000,1
1531216853581,1531216853577,2636467,0.00013840,37.83000000,1
1531216854477,1531216854474,2636468,0.00013840,37.83000000,1
1531216854615,1531216854610,2636469,0.00013840,1.29000000,1
1531216855525,1531216855522,2636470,0.00013840,37.83000000,1
1531216855694,1531216855690,2636471,0.00013840,1.29000000,1
1531216855807,1531216855804,2636472,0.00013870,0.01000000,0
1531216857218,1531216857214,2636473,0.00013840,1.29000000,1
1531216858269,1531216858266,2636474,0.00013840,1.29000000,1
1531216871395,1531216871391,2636475,0.00013860,15.00000000,0
1531216918251,1531216918246,2636476,0.00013860,394.28000000,0
1531216931113,1531216931109,2636477,0.00013850,19.00000000,1
1531216974254,1531216974249,2636478,0.00013860,35.33000000,0
1531216978542,1531216978537,2636479,0.00013890,10.73000000,0
1531216981562,1531216981558,2636480,0.00013890,0.03000000,0
1531216992440,1531216992437,2636481,0.00013890,6.76000000,0
1531216995106,1531216995101,2636482,0.00013890,162.88000000,1
1531216995129,1531216995126,2636483,0.00013890,11.19000000,1
1531216997252,1531216997248,2636484,0.00013900,574.16000000,0
1531216998279,1531216998274,2636485,0.00013910,62.34000000,0
1531217066263,1531217066258,2636486,0.00013940,12.32000000,0
1531217080188,1531217080184,2636487,0.00013940,9.26000000,1
1531217082118,1531217082115,2636488,0.00013940,5.18000000,1
1531217083558,1531217083554,2636489,0.00013970,35.71000000,0
1531217134845,1531217134841,2636490,0.00013970,3.67000000,0
1531217140275,1531217140271,2636491,0.00013980,38.27000000,0
1531217147939,1531217147935,2636492,0.00013970,500.00000000,1
1531217221898,1531217221892,2636493,0.00013970,145.24000000,1
1531217222296,1531217222291,2636494,0.00013970,100.10000000,1
1531217230087,1531217230083,2636495,0.00014010,50.00000000,0
1531217240229,1531217240224,2636496,0.00014010,0.32000000,0
1531217255781,1531217255776,2636497,0.00013990,25.00000000,1
1531217277932,1531217277927,2636498,0.00013990,145.37000000,1
1531217278254,1531217278249,2636499,0.00013990,24.84000000,0
1531217278254,1531217278249,2636500,0.00014010,505.66000000,0
1531217278254,1531217278249,2636501,0.00014020,147.52000000,0
1531217278254,1531217278249,2636502,0.00014030,390.05000000,0
1531217310949,1531217310944,2636503,0.00014030,1086.42000000,0
1531217311279,1531217311275,2636504,0.00014040,41.53000000,0
1531217318878,1531217318874,2636505,0.00014030,7.29000000,1
1531217320238,1531217320235,2636506,0.00014030,20.00000000,1
1531217329520,1531217329517,2636507,0.00014030,42.36000000,1
1531217354688,1531217354683,2636508,0.00014030,33.00000000,1
1531217358916,1531217358911,2636509,0.00014030,76.96000000,1
1531217367854,1531217367850,2636510,0.00014050,15.38000000,0
1531217389360,1531217389354,2636511,0.00014040,7.23000000,0
1531217389360,1531217389354,2636512,0.00014050,25.37000000,0
1531217389384,1531217389377,2636513,0.00014050,36.89000000,1
1531217401288,1531217401285,2636514,0.00014050,443.00000000,1
1531217409212,1531217409209,2636515,0.00014050,19.89000000,1
1531217422258,1531217422254,2636516,0.00014050,7.16000000,1
1531217422354,1531217422350,2636517,0.00014050,574.55000000,1
1531217440107,1531217440103,2636518,0.00014070,1.49000000,0
1531217536315,1531217536310,2636519,0.00014020,181.07000000,1
1531217537319,1531217537315,2636520,0.00014000,17.47000000,1
1531217540316,1531217540311,2636521,0.00013990,47.98000000,1
1531217541325,1531217541321,2636522,0.00013980,71.00000000,1
1531217629503,1531217629498,2636523,0.00014010,0.57000000,0
1531217645371,1531217645366,2636524,0.00013990,47.41000000,0
1531217645371,1531217645366,2636525,0.00014000,15.00000000,0
1531217645371,1531217645366,2636526,0.00014030,209.69000000,0
1531217656102,1531217656098,2636527,0.00013950,52.44000000,1
1531217656119,1531217656114,2636528,0.00013950,48.92000000,0
1531217682447,1531217682442,2636529,0.00013940,110.80000000,1
1531217682447,1531217682442,2636530,0.00013900,152.01000000,1
1531217682447,1531217682442,2636531,0.00013880,9.87000000,1
1531217683776,1531217683769,2636532,0.00013950,9.87000000,0
1531217683776,1531217683769,2636533,0.00014010,15.00000000,0
1531217683776,1531217683769,2636534,0.00014020,52.44000000,0
1531217683776,1531217683769,2636535,0.00014030,59.22000000,0
1531217683776,1531217683769,2636536,0.00014040,800.00000000,0
1531217683776,1531217683769,2636537,0.00014050,36.55000000,0
1531217683776,1531217683769,2636538,0.00014060,476.92000000,0
1531217722400,1531217722394,2636539,0.00014060,711.23000000,0
1531217729705,1531217729701,2636540,0.00013950,36.21000000,1
1531217744173,1531217744169,2636541,0.00014050,0.60000000,0
1531217765023,1531217765019,2636542,0.00014010,14.14000000,0
1531217770119,1531217770114,2636543,0.00013940,0.86000000,1
1531217771129,1531217771125,2636544,0.00013940,0.86000000,1
1531217772125,1531217772120,2636545,0.00013940,0.86000000,1
1531217773464,1531217773461,2636546,0.00013940,0.86000000,1
1531217774469,1531217774466,2636547,0.00013940,0.86000000,1
1531217775461,1531217775458,2636548,0.00013940,0.86000000,1
1531217776776,1531217776771,2636549,0.00013940,0.86000000,1
1531217777775,1531217777770,2636550,0.00013940,0.86000000,1
1531217779127,1531217779122,2636551,0.00013940,0.86000000,1
1531217780311,1531217780305,2636552,0.00013940,7.26000000,1
1531217780311,1531217780305,2636553,0.00013910,7.19000000,1
1531217780311,1531217780305,2636554,0.00013880,27.30000000,1
1531217780439,1531217780436,2636555,0.00013880,0.86000000,1
1531217781416,1531217781412,2636556,0.00013880,41.75000000,1
1531217782318,1531217782313,2636557,0.00013880,41.75000000,1
1531217784229,1531217784224,2636558,0.00013870,13.54000000,1
1531217784229,1531217784224,2636559,0.00013860,28.21000000,1
1531217784805,1531217784800,2636560,0.00013910,10.79000000,0
1531217785123,1531217785117,2636561,0.00013900,41.75000000,1
1531217786018,1531217786014,2636562,0.00013850,41.75000000,1
1531217786918,1531217786914,2636563,0.00013870,41.75000000,1
1531217787818,1531217787813,2636564,0.00013870,29.90000000,1
1531217787818,1531217787813,2636565,0.00013850,11.85000000,1
1531217788717,1531217788712,2636566,0.00013850,23.96000000,1
1531217788717,1531217788712,2636567,0.00013840,17.79000000,1
1531217789613,1531217789608,2636568,0.00013840,41.75000000,1
1531217791172,1531217791168,2636569,0.00013890,0.01000000,0
1531217791317,1531217791312,2636570,0.00013890,14.13000000,0
1531217791816,1531217791813,2636571,0.00013870,14.57000000,0
1531217794334,1531217794329,2636572,0.00013880,13.54000000,0
1531217796314,1531217796309,2636573,0.00013890,17.41000000,0
1531217807968,1531217807964,2636574,0.00013970,1.83000000,0
1531217817485,1531217817480,2636575,0.00013910,3.43000000,1
1531217818853,1531217818849,2636576,0.00013910,40.68000000,1
1531217818853,1531217818849,2636577,0.00013860,9.32000000,1
1531217818999,1531217818995,2636578,0.00013860,3.43000000,1
1531217820538,1531217820534,2636579,0.00013860,3.43000000,1
1531217821606,1531217821600,2636580,0.00013870,3.43000000,1
1531217822660,1531217822656,2636581,0.00013870,3.43000000,1
1531217824171,1531217824166,2636582,0.00013870,1.85000000,1
1531217824171,1531217824166,2636583,0.00013860,1.58000000,1
1531217825697,1531217825692,2636584,0.00013850,3.43000000,1
1531217827240,1531217827236,2636585,0.00013850,3.43000000,1
1531217828758,1531217828752,2636586,0.00013860,3.43000000,1
1531217829822,1531217829819,2636587,0.00013860,3.43000000,1
1531217830826,1531217830821,2636588,0.00013900,19.64000000,0
1531217831385,1531217831381,2636589,0.00013860,7.29000000,0
1531217841935,1531217841931,2636590,0.00013890,15.00000000,0
1531217851059,1531217851033,2636591,0.00013850,36.47000000,1
1531217852830,1531217852825,2636592,0.00013910,18.65000000,0
1531217855153,1531217855149,2636593,0.00013850,0.99000000,1
1531217880936,1531217880931,2636594,0.00013920,35.92000000,0
1531217880936,1531217880931,2636595,0.00013940,25.56000000,0
1531217880936,1531217880931,2636596,0.00013950,83.54000000,0
1531217880936,1531217880931,2636597,0.00013990,38.25000000,0
1531217880936,1531217880931,2636598,0.00014000,48.24000000,0
1531217880936,1531217880931,2636599,0.00014020,41.59000000,0
1531217880936,1531217880931,2636600,0.00014040,7.19000000,0
1531217905990,1531217905983,2636601,0.00013930,15.36000000,1
1531217933142,1531217933139,2636602,0.00014030,1.89000000,0
1531217936154,1531217936149,2636603,0.00014030,0.01000000,0
1531217937676,1531217937672,2636604,0.00014030,5.68000000,0
1531217940685,1531217940682,2636605,0.00014030,0.02000000,0
1531217969132,1531217969128,2636606,0.00013950,4.00000000,1
1531218007794,1531218007789,2636607,0.00014030,0.38000000,0
1531218090921,1531218090916,2636608,0.00014030,7.38000000,0
1531218090921,1531218090916,2636609,0.00014040,112.23000000,0
1531218131631,1531218131627,2636610,0.00014040,0.11000000,0
1531218153904,1531218153898,2636611,0.00014040,194.15000000,0
1531218156889,1531218156884,2636612,0.00014050,754.19000000,0
1531218157496,1531218157492,2636613,0.00014050,338.32000000,1
1531218159931,1531218159926,2636614,0.00014060,4167.22000000,0
1531218355702,1531218355698,2636615,0.00014070,0.07000000,0
1531218403413,1531218403409,2636616,0.00014070,9.11000000,0
1531218406146,1531218406137,2636617,0.00014060,27.73000000,1
1531218406146,1531218406137,2636618,0.00013990,155.92000000,1
1531218406146,1531218406137,2636619,0.00013980,328.66000000,1
1531218406146,1531218406137,2636620,0.00013970,270.07000000,1
1531218406146,1531218406137,2636621,0.00013960,522.92000000,1
1531218406146,1531218406137,2636622,0.00013930,840.85000000,1
1531218406146,1531218406137,2636623,0.00013920,922.73000000,1
1531218406146,1531218406137,2636624,0.00013910,821.98000000,1
1531218406146,1531218406137,2636625,0.00013900,70.37000000,1
1531218406146,1531218406137,2636626,0.00013880,844.15000000,1
1531218406146,1531218406137,2636627,0.00013870,496.04000000,1
1531218406146,1531218406137,2636628,0.00013860,3102.45000000,1
1531218406162,1531218406158,2636629,0.00013860,144.11000000,0
1531218406169,1531218406164,2636630,0.00013860,2262.22000000,0
1531218406177,1531218406173,2636631,0.00013860,11014.82000000,0
1531218406183,1531218406177,2636632,0.00013860,293.45000000,0
1531218406198,1531218406194,2636633,0.00013860,8.37000000,0
1531218406209,1531218406204,2636634,0.00013860,1485.15000000,0
1531218406217,1531218406212,2636635,0.00013860,1485.15000000,0
1531218406218,1531218406214,2636636,0.00013860,1485.15000000,0
1531218406240,1531218406236,2636637,0.00013860,75.70000000,0
1531218406240,1531218406236,2636638,0.00014080,93.72000000,0
1531218406275,1531218406269,2636639,0.00014080,574.69000000,0
1531218407416,1531218407411,2636640,0.00013930,392.57000000,0
1531218407518,1531218407514,2636641,0.00013950,44.15000000,0
1531218407518,1531218407514,2636642,0.00013970,33.71000000,0
1531218408527,1531218408523,2636643,0.00013870,339.66000000,1
1531218417191,1531218417186,2636644,0.00013870,43.18000000,1
1531218418186,1531218418182,2636645,0.00013860,186.00000000,1
1531218419112,1531218419107,2636646,0.00013860,96.14000000,0
1531218420818,1531218420813,2636647,0.00013850,38.03000000,1
1531218420846,1531218420842,2636648,0.00013850,44.71000000,0
1531218421216,1531218421212,2636649,0.00013840,18.45000000,1
1531218421244,1531218421240,2636650,0.00013850,0.02000000,0
1531218421541,1531218421536,2636651,0.00013860,500.00000000,0
1531218422786,1531218422781,2636652,0.00013850,133.68000000,1
1531218422827,1531218422822,2636653,0.00013850,57.18000000,0
1531218423686,1531218423681,2636654,0.00013850,0.03000000,0
1531218423686,1531218423681,2636655,0.00013860,180.74000000,0
1531218429295,1531218429291,2636656,0.00013860,32.00000000,1
1531218429485,1531218429481,2636657,0.00013860,25.36000000,0
1531218429915,1531218429911,2636658,0.00013850,82.15000000,0
1531218432121,1531218432094,2636659,0.00013870,42.54000000,0
1531218432181,1531218432176,2636660,0.00013870,49.30000000,0
1531218434596,1531218434591,2636661,0.00013860,112.38000000,0
1531218436195,1531218436191,2636662,0.00013860,148.57000000,0
1531218437653,1531218437650,2636663,0.00013840,156.51000000,1
1531218439547,1531218439542,2636664,0.00013850,82.22000000,0
1531218451122,1531218451118,2636665,0.00013850,82.09000000,0
1531218451122,1531218451118,2636666,0.00013870,146.47000000,0
1531218451122,1531218451118,2636667,0.00013880,1932.82000000,0
1531218457120,1531218457116,2636668,0.00013840,36.49000000,1
1531218457256,1531218457252,2636669,0.00013840,126.70000000,1
1531218457416,1531218457412,2636670,0.00013840,19.26000000,0
1531218459406,1531218459400,2636671,0.00013840,25.55000000,0
1531218463412,1531218463407,2636672,0.00013850,82.40000000,0
1531218466169,1531218466163,2636673,0.00013830,17.45000000,1
1531218487320,1531218487314,2636674,0.00013860,15.00000000,0
1531218487320,1531218487314,2636675,0.00013880,700.13000000,0
1531218488004,1531218488000,2636676,0.00013880,41.61000000,1
1531218488385,1531218488381,2636677,0.00013880,42.35000000,1
1531218488923,1531218488919,2636678,0.00013880,28.00000000,1
1531218491191,1531218491186,2636679,0.00013920,0.73000000,0
1531218499418,1531218499414,2636680,0.00013900,42.37000000,0
1531218507823,1531218507819,2636681,0.00013910,0.58000000,0
1531218509467,1531218509463,2636682,0.00013910,3.37000000,0
1531218512486,1531218512482,2636683,0.00013910,0.01000000,0
1531218518944,1531218518939,2636684,0.00013880,45.91000000,1
1531218520008,1531218520004,2636685,0.00013880,91.44000000,1
1531218588059,1531218588051,2636686,0.00013880,292.71000000,1
1531218618557,1531218618549,2636687,0.00013880,180.85000000,1
1531218618557,1531218618549,2636688,0.00013840,137.55000000,1
1531218618557,1531218618549,2636689,0.00013830,33.84000000,1
1531218618557,1531218618549,2636690,0.00013800,48.25000000,1
1531218618557,1531218618549,2636691,0.00013780,99.51000000,1
1531218625966,1531218625960,2636692,0.00013840,72.25000000,1
1531218625988,1531218625983,2636693,0.00013800,124.05000000,0
1531218636320,1531218636316,2636694,0.00013810,0.74000000,1
1531218638338,1531218638332,2636695,0.00013800,0.74000000,1
1531218664467,1531218664461,2636696,0.00013810,11.18000000,1
1531218665371,1531218665366,2636697,0.00013810,11.18000000,1
1531218666266,1531218666260,2636698,0.00013810,11.18000000,1
1531218667166,1531218667162,2636699,0.00013810,11.18000000,1
1531218668058,1531218668053,2636700,0.00013810,11.18000000,1
1531218668953,1531218668949,2636701,0.00013810,11.18000000,1
1531218669853,1531218669848,2636702,0.00013810,11.18000000,1
1531218670747,1531218670743,2636703,0.00013810,11.18000000,1
1531218671638,1531218671634,2636704,0.00013810,11.18000000,1
1531218672529,1531218672525,2636705,0.00013810,11.18000000,1
1531218677414,1531218677408,2636706,0.00013840,15.00000000,0
1531218677495,1531218677490,2636707,0.00013810,0.40000000,1
1531218678555,1531218678550,2636708,0.00013810,0.40000000,1
1531218679603,1531218679598,2636709,0.00013810,0.40000000,1
1531218680665,1531218680662,2636710,0.00013810,0.40000000,1
1531218682223,1531218682220,2636711,0.00013810,0.40000000,1
1531218683749,1531218683744,2636712,0.00013810,0.40000000,1
1531218684819,1531218684814,2636713,0.00013810,0.40000000,1
1531218686339,1531218686334,2636714,0.00013810,0.40000000,1
1531218687410,1531218687406,2636715,0.00013810,0.40000000,1
1531218687429,1531218687423,2636716,0.00013850,106.32000000,0
1531218688469,1531218688464,2636717,0.00013810,0.40000000,1
1531218688610,1531218688604,2636718,0.00013860,206.35000000,0
1531218690421,1531218690416,2636719,0.00013860,103.43000000,0
1531218692426,1531218692420,2636720,0.00013870,191.33000000,0
1531218694415,1531218694412,2636721,0.00013860,95.83000000,0
1531218695412,1531218695407,2636722,0.00013870,82.74000000,0
1531218700407,1531218700402,2636723,0.00013880,122.55000000,0
1531218701431,1531218701427,2636724,0.00013890,133.69000000,0
1531218704501,1531218704498,2636725,0.00013880,82.72000000,0
1531218713426,1531218713420,2636726,0.00013880,82.45000000,0
1531218722671,1531218722666,2636727,0.00013880,82.04000000,0
1531218792447,1531218792443,2636728,0.00013890,0.01000000,0
1531218792447,1531218792443,2636729,0.00013910,107.82000000,0
1531218845494,1531218845487,2636730,0.00013860,50.06000000,1
1531218845525,1531218845520,2636731,0.00013860,50.33000000,0
1531218845526,1531218845522,2636732,0.00013860,50.23000000,0
1531218845558,1531218845553,2636733,0.00013860,44.50000000,0
1531218846522,1531218846517,2636734,0.00013860,515.40000000,0
1531218883908,1531218883902,2636735,0.00013910,100.00000000,0
1531218958601,1531218958597,2636736,0.00013900,2.34000000,0
1531218961606,1531218961602,2636737,0.00013900,0.01000000,0
1531218965692,1531218965688,2636738,0.00013890,15.00000000,0
1531218974864,1531218974859,2636739,0.00013890,29.70000000,0
1531218976546,1531218976540,2636740,0.00013900,115.80000000,0
1531218977885,1531218977880,2636741,0.00013910,7.28000000,0
1531218980886,1531218980881,2636742,0.00013910,0.02000000,0
1531218985551,1531218985547,2636743,0.00013910,714.60000000,0
1531218988637,1531218988632,2636744,0.00013920,39.52000000,0
1531219016992,1531219016987,2636745,0.00013950,0.01000000,0
1531219037454,1531219037449,2636746,0.00013950,0.14000000,0
1531219064108,1531219064103,2636747,0.00013900,7.28000000,1
1531219084876,1531219084870,2636748,0.00013940,7.28000000,0
1531219084876,1531219084870,2636749,0.00013950,335.46000000,0
1531219135322,1531219135316,2636750,0.00013900,7.72000000,1
1531219135322,1531219135316,2636751,0.00013860,38.47000000,1
1531219136966,1531219136959,2636752,0.00013890,12.22000000,1
1531219136966,1531219136959,2636753,0.00013880,46.42000000,1
1531219136966,1531219136959,2636754,0.00013870,14.16000000,1
1531219140609,1531219140605,2636755,0.00013910,46.42000000,0
1531219164127,1531219164118,2636756,0.00013870,162.38000000,1
1531219164127,1531219164118,2636757,0.00013850,301.40000000,1
1531219164127,1531219164118,2636758,0.00013840,329.34000000,1
1531219164127,1531219164118,2636759,0.00013820,36.89000000,1
1531219164127,1531219164118,2636760,0.00013810,282.86000000,1
1531219164127,1531219164118,2636761,0.00013800,371.89000000,1
1531219164127,1531219164118,2636762,0.00013790,410.73000000,1
1531219167322,1531219167318,2636763,0.00013870,41.97000000,0
1531219167418,1531219167414,2636764,0.00013880,324.87000000,0
1531219168474,1531219168469,2636765,0.00013880,214.49000000,0
1531219170458,1531219170454,2636766,0.00013890,29.61000000,0
1531219171774,1531219171769,2636767,0.00013910,44.82000000,0
1531219173602,1531219173596,2636768,0.00013920,203.96000000,0
1531219182423,1531219182420,2636769,0.00013900,7.72000000,1
1531219182423,1531219182420,2636770,0.00013870,9.48000000,1
1531219189018,1531219189013,2636771,0.00013920,9.48000000,0
1531219191804,1531219191798,2636772,0.00013930,15.00000000,0
1531219191804,1531219191798,2636773,0.00013940,36.66000000,0
1531219191804,1531219191798,2636774,0.00013950,201.53000000,0
1531219204664,1531219204659,2636775,0.00013940,487.74000000,0
1531219207601,1531219207597,2636776,0.00013940,89.48000000,0
1531219208472,1531219208467,2636777,0.00013940,464.39000000,0
1531219210907,1531219210902,2636778,0.00013950,565.29000000,0
1531219210907,1531219210902,2636779,0.00013960,2353.24000000,0
1531219212471,1531219212465,2636780,0.00013960,749.21000000,0
1531219215387,1531219215379,2636781,0.00013990,17.32000000,0
1531219215387,1531219215379,2636782,0.00014010,31.67000000,0
1531219215387,1531219215379,2636783,0.00014020,111.33000000,0
1531219215387,1531219215379,2636784,0.00014060,10.19000000,0
1531219215387,1531219215379,2636785,0.00014080,105.44000000,0
1531219215387,1531219215379,2636786,0.00014110,133.57000000,0
1531219215387,1531219215379,2636787,0.00014120,146.99000000,0
1531219215387,1531219215379,2636788,0.00014130,18.88000000,0
1531219215387,1531219215379,2636789,0.00014140,57.99000000,0
1531219215387,1531219215379,2636790,0.00014160,34.76000000,0
1531219215387,1531219215379,2636791,0.00014180,39.05000000,0
1531219215387,1531219215379,2636792,0.00014190,18.56000000,0
1531219215787,1531219215783,2636793,0.00014190,8.44000000,0
1531219216267,1531219216263,2636794,0.00014020,7.76000000,1
1531219216782,1531219216776,2636795,0.00014190,27.45000000,0
1531219216782,1531219216776,2636796,0.00014230,7.76000000,0
1531219216782,1531219216776,2636797,0.00014270,33.64000000,0
1531219216782,1531219216776,2636798,0.00014300,31.35000000,0
1531219216782,1531219216776,2636799,0.00014310,4.22000000,0
1531219216782,1531219216776,2636800,0.00014380,14.30000000,0
1531219216782,1531219216776,2636801,0.00014400,54.52000000,0
1531219217153,1531219217149,2636802,0.00014050,26.95000000,1
1531219217827,1531219217824,2636803,0.00014080,15.00000000,1
1531219218034,1531219218029,2636804,0.00014260,39.58000000,1
1531219218156,1531219218152,2636805,0.00014210,39.71000000,1
1531219218833,1531219218828,2636806,0.00014080,20.35000000,1
1531219218893,1531219218888,2636807,0.00014080,0.14000000,1
1531219219821,1531219219818,2636808,0.00014090,34.83000000,0
1531219220098,1531219220095,2636809,0.00014090,42.14000000,0
1531219221959,1531219221955,2636810,0.00014090,10.80000000,0
1531219223290,1531219223286,2636811,0.00014090,2.79000000,0
1531219224273,1531219224268,2636812,0.00014080,35.49000000,0
1531219224273,1531219224268,2636813,0.00014090,31.28000000,0
1531219225101,1531219225097,2636814,0.00014060,14.20000000,1
1531219225101,1531219225097,2636815,0.00014040,21.90000000,1
1531219225375,1531219225370,2636816,0.00014040,10.83000000,1
1531219226189,1531219226183,2636817,0.00014040,2.83000000,1
1531219226189,1531219226183,2636818,0.00014000,4.39000000,1
1531219226677,1531219226673,2636819,0.00014090,0.93000000,0
1531219227288,1531219227285,2636820,0.00014090,0.17000000,0
1531219234231,1531219234226,2636821,0.00014050,43.53000000,1
1531219237543,1531219237538,2636822,0.00014070,146.26000000,1
1531219238470,1531219238465,2636823,0.00014050,138.68000000,0
1531219272130,1531219272125,2636824,0.00014030,0.09000000,1
1531219287711,1531219287707,2636825,0.00014040,285.10000000,1
1531219292718,1531219292714,2636826,0.00014040,106.29000000,1
1531219299273,1531219299268,2636827,0.00014030,608.76000000,1
1531219339982,1531219339976,2636828,0.00014060,3.62000000,0
1531219355104,1531219355090,2636829,0.00013990,45.91000000,1
1531219355104,1531219355090,2636830,0.00013980,83.51000000,1
1531219355104,1531219355090,2636831,0.00013950,144.39000000,1
1531219355104,1531219355090,2636832,0.00013940,162.29000000,1
1531219355104,1531219355090,2636833,0.00013930,1740.30000000,1
1531219355104,1531219355090,2636834,0.00013920,411.08000000,1
1531219355104,1531219355090,2636835,0.00013910,3212.52000000,1
1531219356032,1531219356030,2636836,0.00013990,0.30000000,0
1531219356313,1531219356308,2636837,0.00013980,19.94000000,0
1531219356337,1531219356333,2636838,0.00013980,12.41000000,0
1531219357135,1531219357130,2636839,0.00013960,17.08000000,0
1531219357490,1531219357486,2636840,0.00013950,13.56000000,0
1531219357874,1531219357869,2636841,0.00013950,7.17000000,1
1531219358007,1531219357973,2636842,0.00013920,9.91000000,0
1531219361332,1531219361326,2636843,0.00013950,7.17000000,1
1531219361344,1531219361340,2636844,0.00013950,7.17000000,0
1531219362240,1531219362229,2636845,0.00013950,35.12000000,0
1531219362240,1531219362229,2636846,0.00013980,85.78000000,0
1531219362240,1531219362229,2636847,0.00013990,217.74000000,0
1531219362240,1531219362229,2636848,0.00014000,128.91000000,0
1531219362240,1531219362229,2636849,0.00014010,106.69000000,0
1531219362240,1531219362229,2636850,0.00014020,56.65000000,0
1531219362240,1531219362229,2636851,0.00014050,43.90000000,0
1531219362240,1531219362229,2636852,0.00014060,312.36000000,0
1531219362240,1531219362229,2636853,0.00014070,623.85000000,0
1531219362240,1531219362229,2636854,0.00014080,71.93000000,0
1531219362240,1531219362229,2636855,0.00014090,599.39000000,0
1531219362240,1531219362229,2636856,0.00014120,10.63000000,0
1531219362240,1531219362229,2636857,0.00014130,7.88000000,0
1531219362251,1531219362247,2636858,0.00014130,58.70000000,1
1531219362355,1531219362351,2636859,0.00014140,35.36000000,1
1531219381477,1531219381471,2636860,0.00013970,5.83000000,0
1531219381477,1531219381471,2636861,0.00013990,4.80000000,0
1531219386434,1531219386430,2636862,0.00013990,7.37000000,0
1531219389443,1531219389435,2636863,0.00013990,0.02000000,0
1531219406123,1531219406117,2636864,0.00013930,36.26000000,1
1531219406664,1531219406658,2636865,0.00013930,7.26000000,1
1531219407003,1531219406997,2636866,0.00013930,14.51000000,0
1531219407490,1531219407484,2636867,0.00013920,35.36000000,0
1531219417491,1531219417486,2636868,0.00013940,43.52000000,0
1531219418491,1531219418487,2636869,0.00013950,14.20000000,0
1531219429497,1531219429491,2636870,0.00013910,10.90000000,1
1531219431429,1531219431425,2636871,0.00013980,10.90000000,0
1531219431429,1531219431425,2636872,0.00013990,14.10000000,0
1531219447531,1531219447527,2636873,0.00013900,14.55000000,1
1531219456518,1531219456512,2636874,0.00013970,14.55000000,0
1531219456518,1531219456512,2636875,0.00013980,26.47000000,0
1531219456518,1531219456512,2636876,0.00013990,13.58000000,0
1531219456518,1531219456512,2636877,0.00014000,35.72000000,0
1531219468062,1531219468059,2636878,0.00013980,2.78000000,0
1531219471077,1531219471073,2636879,0.00013980,0.01000000,0
1531219492222,1531219492216,2636880,0.00013980,36.56000000,0
1531219492222,1531219492216,2636881,0.00014020,0.44000000,0
1531219569057,1531219569051,2636882,0.00013900,61.95000000,1
1531219607460,1531219607456,2636883,0.00013970,55.58000000,0
1531219607460,1531219607456,2636884,0.00013980,167.42000000,0
1531219616152,1531219616146,2636885,0.00013980,7.42000000,0
1531219616152,1531219616146,2636886,0.00014010,0.58000000,0
1531219749037,1531219749032,2636887,0.00014000,30.77000000,0
1531219749037,1531219749032,2636888,0.00014010,0.23000000,0
1531219941937,1531219941932,2636889,0.00013990,65.00000000,0
1531219955976,1531219955973,2636890,0.00013990,65.00000000,0
1531219963089,1531219963084,2636891,0.00013990,65.00000000,0
1531219969169,1531219969166,2636892,0.00013990,65.00000000,0
1531219995745,1531219995741,2636893,0.00013990,65.00000000,0
1531220001931,1531220001926,2636894,0.00013990,65.00000000,0
1531220003962,1531220003957,2636895,0.00013990,40.06000000,0
1531220013466,1531220013461,2636896,0.00013990,65.00000000,0
1531220028492,1531220028487,2636897,0.00013990,65.00000000,0
1531220034687,1531220034684,2636898,0.00013990,55.70000000,0
1531220060672,1531220060667,2636899,0.00013990,37.20000000,0
1531220066661,1531220066656,2636900,0.00013990,24.80000000,0
1531220074954,1531220074949,2636901,0.00013990,16.50000000,0
1531220097132,1531220097126,2636902,0.00013990,11.00000000,0
1531220112096,1531220112091,2636903,0.00013990,67.91000000,0
1531220134192,1531220134157,2636904,0.00013930,51.84000000,1
1531220134192,1531220134157,2636905,0.00013900,112.18000000,1
1531220134192,1531220134157,2636906,0.00013890,320.38000000,1
1531220134192,1531220134157,2636907,0.00013880,224.47000000,1
1531220134192,1531220134157,2636908,0.00013870,63.27000000,1
1531220134192,1531220134157,2636909,0.00013860,604.61000000,1
1531220134192,1531220134157,2636910,0.00013850,1100.71000000,1
1531220134192,1531220134157,2636911,0.00013840,154.26000000,1
1531220134192,1531220134157,2636912,0.00013830,756.56000000,1
1531220134192,1531220134157,2636913,0.00013820,555.70000000,1
1531220134192,1531220134157,2636914,0.00013810,206.76000000,1
1531220134192,1531220134157,2636915,0.00013800,696.02000000,1
1531220134192,1531220134157,2636916,0.00013790,611.93000000,1
1531220134192,1531220134157,2636917,0.00013780,240.94000000,1
1531220134192,1531220134157,2636918,0.00013770,686.75000000,1
1531220134192,1531220134157,2636919,0.00013760,233.62000000,1
1531220134192,1531220134157,2636920,0.00013750,248.32000000,1
1531220134192,1531220134157,2636921,0.00013740,69.04000000,1
1531220134192,1531220134157,2636922,0.00013730,451.25000000,1
1531220134192,1531220134157,2636923,0.00013720,2611.39000000,1
1531220134904,1531220134899,2636924,0.00013850,72.52000000,0
1531220134995,1531220134990,2636925,0.00013840,19.53000000,0
1531220134996,1531220134990,2636926,0.00013850,72.52000000,0
1531220135064,1531220135060,2636927,0.00013800,44.45000000,1
1531220135109,1531220135104,2636928,0.00013850,35.56000000,0
1531220135191,1531220135185,2636929,0.00013830,29.81000000,0
1531220135194,1531220135188,2636930,0.00013850,31.25000000,0
1531220135194,1531220135188,2636931,0.00013860,202.05000000,0
1531220135212,1531220135206,2636932,0.00013830,13.79000000,0
1531220135212,1531220135206,2636933,0.00013860,182.08000000,0
1531220135220,1531220135216,2636934,0.00013860,13.79000000,0
1531220135242,1531220135239,2636935,0.00013840,45.04000000,0
1531220135242,1531220135239,2636936,0.00013880,101.53000000,0
1531220135242,1531220135239,2636937,0.00013890,49.30000000,0
1531220135361,1531220135355,2636938,0.00013820,45.02000000,0
1531220135520,1531220135515,2636939,0.00013860,36.21000000,0
1531220135525,1531220135521,2636940,0.00013860,9.42000000,1
1531220135621,1531220135616,2636941,0.00013860,34.05000000,0
1531220135709,1531220135706,2636942,0.00013870,10.74000000,0
1531220135822,1531220135816,2636943,0.00013870,148.81000000,0
1531220135855,1531220135851,2636944,0.00013820,0.23000000,1
1531220135887,1531220135882,2636945,0.00013840,17.34000000,0
1531220136485,1531220136481,2636946,0.00013840,10.14000000,1
1531220136971,1531220136966,2636947,0.00013870,571.91000000,0
1531220138572,1531220138569,2636948,0.00013860,39.58000000,0
1531220138686,1531220138685,2636949,0.00013870,190.95000000,0
1531220138806,1531220138802,2636950,0.00013870,134.44000000,0
1531220139331,1531220139326,2636951,0.00013870,42.53000000,0
1531220139829,1531220139824,2636952,0.00013870,28.19000000,0
1531220140506,1531220140501,2636953,0.00013870,34.03000000,0
1531220140763,1531220140759,2636954,0.00013880,31.58000000,0
1531220141662,1531220141657,2636955,0.00013850,73.26000000,0
1531220141670,1531220141665,2636956,0.00013850,0.01000000,0
1531220142257,1531220142252,2636957,0.00013870,36.08000000,0
1531220142576,1531220142570,2636958,0.00013870,15.00000000,0
1531220145514,1531220145509,2636959,0.00013870,41.85000000,0
1531220145538,1531220145532,2636960,0.00013840,0.01000000,1
1531220145753,1531220145748,2636961,0.00013870,42.70000000,0
1531220146820,1531220146815,2636962,0.00013870,27.95000000,0
1531220147705,1531220147701,2636963,0.00013850,72.74000000,0
1531220151703,1531220151698,2636964,0.00013870,608.85000000,0
1531220158124,1531220158120,2636965,0.00013860,10.89000000,0
1531220165319,1531220165310,2636966,0.00013880,276.43000000,0
1531220165319,1531220165310,2636967,0.00013890,299.34000000,0
1531220168068,1531220168063,2636968,0.00013870,14.99000000,0
1531220168068,1531220168063,2636969,0.00013890,1.76000000,0
1531220168068,1531220168063,2636970,0.00013900,14.59000000,0
1531220194187,1531220194183,2636971,0.00013850,10.94000000,0
1531220194416,1531220194412,2636972,0.00013850,36.45000000,0
1531220194839,1531220194834,2636973,0.00013850,0.02000000,0
1531220194896,1531220194891,2636974,0.00013850,145.85000000,1
1531220195121,1531220195115,2636975,0.00013850,14.59000000,1
1531220195398,1531220195397,2636976,0.00013850,7.30000000,1
1531220195479,1531220195473,2636977,0.00013850,10.94000000,1
1531220195482,1531220195477,2636978,0.00013850,10.94000000,1
1531220195576,1531220195571,2636979,0.00013850,28.29000000,1
1531220195999,1531220195995,2636980,0.00013850,14.59000000,1
1531220209672,1531220209667,2636981,0.00013840,4480.00000000,1
1531220214650,1531220214629,2636982,0.00013890,15.00000000,0
1531220214650,1531220214629,2636983,0.00013900,66.54000000,0
1531220214650,1531220214629,2636984,0.00013910,68.43000000,0
1531220214650,1531220214629,2636985,0.00013920,744.42000000,0
1531220214650,1531220214629,2636986,0.00013930,265.82000000,0
1531220214650,1531220214629,2636987,0.00013940,87.40000000,0
1531220214650,1531220214629,2636988,0.00013950,212.56000000,0
1531220214650,1531220214629,2636989,0.00013960,105.00000000,0
1531220214650,1531220214629,2636990,0.00013970,1666.00000000,0
1531220214650,1531220214629,2636991,0.00013980,194.97000000,0
1531220214650,1531220214629,2636992,0.00013990,3480.88000000,0
1531220214650,1531220214629,2636993,0.00014000,41.65000000,0
1531220214650,1531220214629,2636994,0.00014010,179.67000000,0
1531220214650,1531220214629,2636995,0.00014020,49.00000000,0
1531220217006,1531220217002,2636996,0.00013950,57.49000000,1
1531220217837,1531220217832,2636997,0.00013950,10.83000000,1
1531220221499,1531220221497,2636998,0.00013980,45.97000000,1
1531220223148,1531220223142,2636999,0.00013980,49.52000000,1
1531220225450,1531220225444,2637000,0.00013990,12.49000000,1
1531220225459,1531220225453,2637001,0.00013990,12.49000000,1
1531220225607,1531220225601,2637002,0.00013990,35.92000000,1
1531220225767,1531220225761,2637003,0.00014010,16.70000000,1
1531220226526,1531220226520,2637004,0.00014000,16.70000000,0
1531220226820,1531220226815,2637005,0.00013990,21.46000000,1
1531220227336,1531220227330,2637006,0.00013980,49.52000000,0
1531220227336,1531220227330,2637007,0.00013990,16.79000000,0
1531220227336,1531220227330,2637008,0.00014030,42.31000000,0
1531220227336,1531220227330,2637009,0.00014040,44.03000000,0
1531220227336,1531220227330,2637010,0.00014060,7.83000000,0
1531220227336,1531220227330,2637011,0.00014070,24.17000000,0
1531220227336,1531220227330,2637012,0.00014080,108.57000000,0
1531220228670,1531220228666,2637013,0.00013980,45.97000000,0
1531220229528,1531220229522,2637014,0.00013970,44.73000000,0
1531220245547,1531220245543,2637015,0.00014010,10.72000000,1
1531220245950,1531220245946,2637016,0.00014010,12.16000000,1
1531220246139,1531220246134,2637017,0.00014010,23.00000000,1
1531220246531,1531220246526,2637018,0.00013990,119.96000000,0
1531220257283,1531220257274,2637019,0.00013990,253.21000000,1
1531220257283,1531220257274,2637020,0.00013980,374.88000000,1
1531220257283,1531220257274,2637021,0.00013960,30.00000000,1
1531220257283,1531220257274,2637022,0.00013940,1812.56000000,1
1531220257283,1531220257274,2637023,0.00013930,135.61000000,1
1531220257283,1531220257274,2637024,0.00013920,4278.01000000,1
1531220261632,1531220261625,2637025,0.00013980,299.09000000,0
1531220261632,1531220261625,2637026,0.00013990,80.96000000,0
1531220261632,1531220261625,2637027,0.00014000,65.47000000,0
1531220261632,1531220261625,2637028,0.00014030,15.00000000,0
1531220261632,1531220261625,2637029,0.00014040,160.47000000,0
1531220261632,1531220261625,2637030,0.00014060,28.44000000,0
1531220261632,1531220261625,2637031,0.00014080,325.07000000,0
1531220261632,1531220261625,2637032,0.00014100,196.26000000,0
1531220261632,1531220261625,2637033,0.00014120,26.95000000,0
1531220261632,1531220261625,2637034,0.00014130,7.08000000,0
1531220261632,1531220261625,2637035,0.00014150,40.56000000,0
1531220263674,1531220263670,2637036,0.00014000,31.98000000,0
1531220266421,1531220266413,2637037,0.00014020,8.64000000,0
1531220266421,1531220266413,2637038,0.00014060,83.31000000,0
1531220266421,1531220266413,2637039,0.00014150,81.88000000,0
1531220266421,1531220266413,2637040,0.00014160,23.55000000,0
1531220266421,1531220266413,2637041,0.00014170,46.23000000,0
1531220266421,1531220266413,2637042,0.00014200,34.83000000,0
1531220266421,1531220266413,2637043,0.00014220,100.00000000,0
1531220266421,1531220266413,2637044,0.00014230,50.00000000,0
1531220266421,1531220266413,2637045,0.00014250,37.79000000,0
1531220266421,1531220266413,2637046,0.00014290,20.00000000,0
1531220266421,1531220266413,2637047,0.00014310,10.27000000,0
1531220266421,1531220266413,2637048,0.00014320,7.69000000,0
1531220266421,1531220266413,2637049,0.00014330,31.13000000,0
1531220266888,1531220266883,2637050,0.00014160,43.25000000,1
1531220267169,1531220267163,2637051,0.00014190,40.11000000,1
1531220267197,1531220267192,2637052,0.00014190,51.51000000,0
1531220267207,1531220267202,2637053,0.00014200,40.11000000,1
1531220267214,1531220267209,2637054,0.00014200,6.82000000,1
1531220267251,1531220267246,2637055,0.00014000,37.11000000,0
1531220267301,1531220267296,2637056,0.00014000,0.02000000,0
1531220267421,1531220267417,2637057,0.00014190,36.28000000,0
1531220268165,1531220268160,2637058,0.00014140,18.04000000,1
1531220268165,1531220268160,2637059,0.00014050,2.28000000,1
1531220268212,1531220268207,2637060,0.00014180,10.46000000,0
1531220268562,1531220268557,2637061,0.00014140,40.72000000,1
1531220269858,1531220269852,2637062,0.00014170,45.91000000,1
1531220270961,1531220270953,2637063,0.00014170,0.32000000,1
1531220270961,1531220270953,2637064,0.00014150,16.73000000,1
1531220271098,1531220271094,2637065,0.00014150,43.35000000,1
1531220273446,1531220273438,2637066,0.00014180,87.98000000,0
1531220273446,1531220273438,2637067,0.00014190,3.72000000,0
1531220273446,1531220273438,2637068,0.00014240,18.04000000,0
1531220273446,1531220273438,2637069,0.00014250,35.00000000,0
1531220273446,1531220273438,2637070,0.00014270,10.46000000,0
1531220273446,1531220273438,2637071,0.00014320,8.44000000,0
1531220273446,1531220273438,2637072,0.00014330,18.87000000,0
1531220273446,1531220273438,2637073,0.00014340,8.20000000,0
1531220273702,1531220273695,2637074,0.00014160,56.46000000,1
1531220273753,1531220273747,2637075,0.00014160,56.46000000,1
1531220274107,1531220274102,2637076,0.00014160,184.19000000,1
1531220274355,1531220274350,2637077,0.00014170,87.99000000,1
1531220274355,1531220274350,2637078,0.00014160,56.38000000,1
1531220274355,1531220274350,2637079,0.00014150,12.00000000,1
1531220275182,1531220275175,2637080,0.00014270,232.65000000,0
1531220275182,1531220275175,2637081,0.00014300,43.23000000,0
1531220275182,1531220275175,2637082,0.00014330,35.31000000,0
1531220275182,1531220275175,2637083,0.00014340,11.80000000,0
1531220275182,1531220275175,2637084,0.00014360,57.66000000,0
1531220275182,1531220275175,2637085,0.00014370,39.71000000,0
1531220275182,1531220275175,2637086,0.00014400,85.30000000,0
1531220275182,1531220275175,2637087,0.00014440,575.77000000,0
1531220275182,1531220275175,2637088,0.00014460,14.39000000,0
1531220275182,1531220275175,2637089,0.00014490,177.96000000,0
1531220275746,1531220275741,2637090,0.00014200,43.50000000,1
1531220275798,1531220275793,2637091,0.00014170,42.07000000,1
1531220275982,1531220275978,2637092,0.00014200,0.41000000,1
1531220277965,1531220277960,2637093,0.00014220,249.52000000,1
1531220278110,1531220278105,2637094,0.00014220,66.75000000,1
1531220278110,1531220278105,2637095,0.00014200,177.37000000,1
1531220278685,1531220278679,2637096,0.00014250,43.25000000,0
1531220278685,1531220278679,2637097,0.00014260,9.86000000,0
1531220280562,1531220280557,2637098,0.00014250,42.07000000,0
1531220280604,1531220280600,2637099,0.00014250,44.10000000,1
1531220281548,1531220281545,2637100,0.00014250,608.40000000,1
1531220282581,1531220282577,2637101,0.00014230,7.13000000,1
1531220283544,1531220283540,2637102,0.00014230,178.66000000,1
1531220284397,1531220284392,2637103,0.00014240,21.09000000,1
1531220286338,1531220286331,2637104,0.00014190,78.13000000,0
1531220286338,1531220286331,2637105,0.00014200,17.05000000,0
1531220286338,1531220286331,2637106,0.00014230,141.21000000,0
1531220286338,1531220286331,2637107,0.00014270,42.30000000,0
1531220286338,1531220286331,2637108,0.00014340,43.50000000,0
1531220286338,1531220286331,2637109,0.00014410,36.57000000,0
1531220286338,1531220286331,2637110,0.00014490,120.48000000,0
1531220286338,1531220286331,2637111,0.00014500,14.85000000,0
1531220286338,1531220286331,2637112,0.00014530,316.27000000,0
1531220286338,1531220286331,2637113,0.00014540,608.98000000,0
1531220286360,1531220286355,2637114,0.00014500,283.33000000,1
1531220286362,1531220286358,2637115,0.00014500,69.15000000,1
1531220286379,1531220286375,2637116,0.00014500,54.23000000,1
1531220286399,1531220286395,2637117,0.00014500,45.91000000,1
1531220286430,1531220286426,2637118,0.00014500,82.00000000,1
1531220286459,1531220286454,2637119,0.00014500,82.00000000,1
1531220286477,1531220286473,2637120,0.00014500,13.54000000,1
1531220286532,1531220286526,2637121,0.00014500,269.18000000,1
1531220286665,1531220286660,2637122,0.00014500,10.64000000,1
1531220286666,1531220286661,2637123,0.00014500,33.99000000,1
1531220287531,1531220287527,2637124,0.00014500,299.93000000,1
1531220288756,1531220288751,2637125,0.00014410,160.00000000,1
1531220288799,1531220288798,2637126,0.00014410,7.01000000,1
1531220288992,1531220288986,2637127,0.00014410,8.53000000,1
1531220288996,1531220288990,2637128,0.00014410,111.71000000,1
1531220289002,1531220288997,2637129,0.00014400,10.63000000,1
1531220289042,1531220289037,2637130,0.00014400,7.67000000,1
1531220289313,1531220289308,2637131,0.00014380,103.69000000,1
1531220289313,1531220289308,2637132,0.00014360,38.56000000,1
1531220289644,1531220289639,2637133,0.00014350,9.30000000,1
1531220290043,1531220290038,2637134,0.00014380,10.02000000,1
1531220290137,1531220290134,2637135,0.00014380,24.40000000,1
1531220290137,1531220290134,2637136,0.00014350,85.34000000,1
1531220291005,1531220291001,2637137,0.00014380,7.87000000,1
1531220291519,1531220291515,2637138,0.00014350,10.73000000,1
1531220291546,1531220291541,2637139,0.00014350,20.31000000,1
1531220292599,1531220292596,2637140,0.00014350,21.46000000,1
1531220292697,1531220292690,2637141,0.00014350,353.89000000,1
1531220293204,1531220293199,2637142,0.00014340,115.59000000,1
1531220293378,1531220293374,2637143,0.00014360,34.46000000,1
1531220294626,1531220294621,2637144,0.00014380,48.27000000,1
1531220294626,1531220294621,2637145,0.00014330,73.20000000,1
1531220295548,1531220295542,2637146,0.00014330,39.36000000,1
1531220296109,1531220296105,2637147,0.00014400,13.80000000,0
1531220296129,1531220296124,2637148,0.00014410,10.36000000,0
1531220296140,1531220296136,2637149,0.00014430,143.18000000,0
1531220296222,1531220296217,2637150,0.00014430,29.45000000,0
1531220297290,1531220297281,2637151,0.00014430,143.62000000,0
1531220297290,1531220297281,2637152,0.00014440,382.53000000,0
1531220297290,1531220297281,2637153,0.00014450,99.23000000,0
1531220297290,1531220297281,2637154,0.00014460,7.87000000,0
1531220297290,1531220297281,2637155,0.00014470,92.03000000,0
1531220297290,1531220297281,2637156,0.00014480,42.70000000,0
1531220297290,1531220297281,2637157,0.00014490,135.26000000,0
1531220297290,1531220297281,2637158,0.00014500,162.85000000,0
1531220297290,1531220297281,2637159,0.00014550,23.38000000,0
1531220298318,1531220298313,2637160,0.00014350,20.97000000,1
1531220299520,1531220299516,2637161,0.00014400,42.52000000,1
1531220299520,1531220299516,2637162,0.00014380,319.30000000,1
1531220301531,1531220301525,2637163,0.00014390,47.06000000,1
1531220302530,1531220302526,2637164,0.00014360,145.03000000,1
1531220303660,1531220303651,2637165,0.00014420,166.00000000,0
1531220303660,1531220303651,2637166,0.00014430,47.06000000,0
1531220303660,1531220303651,2637167,0.00014440,7.29000000,0
1531220303660,1531220303651,2637168,0.00014510,42.52000000,0
1531220303660,1531220303651,2637169,0.00014530,7.13000000,0
1531220303660,1531220303651,2637170,0.00014550,4.29000000,0
1531220303660,1531220303651,2637171,0.00014570,30.97000000,0
1531220303660,1531220303651,2637172,0.00014600,75.00000000,0
1531220303660,1531220303651,2637173,0.00014610,15.00000000,0
1531220303678,1531220303674,2637174,0.00014610,35.00000000,1
1531220303683,1531220303678,2637175,0.00014610,64.11000000,1
1531220304538,1531220304533,2637176,0.00014450,48.07000000,1
1531220304712,1531220304706,2637177,0.00014430,8.30000000,1
1531220304712,1531220304706,2637178,0.00014420,10.29000000,1
1531220304712,1531220304706,2637179,0.00014400,16.41000000,1
1531220305089,1531220305084,2637180,0.00014520,10.28000000,0
1531220305707,1531220305701,2637181,0.00014490,37.29000000,1
1531220306954,1531220306952,2637182,0.00014460,16.41000000,1
1531220307511,1531220307506,2637183,0.00014450,9.59000000,1
1531220307511,1531220307506,2637184,0.00014440,2.47000000,1
1531220309111,1531220309105,2637185,0.00014440,316.70000000,1
1531220310366,1531220310361,2637186,0.00014440,46.16000000,1
1531220310460,1531220310456,2637187,0.00014440,78.52000000,1
1531220310547,1531220310541,2637188,0.00014440,37.86000000,1
1531220310547,1531220310541,2637189,0.00014430,78.51000000,1
1531220310548,1531220310541,2637190,0.00014420,7.34000000,1
1531220311533,1531220311528,2637191,0.00014440,107.18000000,1
1531220312544,1531220312539,2637192,0.00014420,39.11000000,1
1531220312834,1531220312829,2637193,0.00014410,41.21000000,1
1531220312834,1531220312829,2637194,0.00014390,7.94000000,1
1531220314275,1531220314269,2637195,0.00014490,104.00000000,0
1531220314369,1531220314364,2637196,0.00014390,34.39000000,1
1531220315628,1531220315623,2637197,0.00014380,84.19000000,1
1531220317535,1531220317531,2637198,0.00014380,46.90000000,1
1531220318634,1531220318630,2637199,0.00014370,132.87000000,1
1531220319434,1531220319429,2637200,0.00014360,7.19000000,1
1531220319679,1531220319675,2637201,0.00014360,237.92000000,1
1531220320269,1531220320263,2637202,0.00014390,351.34000000,0
1531220321537,1531220321529,2637203,0.00014350,15.00000000,1
1531220322555,1531220322551,2637204,0.00014350,11.21000000,1
1531220323254,1531220323250,2637205,0.00014390,15.00000000,0
1531220323653,1531220323649,2637206,0.00014340,15.00000000,1
1531220325565,1531220325560,2637207,0.00014320,121.83000000,1
1531220326735,1531220326734,2637208,0.00014310,16.75000000,1
1531220326968,1531220326961,2637209,0.00014300,8.31000000,1
1531220326968,1531220326961,2637210,0.00014290,17.47000000,1
1531220326968,1531220326961,2637211,0.00014270,105.43000000,1
1531220326968,1531220326961,2637212,0.00014260,10.34000000,1
1531220327444,1531220327437,2637213,0.00014270,10.56000000,1
1531220328962,1531220328958,2637214,0.00014280,261.44000000,0
1531220329643,1531220329638,2637215,0.00014270,46.85000000,0
1531220329662,1531220329657,2637216,0.00014270,0.05000000,0
1531220330228,1531220330225,2637217,0.00014280,7.00000000,0
1531220330265,1531220330262,2637218,0.00014270,64.88000000,0
1531220330754,1531220330750,2637219,0.00014240,43.01000000,1
1531220330754,1531220330750,2637220,0.00014230,27.13000000,1
1531220330754,1531220330750,2637221,0.00014220,1.54000000,1
1531220331695,1531220331691,2637222,0.00014270,9.56000000,0
1531220334241,1531220334236,2637223,0.00014230,47.39000000,1
1531220334334,1531220334328,2637224,0.00014230,82.65000000,1
1531220337243,1531220337242,2637225,0.00014230,28.73000000,0
1531220338165,1531220338159,2637226,0.00014240,81.27000000,0
1531220338165,1531220338159,2637227,0.00014290,64.11000000,0
1531220338165,1531220338159,2637228,0.00014310,13.87000000,0
1531220338165,1531220338159,2637229,0.00014330,43.01000000,0
1531220338165,1531220338159,2637230,0.00014350,8.31000000,0
1531220338165,1531220338159,2637231,0.00014370,29.13000000,0
1531220338181,1531220338179,2637232,0.00014370,174.24000000,1
1531220338265,1531220338260,2637233,0.00014370,9.59000000,1
1531220338646,1531220338641,2637234,0.00014370,46.83000000,1
1531220338954,1531220338949,2637235,0.00014380,34.68000000,0
1531220338954,1531220338949,2637236,0.00014390,10.32000000,0
1531220347565,1531220347559,2637237,0.00014300,14.32000000,1
1531220349657,1531220349653,2637238,0.00014280,57.85000000,1
1531220350541,1531220350536,2637239,0.00014310,157.08000000,0
1531220354284,1531220354279,2637240,0.00014290,58.22000000,0
1531220354284,1531220354279,2637241,0.00014300,27.13000000,0
1531220354551,1531220354547,2637242,0.00014300,296.22000000,1
1531220358133,1531220358128,2637243,0.00014320,0.81000000,0
1531220366583,1531220366579,2637244,0.00014260,44.69000000,1
1531220366583,1531220366579,2637245,0.00014200,96.16000000,1
1531220386694,1531220386688,2637246,0.00014230,61.19000000,1
1531220387557,1531220387552,2637247,0.00014240,35.80000000,1
1531220391555,1531220391552,2637248,0.00014210,35.13000000,1
1531220391836,1531220391831,2637249,0.00014220,61.18000000,0
1531220397889,1531220397884,2637250,0.00014270,40.42000000,0
1531220400489,1531220400484,2637251,0.00014190,4.27000000,1
1531220401567,1531220401562,2637252,0.00014200,26.42000000,1
1531220403564,1531220403559,2637253,0.00014190,26.42000000,1
1531220404642,1531220404638,2637254,0.00014200,10.58000000,1
1531220410660,1531220410655,2637255,0.00014180,14.44000000,1
1531220411281,1531220411274,2637256,0.00014160,28.98000000,1
1531220411281,1531220411274,2637257,0.00014150,24.24000000,1
1531220411762,1531220411757,2637258,0.00014150,0.34000000,1
1531220412185,1531220412180,2637259,0.00014150,53.22000000,1
1531220412967,1531220412961,2637260,0.00014150,0.34000000,1
1531220413089,1531220413084,2637261,0.00014150,53.22000000,1
1531220413160,1531220413155,2637262,0.00014150,1.73000000,1
1531220413967,1531220413961,2637263,0.00014150,0.34000000,1
1531220414012,1531220414011,2637264,0.00014150,10.93000000,1
1531220414012,1531220414011,2637265,0.00014140,42.29000000,1
1531220414921,1531220414919,2637266,0.00014150,12.64000000,1
1531220414921,1531220414919,2637267,0.00014140,9.80000000,1
1531220414921,1531220414919,2637268,0.00014120,30.78000000,1
1531220415969,1531220415966,2637269,0.00014120,0.34000000,1
1531220415980,1531220415975,2637270,0.00014120,53.22000000,1
1531220416981,1531220416975,2637271,0.00014130,0.34000000,1
1531220417030,1531220417023,2637272,0.00014130,6.85000000,1
1531220417030,1531220417023,2637273,0.00014120,46.37000000,1
1531220417154,1531220417149,2637274,0.00014120,2.10000000,1
1531220417995,1531220417990,2637275,0.00014120,0.34000000,1
1531220418077,1531220418071,2637276,0.00014120,53.22000000,1
1531220418211,1531220418207,2637277,0.00014120,2.10000000,1
1531220418979,1531220418974,2637278,0.00014120,53.22000000,1
1531220419008,1531220419002,2637279,0.00014120,0.34000000,1
1531220419263,1531220419258,2637280,0.00014120,2.10000000,1
1531220420020,1531220420015,2637281,0.00014120,0.34000000,1
1531220420021,1531220420017,2637282,0.00014120,46.36000000,1
1531220420021,1531220420017,2637283,0.00014100,6.86000000,1
1531220420780,1531220420776,2637284,0.00014100,2.10000000,1
1531220421024,1531220421019,2637285,0.00014100,0.34000000,1
1531220421840,1531220421835,2637286,0.00014100,2.10000000,1
1531220422012,1531220422009,2637287,0.00014100,0.34000000,1
1531220422675,1531220422668,2637288,0.00014100,34.39000000,1
1531220423347,1531220423345,2637289,0.00014100,2.10000000,1
1531220424331,1531220424327,2637290,0.00014100,3.92000000,1
1531220424331,1531220424327,2637291,0.00014090,38.93000000,1
1531220424414,1531220424411,2637292,0.00014090,2.10000000,1
1531220425880,1531220425875,2637293,0.00014120,12.65000000,0
1531220425926,1531220425921,2637294,0.00014150,27.75000000,0
1531220425944,1531220425940,2637295,0.00014090,2.10000000,1
1531220426998,1531220426992,2637296,0.00014140,2.10000000,1
1531220428522,1531220428518,2637297,0.00014140,2.10000000,1
1531220431874,1531220431871,2637298,0.00014120,15.00000000,1
1531220436482,1531220436476,2637299,0.00014180,26.42000000,0
1531220436482,1531220436476,2637300,0.00014190,33.33000000,0
1531220455401,1531220455396,2637301,0.00014120,42.21000000,1
1531220460561,1531220460556,2637302,0.00014120,10.30000000,1
1531220477286,1531220477281,2637303,0.00014100,35.82000000,1
1531220485263,1531220485258,2637304,0.00014110,123.00000000,0
1531220505176,1531220505172,2637305,0.00014110,25.00000000,1
1531220505176,1531220505172,2637306,0.00014100,254.80000000,1
1531220508161,1531220508156,2637307,0.00014090,1172.43000000,0
1531220508818,1531220508814,2637308,0.00014080,40.42000000,1
1531220513153,1531220513149,2637309,0.00014090,187.10000000,0
1531220524553,1531220524549,2637310,0.00014090,800.00000000,0
1531220525357,1531220525351,2637311,0.00014080,18.18000000,1
1531220525563,1531220525559,2637312,0.00014080,2484.95000000,0
1531220526564,1531220526559,2637313,0.00014090,8.52000000,0
1531220527564,1531220527560,2637314,0.00014120,15.00000000,0
1531220529718,1531220529713,2637315,0.00014140,15.56000000,0
1531220531176,1531220531171,2637316,0.00014100,16.75000000,1
1531220540788,1531220540782,2637317,0.00014100,5.13000000,1
1531220543151,1531220543145,2637318,0.00014100,5.13000000,1
1531220544712,1531220544709,2637319,0.00014110,34.45000000,1
1531220548716,1531220548714,2637320,0.00014140,16.75000000,0
1531220565966,1531220565961,2637321,0.00014160,25.00000000,0
1531220566062,1531220566058,2637322,0.00014160,9.45000000,0
1531220572560,1531220572555,2637323,0.00014170,96.16000000,0
1531220579361,1531220579356,2637324,0.00014140,14.29000000,1
1531220633827,1531220633821,2637325,0.00014180,25.00000000,0
1531220644720,1531220644715,2637326,0.00014180,60.32000000,0
1531220698772,1531220698767,2637327,0.00014140,0.14000000,1
1531220744613,1531220744608,2637328,0.00014210,9.80000000,0
1531220744641,1531220744635,2637329,0.00014210,17.20000000,1
1531220749261,1531220749256,2637330,0.00014230,7.29000000,0
1531220754732,1531220754728,2637331,0.00014230,13.91000000,0
1531220780113,1531220780108,2637332,0.00014250,37.55000000,0
1531220780113,1531220780108,2637333,0.00014270,34.50000000,0
1531220808738,1531220808733,2637334,0.00014210,0.46000000,1
1531220810778,1531220810774,2637335,0.00014200,0.46000000,1
1531220825966,1531220825961,2637336,0.00014210,1.04000000,1
1531220827290,1531220827284,2637337,0.00014200,1.04000000,1
1531220846467,1531220846461,2637338,0.00014200,14.54000000,1
1531220846467,1531220846461,2637339,0.00014150,108.46000000,1
1531220892841,1531220892836,2637340,0.00014180,15.00000000,0
1531220892841,1531220892836,2637341,0.00014250,56.98000000,0
1531220922130,1531220922125,2637342,0.00014160,46.98000000,1
1531220922130,1531220922125,2637343,0.00014150,53.02000000,1
1531221056294,1531221056291,2637344,0.00014150,14.32000000,1
1531221083781,1531221083776,2637345,0.00014150,193.10000000,1
1531221083781,1531221083776,2637346,0.00014140,1696.90000000,1
1531221089361,1531221089354,2637347,0.00014240,46.98000000,0
1531221089361,1531221089354,2637348,0.00014260,14.54000000,0
1531221089361,1531221089354,2637349,0.00014270,149.12000000,0
1531221089361,1531221089354,2637350,0.00014290,15.68000000,0
1531221089361,1531221089354,2637351,0.00014320,228.66000000,0
1531221089386,1531221089382,2637352,0.00014320,205.64000000,1
1531221089448,1531221089443,2637353,0.00014320,27.00000000,1
1531221089475,1531221089472,2637354,0.00014320,49.99000000,1
1531221089752,1531221089746,2637355,0.00014320,44.29000000,1
1531221090252,1531221090246,2637356,0.00014240,44.17000000,0
1531221102996,1531221102990,2637357,0.00014240,0.11000000,0
1531221109184,1531221109179,2637358,0.00014240,6.54000000,1
1531221110998,1531221110993,2637359,0.00014250,14.11000000,1
