event_time,trade_time,trade_id,price,quantity,maker
1531210368938,1531210368935,374190,0.00001094,810.00000000,0
1531210368956,1531210368951,374191,0.00001089,1100.00000000,1
1531210405344,1531210405338,374192,0.00001093,3950.00000000,0
1531210405353,1531210405349,374193,0.00001091,1660.00000000,1
1531210445018,1531210445014,374194,0.00001092,2746.00000000,1
1531210466865,1531210466861,374195,0.00001093,5605.00000000,0
1531210466881,1531210466875,374196,0.00001092,444.00000000,1
1531210466906,1531210466902,374197,0.00001092,2207.00000000,1
1531210469198,1531210469195,374198,0.00001091,183.00000000,1
1531210528279,1531210528273,374199,0.00001094,2732.00000000,0
1531210536990,1531210536985,374200,0.00001092,1951.00000000,1
1531210586483,1531210586448,374201,0.00001092,1589.00000000,1
1531210607044,1531210607040,374202,0.00001095,81.00000000,0
1531210607044,1531210607040,374203,0.00001096,1162.00000000,0
1531210607044,1531210607040,374204,0.00001099,1263.00000000,0
1531210648308,1531210648303,374205,0.00001099,17192.00000000,0
1531210658263,1531210658257,374206,0.00001100,1419.00000000,1
1531210658263,1531210658257,374207,0.00001099,1775.00000000,1
1531210658351,1531210658347,374208,0.00001099,1417.00000000,1
1531210664226,1531210664222,374209,0.00001100,1679.00000000,1
1531210664237,1531210664233,374210,0.00001100,2422.00000000,1
1531210699816,1531210699812,374211,0.00001101,92.00000000,0
1531210728826,1531210728821,374212,0.00001100,889.00000000,1
1531210728848,1531210728844,374213,0.00001100,152.00000000,1
1531210750630,1531210750625,374214,0.00001100,478.00000000,1
1531210750630,1531210750625,374215,0.00001099,155.00000000,1
1531210785171,1531210785169,374216,0.00001099,2004.00000000,1
1531210805251,1531210805246,374217,0.00001100,670.00000000,1
1531210805265,1531210805261,374218,0.00001100,1112.00000000,0
1531210805275,1531210805271,374219,0.00001100,670.00000000,1
1531210829315,1531210829309,374220,0.00001100,15.00000000,1
1531210830143,1531210830138,374221,0.00001100,3981.00000000,1
1531210830216,1531210830212,374222,0.00001100,2808.00000000,1
1531210830244,1531210830240,374223,0.00001100,2956.00000000,1
1531210866834,1531210866828,374224,0.00001100,15.00000000,0
1531210904374,1531210904370,374225,0.00001100,829.00000000,1
1531210904394,1531210904389,374226,0.00001100,91.00000000,1
1531210921399,1531210921395,374227,0.00001101,90.00000000,0
1531210921399,1531210921395,374228,0.00001102,818.00000000,0
1531210969303,1531210969298,374229,0.00001100,6966.00000000,0
1531210969312,1531210969307,374230,0.00001101,2619.00000000,0
1531211061457,1531211061454,374231,0.00001101,1949.00000000,1
1531211088961,1531211088955,374232,0.00001101,388.00000000,1
1531211088978,1531211088975,374233,0.00001101,2264.00000000,1
1531211107057,1531211107053,374234,0.00001101,1920.00000000,0
1531211107064,1531211107060,374235,0.00001100,2318.00000000,1
1531211107081,1531211107077,374236,0.00001100,1011.00000000,1
1531211148339,1531211148335,374237,0.00001101,890.00000000,0
1531211148354,1531211148349,374238,0.00001100,696.00000000,1
1531211185561,1531211185556,374239,0.00001100,2556.00000000,1
1531211208411,1531211208406,374240,0.00001101,3480.00000000,0
1531211208423,1531211208419,374241,0.00001100,2677.00000000,1
1531211233627,1531211233622,374242,0.00001101,1835.00000000,0
1531211233655,1531211233651,374243,0.00001101,2935.00000000,0
1531211270374,1531211270370,374244,0.00001101,2025.00000000,1
1531211270387,1531211270382,374245,0.00001101,364.00000000,0
1531211270401,1531211270396,374246,0.00001101,2025.00000000,1
1531211301832,1531211301828,374247,0.00001101,614.00000000,0
1531211363492,1531211363472,374248,0.00001101,100.00000000,0
1531211371925,1531211371920,374249,0.00001100,100.00000000,1
1531211432101,1531211432101,374250,0.00001100,2701.00000000,1
1531211451733,1531211451729,374251,0.00001101,2016.00000000,0
1531211451966,1531211451962,374252,0.00001102,635.00000000,1
1531211466682,1531211466678,374253,0.00001102,91.00000000,1
1531211505606,1531211505600,374254,0.00001102,181.00000000,0
1531211539794,1531211539789,374255,0.00001101,2702.00000000,1
1531211578918,1531211578913,374256,0.00001102,454.00000000,0
1531211578918,1531211578913,374257,0.00001103,2016.00000000,0
1531211583254,1531211583248,374258,0.00001102,581.00000000,1
1531211583254,1531211583248,374259,0.00001101,59.00000000,1
1531211588510,1531211588504,374260,0.00001101,2790.00000000,1
1531211588553,1531211588549,374261,0.00001101,372.00000000,1
1531211588576,1531211588573,374262,0.00001101,2783.00000000,1
1531211589798,1531211589794,374263,0.00001101,733.00000000,1
1531211589808,1531211589805,374264,0.00001101,2049.00000000,1
1531211719204,1531211719199,374265,0.00001100,581.00000000,1
1531211721269,1531211721264,374266,0.00001101,1937.00000000,0
1531211722008,1531211722003,374267,0.00001101,968.00000000,1
1531211736642,1531211736639,374268,0.00001101,194.00000000,1
1531211738659,1531211738655,374269,0.00001102,609.00000000,1
1531211746429,1531211746429,374270,0.00001103,554.00000000,1
1531211751538,1531211751535,374271,0.00001103,2463.00000000,1
1531211761314,1531211761308,374272,0.00001103,3161.00000000,1
1531211776092,1531211776088,374273,0.00001103,144.00000000,1
1531211809994,1531211809989,374274,0.00001101,118.00000000,1
1531211810006,1531211810001,374275,0.00001101,162.00000000,0
1531211810068,1531211810063,374276,0.00001101,118.00000000,1
1531211811205,1531211811201,374277,0.00001101,609.00000000,1
1531211829547,1531211829544,374278,0.00001101,186.00000000,1
1531211834382,1531211834380,374279,0.00001102,356.00000000,1
1531211834395,1531211834391,374280,0.00001102,333.00000000,1
1531211896496,1531211896491,374281,0.00001102,2362.00000000,1
1531211896518,1531211896513,374282,0.00001102,1622.00000000,1
1531211896542,1531211896537,374283,0.00001102,2148.00000000,1
1531211968073,1531211968067,374284,0.00001102,1968.00000000,1
1531211968091,1531211968086,374285,0.00001102,2476.00000000,1
1531211980959,1531211980954,374286,0.00001101,92.00000000,1
1531211989266,1531211989263,374287,0.00001100,40.00000000,1
1531212003335,1531212003330,374288,0.00001101,2849.00000000,1
1531212049852,1531212049847,374289,0.00001103,7560.00000000,0
1531212049861,1531212049857,374290,0.00001102,1647.00000000,1
1531212049888,1531212049883,374291,0.00001102,2800.00000000,1
1531212058088,1531212058084,374292,0.00001103,1419.00000000,0
1531212075962,1531212075957,374293,0.00001105,478.00000000,0
1531212075962,1531212075957,374294,0.00001106,1244.00000000,0
1531212093088,1531212093083,374295,0.00001102,2607.00000000,1
1531212148402,1531212148398,374296,0.00001102,625.00000000,1
1531212148420,1531212148415,374297,0.00001102,948.00000000,1
1531212168427,1531212168423,374298,0.00001104,1937.00000000,0
1531212168441,1531212168436,374299,0.00001102,769.00000000,1
1531212207258,1531212207253,374300,0.00001103,1490.00000000,1
1531212207274,1531212207270,374301,0.00001103,2097.00000000,1
1531212218539,1531212218534,374302,0.00001104,2383.00000000,0
1531212218558,1531212218553,374303,0.00001103,1727.00000000,1
1531212223486,1531212223481,374304,0.00001106,226.00000000,0
1531212369917,1531212369912,374305,0.00001105,110.00000000,1
1531212426280,1531212426276,374306,0.00001105,1930.00000000,1
1531212426280,1531212426276,374307,0.00001101,900.00000000,1
1531212426280,1531212426276,374308,0.00001100,7757.00000000,1
1531212430490,1531212430485,374309,0.00001106,827.00000000,0
1531212435634,1531212435630,374310,0.00001106,2722.00000000,1
1531212438022,1531212438017,374311,0.00001107,877.00000000,0
1531212438022,1531212438017,374312,0.00001109,2431.00000000,0
1531212438022,1531212438017,374313,0.00001115,180.00000000,0
1531212438022,1531212438017,374314,0.00001116,554.00000000,0
1531212438022,1531212438017,374315,0.00001121,259.00000000,0
1531212469923,1531212469917,374316,0.00001118,868.00000000,0
1531212469923,1531212469917,374317,0.00001120,640.00000000,0
1531212476903,1531212476897,374318,0.00001120,91.00000000,0
1531212588812,1531212588809,374319,0.00001115,2101.00000000,0
1531212588830,1531212588825,374320,0.00001113,1330.00000000,1
1531212609925,1531212609920,374321,0.00001117,217.00000000,0
1531212611852,1531212611849,374322,0.00001117,3153.00000000,0
1531212612641,1531212612636,374323,0.00001117,234.00000000,0
1531212613428,1531212613423,374324,0.00001116,1035.00000000,0
1531212613428,1531212613423,374325,0.00001117,1221.00000000,0
1531212625850,1531212625845,374326,0.00001117,771.00000000,0
1531212638676,1531212638671,374327,0.00001117,628.00000000,0
1531212643292,1531212643288,374328,0.00001115,5948.00000000,0
1531212643301,1531212643297,374329,0.00001113,2342.00000000,1
1531212668997,1531212668993,374330,0.00001117,181.00000000,0
1531212669780,1531212669776,374331,0.00001117,655.00000000,0
1531212677558,1531212677553,374332,0.00001111,802.00000000,1
1531212677558,1531212677553,374333,0.00001109,198.00000000,1
1531212680139,1531212680135,374334,0.00001110,300.00000000,1
1531212686194,1531212686188,374335,0.00001111,1032.00000000,1
1531212686213,1531212686209,374336,0.00001111,990.00000000,1
1531212722769,1531212722767,374337,0.00001109,91.00000000,1
1531212728957,1531212728951,374338,0.00001108,217.00000000,0
1531212728957,1531212728951,374339,0.00001116,20.00000000,0
1531212758050,1531212758045,374340,0.00001115,794.00000000,0
1531212767980,1531212767976,374341,0.00001115,334.00000000,1
1531212776800,1531212776794,374342,0.00001115,300.00000000,1
1531212783644,1531212783639,374343,0.00001115,2935.00000000,1
1531212811999,1531212811995,374344,0.00001115,178.00000000,1
1531212815774,1531212815770,374345,0.00001115,217.00000000,1
1531212818134,1531212818129,374346,0.00001115,211.00000000,1
1531212819020,1531212819017,374347,0.00001115,102.00000000,1
1531212826850,1531212826845,374348,0.00001115,224.00000000,1
1531212831615,1531212831610,374349,0.00001115,741.00000000,1
1531212843234,1531212843229,374350,0.00001119,1350.00000000,0
1531212843254,1531212843249,374351,0.00001119,2048.00000000,0
1531212855169,1531212855164,374352,0.00001119,1028.00000000,1
1531212867715,1531212867711,374353,0.00001118,2099.00000000,0
1531212867725,1531212867720,374354,0.00001116,571.00000000,1
1531212867749,1531212867744,374355,0.00001116,2099.00000000,1
1531212884330,1531212884323,374356,0.00001117,2076.00000000,1
1531212884330,1531212884323,374357,0.00001115,3013.00000000,1
1531212884330,1531212884323,374358,0.00001113,907.00000000,1
1531212884330,1531212884323,374359,0.00001108,405.00000000,1
1531212884330,1531212884323,374360,0.00001107,682.00000000,1
1531212884330,1531212884323,374361,0.00001106,394.00000000,1
1531212907629,1531212907624,374362,0.00001114,547.00000000,0
1531212907629,1531212907624,374363,0.00001116,405.00000000,0
1531212907629,1531212907624,374364,0.00001118,135.00000000,0
1531212907629,1531212907624,374365,0.00001120,413.00000000,0
1531212926801,1531212926796,374366,0.00001114,503.00000000,1
1531212926817,1531212926813,374367,0.00001114,297.00000000,1
1531212962862,1531212962858,374368,0.00001116,2352.00000000,0
1531212962875,1531212962871,374369,0.00001119,90.00000000,0
1531212962898,1531212962894,374370,0.00001119,1153.00000000,0
1531213010072,1531213010067,374371,0.00001117,792.00000000,0
1531213010084,1531213010078,374372,0.00001114,734.00000000,1
1531213024617,1531213024613,374373,0.00001119,537.00000000,0
1531213024640,1531213024634,374374,0.00001119,301.00000000,0
1531213069300,1531213069294,374375,0.00001117,6097.00000000,0
1531213069315,1531213069311,374376,0.00001115,2714.00000000,1
1531213069329,1531213069324,374377,0.00001115,2439.00000000,1
1531213103407,1531213103403,374378,0.00001116,2155.00000000,1
1531213129106,1531213129101,374379,0.00001117,4210.00000000,0
1531213129125,1531213129121,374380,0.00001116,2924.00000000,1
1531213138403,1531213138399,374381,0.00001116,250.00000000,1
1531213188714,1531213188710,374382,0.00001116,2034.00000000,1
1531213213424,1531213213420,374383,0.00001119,441.00000000,0
1531213233818,1531213233813,374384,0.00001117,1398.00000000,0
1531213233832,1531213233828,374385,0.00001116,932.00000000,1
1531213287866,1531213287861,374386,0.00001117,608.00000000,0
1531213287885,1531213287881,374387,0.00001116,507.00000000,1
1531213310965,1531213310961,374388,0.00001115,55.00000000,1
1531213327254,1531213327251,374389,0.00001118,2146.00000000,0
1531213346181,1531213346176,374390,0.00001117,2593.00000000,0
1531213346193,1531213346189,374391,0.00001116,1801.00000000,1
1531213370112,1531213370108,374392,0.00001117,3243.00000000,0
1531213370129,1531213370124,374393,0.00001116,2855.00000000,1
1531213370147,1531213370143,374394,0.00001116,1257.00000000,1
1531213407348,1531213407342,374395,0.00001118,2383.00000000,0
1531213419596,1531213419591,374396,0.00001117,2437.00000000,1
1531213425031,1531213425025,374397,0.00001117,2687.00000000,1
1531213445321,1531213445316,374398,0.00001116,326.00000000,1
1531213445331,1531213445325,374399,0.00001116,811.00000000,0
1531213445348,1531213445342,374400,0.00001117,6.00000000,0
1531213446169,1531213446164,374401,0.00001117,2687.00000000,1
1531213450840,1531213450835,374402,0.00001117,276.00000000,0
1531213460749,1531213460744,374403,0.00001116,1995.00000000,1
1531213460766,1531213460761,374404,0.00001116,2234.00000000,0
1531213460777,1531213460774,374405,0.00001116,1995.00000000,1
1531213488802,1531213488797,374406,0.00001115,805.00000000,1
1531213488821,1531213488817,374407,0.00001116,552.00000000,0
1531213506677,1531213506671,374408,0.00001115,633.00000000,1
1531213506705,1531213506701,374409,0.00001116,473.00000000,0
1531213506721,1531213506717,374410,0.00001115,805.00000000,1
1531213644398,1531213644393,374411,0.00001116,44.00000000,1
1531213677848,1531213677843,374412,0.00001116,4258.00000000,1
1531213696506,1531213696502,374413,0.00001115,6381.00000000,0
1531213696525,1531213696519,374414,0.00001114,443.00000000,1
1531213696544,1531213696540,374415,0.00001114,2156.00000000,1
1531213708236,1531213708232,374416,0.00001114,5223.00000000,0
1531213708248,1531213708243,374417,0.00001115,2638.00000000,0
1531213730626,1531213730620,374418,0.00001115,144.00000000,0
1531213768207,1531213768202,374419,0.00001114,2587.00000000,1
1531213768224,1531213768219,374420,0.00001114,1896.00000000,1
1531213780401,1531213780395,374421,0.00001114,5092.00000000,0
1531213780415,1531213780410,374422,0.00001115,2902.00000000,0
1531213780435,1531213780430,374423,0.00001115,2927.00000000,0
1531213805702,1531213805698,374424,0.00001114,2807.00000000,1
1531213814233,1531213814230,374425,0.00001114,2536.00000000,1
1531213850376,1531213850372,374426,0.00001115,5316.00000000,0
1531213850388,1531213850383,374427,0.00001114,2987.00000000,1
1531213862882,1531213862877,374428,0.00001115,2249.00000000,0
1531213862901,1531213862897,374429,0.00001114,2163.00000000,1
1531213888070,1531213888065,374430,0.00001115,1829.00000000,0
1531213888081,1531213888078,374431,0.00001114,1645.00000000,1
1531213888092,1531213888086,374432,0.00001114,726.00000000,1
1531213899611,1531213899607,374433,0.00001114,1199.00000000,0
1531213899625,1531213899622,374434,0.00001115,1434.00000000,0
1531213899642,1531213899638,374435,0.00001115,909.00000000,0
1531213926481,1531213926476,374436,0.00001114,4223.00000000,0
1531213926495,1531213926491,374437,0.00001115,90.00000000,0
1531213926511,1531213926506,374438,0.00001115,2133.00000000,0
1531213937976,1531213937972,374439,0.00001115,1314.00000000,0
1531213937994,1531213937990,374440,0.00001115,955.00000000,0
1531213969387,1531213969382,374441,0.00001114,94.00000000,1
1531213986206,1531213986201,374442,0.00001114,1657.00000000,1
1531214022752,1531214022748,374443,0.00001113,349.00000000,1
1531214022752,1531214022748,374444,0.00001107,1416.00000000,1
1531214022752,1531214022748,374445,0.00001106,1461.00000000,1
1531214038615,1531214038611,374446,0.00001110,1648.00000000,0
1531214038628,1531214038623,374447,0.00001107,2890.00000000,1
1531214038655,1531214038651,374448,0.00001107,841.00000000,1
1531214048199,1531214048194,374449,0.00001106,1111.00000000,1
1531214050402,1531214050398,374450,0.00001114,786.00000000,0
1531214065002,1531214064998,374451,0.00001114,630.00000000,0
1531214092057,1531214092053,374452,0.00001116,618.00000000,0
1531214109614,1531214109609,374453,0.00001116,238.00000000,0
1531214109614,1531214109609,374454,0.00001117,654.00000000,0
1531214128503,1531214128499,374455,0.00001112,8072.00000000,0
1531214128520,1531214128515,374456,0.00001116,816.00000000,0
1531214128542,1531214128538,374457,0.00001116,2803.00000000,0
1531214155362,1531214155358,374458,0.00001110,627.00000000,1
1531214155362,1531214155358,374459,0.00001106,2453.00000000,1
1531214155362,1531214155358,374460,0.00001105,1122.00000000,1
1531214161591,1531214161587,374461,0.00001104,497.00000000,1
1531214161591,1531214161587,374462,0.00001103,434.00000000,1
1531214210637,1531214210632,374463,0.00001105,1101.00000000,1
1531214210691,1531214210686,374464,0.00001103,626.00000000,0
1531214210700,1531214210695,374465,0.00001103,906.00000000,0
1531214212001,1531214211998,374466,0.00001102,627.00000000,1
1531214214192,1531214214186,374467,0.00001102,2349.00000000,1
1531214214192,1531214214186,374468,0.00001101,580.00000000,1
1531214214192,1531214214186,374469,0.00001100,289.00000000,1
1531214218562,1531214218556,374470,0.00001100,1653.00000000,1
1531214289899,1531214289895,374471,0.00001103,48.00000000,0
1531214302784,1531214302780,374472,0.00001107,799.00000000,0
1531214302807,1531214302802,374473,0.00001107,1460.00000000,0
1531214328835,1531214328830,374474,0.00001104,1023.00000000,1
1531214328855,1531214328851,374475,0.00001104,611.00000000,1
1531214344926,1531214344920,374476,0.00001105,1396.00000000,0
1531214344940,1531214344934,374477,0.00001107,818.00000000,0
1531214344966,1531214344963,374478,0.00001107,1042.00000000,0
1531214358718,1531214358714,374479,0.00001106,288.00000000,0
1531214358718,1531214358714,374480,0.00001108,508.00000000,0
1531214366603,1531214366599,374481,0.00001107,1840.00000000,0
1531214388999,1531214388996,374482,0.00001106,2551.00000000,0
1531214389006,1531214389001,374483,0.00001104,892.00000000,1
1531214412011,1531214412008,374484,0.00001103,7.00000000,1
1531214427023,1531214427019,374485,0.00001104,369.00000000,1
1531214427053,1531214427049,374486,0.00001104,91.00000000,1
1531214455007,1531214455003,374487,0.00001107,330.00000000,0
1531214455024,1531214455020,374488,0.00001107,159.00000000,0
1531214532060,1531214532055,374489,0.00001104,2684.00000000,1
1531214532080,1531214532077,374490,0.00001104,2566.00000000,1
1531214533145,1531214533141,374491,0.00001107,367.00000000,0
1531214546937,1531214546932,374492,0.00001104,2663.00000000,1
1531214559553,1531214559548,374493,0.00001107,507.00000000,0
1531214562432,1531214562427,374494,0.00001109,434.00000000,0
1531214562432,1531214562427,374495,0.00001112,73.00000000,0
1531214581496,1531214581491,374496,0.00001108,4158.00000000,0
1531214581510,1531214581506,374497,0.00001111,1385.00000000,0
1531214581528,1531214581524,374498,0.00001111,1824.00000000,0
1531214608444,1531214608440,374499,0.00001108,1096.00000000,0
1531214608458,1531214608453,374500,0.00001111,494.00000000,0
1531214613079,1531214613074,374501,0.00001106,587.00000000,1
1531214613079,1531214613074,374502,0.00001103,1145.00000000,1
1531214688185,1531214688181,374503,0.00001106,5224.00000000,0
1531214688199,1531214688195,374504,0.00001104,2574.00000000,1
1531214688222,1531214688216,374505,0.00001104,2252.00000000,1
1531214930028,1531214930024,374506,0.00001104,400.00000000,0
1531215155238,1531215155234,374507,0.00001104,748.00000000,0
1531215208262,1531215208258,374508,0.00001104,806.00000000,0
1531215266765,1531215266760,374509,0.00001104,1.00000000,0
1531215266765,1531215266760,374510,0.00001111,190.00000000,0
1531215325750,1531215325746,374511,0.00001102,96.00000000,1
1531215339342,1531215339339,374512,0.00001105,1549.00000000,0
1531215339352,1531215339348,374513,0.00001103,610.00000000,1
1531215357568,1531215357565,374514,0.00001107,1038.00000000,0
1531215357568,1531215357565,374515,0.00001111,302.00000000,0
1531215366362,1531215366357,374516,0.00001111,95.00000000,0
1531215366362,1531215366357,374517,0.00001112,424.00000000,0
1531215366362,1531215366357,374518,0.00001113,45.00000000,0
1531215388094,1531215388090,374519,0.00001108,767.00000000,0
1531215388110,1531215388106,374520,0.00001112,1619.00000000,0
1531215388125,1531215388121,374521,0.00001112,302.00000000,0
1531215416668,1531215416664,374522,0.00001112,2518.00000000,0
1531215416693,1531215416688,374523,0.00001112,1274.00000000,0
1531215451449,1531215451424,374524,0.00001113,352.00000000,0
1531215452142,1531215452138,374525,0.00001113,243.00000000,1
1531215517862,1531215517858,374526,0.00001104,456.00000000,1
1531215567275,1531215567270,374527,0.00001104,1418.00000000,1
1531215567275,1531215567270,374528,0.00001102,6784.00000000,1
1531215567275,1531215567270,374529,0.00001101,7178.00000000,1
1531215575388,1531215575385,374530,0.00001101,2292.00000000,1
1531215601908,1531215601902,374531,0.00001112,478.00000000,0
1531215601908,1531215601902,374532,0.00001114,540.00000000,0
1531215606323,1531215606320,374533,0.00001109,1488.00000000,0
1531215606330,1531215606327,374534,0.00001105,524.00000000,1
1531215608462,1531215608457,374535,0.00001114,185.00000000,0
1531215608462,1531215608457,374536,0.00001117,507.00000000,0
1531215619549,1531215619544,374537,0.00001106,54.00000000,1
1531215623432,1531215623427,374538,0.00001117,1076.00000000,0
1531215623432,1531215623427,374539,0.00001120,1564.00000000,0
1531215623432,1531215623427,374540,0.00001121,1434.00000000,0
1531215830002,1531215829999,374541,0.00001119,90.00000000,0
1531215850848,1531215850845,374542,0.00001110,639.00000000,1
1531215853864,1531215853860,374543,0.00001110,3301.00000000,1
1531215853864,1531215853860,374544,0.00001109,923.00000000,1
1531215884742,1531215884739,374545,0.00001106,1.00000000,1
1531215953256,1531215953251,374546,0.00001115,452.00000000,0
1531215964685,1531215964681,374547,0.00001115,1433.00000000,0
1531215970767,1531215970763,374548,0.00001115,188.00000000,0
1531215970767,1531215970763,374549,0.00001116,923.00000000,0
1531215970767,1531215970763,374550,0.00001117,2383.00000000,0
1531215970767,1531215970763,374551,0.00001120,81.00000000,0
1531215974248,1531215974244,374552,0.00001120,650.00000000,0
1531216004594,1531216004582,374553,0.00001116,1678.00000000,0
1531216004609,1531216004605,374554,0.00001119,1899.00000000,0
1531216004627,1531216004623,374555,0.00001119,893.00000000,0
1531216069103,1531216069098,374556,0.00001119,377.00000000,0
1531216069117,1531216069113,374557,0.00001119,1256.00000000,0
1531216096920,1531216096917,374558,0.00001116,5183.00000000,0
1531216096934,1531216096930,374559,0.00001119,2541.00000000,0
1531216146051,1531216146047,374560,0.00001116,7134.00000000,0
1531216146058,1531216146055,374561,0.00001119,949.00000000,0
1531216146079,1531216146074,374562,0.00001119,2723.00000000,0
1531216146267,1531216146264,374563,0.00001109,1442.00000000,1
1531216146267,1531216146264,374564,0.00001107,1606.00000000,1
1531216168678,1531216168674,374565,0.00001114,218.00000000,0
1531216168694,1531216168690,374566,0.00001118,214.00000000,0
1531216216462,1531216216458,374567,0.00001115,484.00000000,0
1531216217163,1531216217158,374568,0.00001115,307.00000000,0
1531216241184,1531216241179,374569,0.00001115,1135.00000000,0
1531216266255,1531216266251,374570,0.00001116,5139.00000000,1
1531216266284,1531216266279,374571,0.00001116,2491.00000000,1
1531216266301,1531216266297,374572,0.00001116,2855.00000000,1
1531216289545,1531216289540,374573,0.00001115,729.00000000,1
1531216289567,1531216289563,374574,0.00001116,1604.00000000,0
1531216289588,1531216289584,374575,0.00001116,598.00000000,0
1531216324800,1531216324796,374576,0.00001116,479.00000000,1
1531216324814,1531216324810,374577,0.00001116,479.00000000,0
1531216324825,1531216324821,374578,0.00001116,479.00000000,1
1531216358106,1531216358102,374579,0.00001116,1418.00000000,1
1531216358131,1531216358127,374580,0.00001116,1715.00000000,1
1531216385213,1531216385209,374581,0.00001115,3136.00000000,1
1531216385227,1531216385223,374582,0.00001115,1071.00000000,0
1531216385236,1531216385233,374583,0.00001116,2768.00000000,0
1531216394936,1531216394930,374584,0.00001115,2914.00000000,1
1531216394960,1531216394956,374585,0.00001116,2672.00000000,0
1531216394985,1531216394981,374586,0.00001116,2857.00000000,0
1531216395012,1531216395008,374587,0.00001115,3136.00000000,1
1531216428459,1531216428455,374588,0.00001114,741.00000000,0
1531216428481,1531216428477,374589,0.00001114,433.00000000,0
1531216428499,1531216428493,374590,0.00001115,1071.00000000,0
1531216436405,1531216436401,374591,0.00001115,3136.00000000,1
1531216455190,1531216455185,374592,0.00001115,1032.00000000,1
1531216466358,1531216466354,374593,0.00001109,2016.00000000,1
1531216466358,1531216466354,374594,0.00001107,1438.00000000,1
1531216466375,1531216466369,374595,0.00001107,2859.00000000,0
1531216466384,1531216466379,374596,0.00001107,2859.00000000,0
1531216466425,1531216466421,374597,0.00001107,2859.00000000,0
1531216469490,1531216469486,374598,0.00001106,306.00000000,1
1531216469490,1531216469486,374599,0.00001105,362.00000000,1
1531216483548,1531216483542,374600,0.00001101,1607.00000000,1
1531216483548,1531216483542,374601,0.00001100,30761.00000000,1
1531216483571,1531216483566,374602,0.00001100,7252.00000000,0
1531216484020,1531216484016,374603,0.00001100,4.00000000,0
1531216495832,1531216495827,374604,0.00001101,739.00000000,1
1531216511528,1531216511524,374605,0.00001100,172.00000000,0
1531216513929,1531216513925,374606,0.00001100,395.00000000,0
1531216513929,1531216513925,374607,0.00001101,438.00000000,0
1531216534785,1531216534779,374608,0.00001108,1645.00000000,1
1531216534816,1531216534812,374609,0.00001108,640.00000000,1
1531216534817,1531216534813,374610,0.00001108,1214.00000000,1
1531216535001,1531216534996,374611,0.00001108,997.00000000,1
1531216536184,1531216536180,374612,0.00001108,1.00000000,0
1531216538173,1531216538169,374613,0.00001107,1.00000000,1
1531216682944,1531216682939,374614,0.00001106,1287.00000000,1
1531216687229,1531216687225,374615,0.00001102,1907.00000000,1
1531216688542,1531216688536,374616,0.00001104,1288.00000000,0
1531216688542,1531216688536,374617,0.00001107,5320.00000000,0
1531216688542,1531216688536,374618,0.00001112,800.00000000,0
1531216694919,1531216694913,374619,0.00001115,649.00000000,0
1531216694923,1531216694916,374620,0.00001116,2086.00000000,0
1531216694923,1531216694916,374621,0.00001117,1787.00000000,0
1531216694923,1531216694916,374622,0.00001119,813.00000000,0
1531216694923,1531216694916,374623,0.00001121,4310.00000000,0
1531216694923,1531216694916,374624,0.00001123,3757.00000000,0
1531216694923,1531216694916,374625,0.00001127,6806.00000000,0
1531216694923,1531216694916,374626,0.00001128,860.00000000,0
1531216694959,1531216694950,374627,0.00001131,9219.00000000,0
1531216694959,1531216694950,374628,0.00001136,5727.00000000,0
1531216694959,1531216694950,374629,0.00001143,374.00000000,0
1531216694959,1531216694950,374630,0.00001145,2724.00000000,0
1531216694959,1531216694950,374631,0.00001146,876.00000000,0
1531216694959,1531216694950,374632,0.00001148,175.00000000,0
1531216694959,1531216694950,374633,0.00001150,1324.00000000,0
1531216696414,1531216696409,374634,0.00001116,1096.00000000,1
1531216696414,1531216696409,374635,0.00001115,554.00000000,1
1531216696414,1531216696409,374636,0.00001113,1544.00000000,1
1531216696814,1531216696809,374637,0.00001114,1369.00000000,1
1531216699058,1531216699053,374638,0.00001121,224.00000000,0
1531216699058,1531216699053,374639,0.00001132,1459.00000000,0
1531216699058,1531216699053,374640,0.00001133,1369.00000000,0
1531216699058,1531216699053,374641,0.00001134,554.00000000,0
1531216699058,1531216699053,374642,0.00001135,1112.00000000,0
1531216699058,1531216699053,374643,0.00001137,447.00000000,0
1531216700510,1531216700506,374644,0.00001115,799.00000000,1
1531216702238,1531216702235,374645,0.00001113,1097.00000000,0
1531216704740,1531216704735,374646,0.00001111,335.00000000,1
1531216704740,1531216704735,374647,0.00001110,1148.00000000,1
1531216708051,1531216708046,374648,0.00001110,456.00000000,1
1531216708486,1531216708483,374649,0.00001110,1447.00000000,1
1531216709940,1531216709936,374650,0.00001110,182.00000000,1
1531216720536,1531216720533,374651,0.00001111,455.00000000,0
1531216740495,1531216740490,374652,0.00001111,91.00000000,0
1531216744092,1531216744089,374653,0.00001111,181.00000000,0
1531216752149,1531216752144,374654,0.00001110,192.00000000,1
1531216752163,1531216752159,374655,0.00001110,2191.00000000,0
1531216752177,1531216752174,374656,0.00001111,1198.00000000,0
1531216752200,1531216752196,374657,0.00001111,1986.00000000,0
1531216788387,1531216788383,374658,0.00001110,192.00000000,1
1531216788398,1531216788394,374659,0.00001110,7305.00000000,0
1531216788414,1531216788411,374660,0.00001111,2676.00000000,0
1531216788438,1531216788433,374661,0.00001111,2533.00000000,0
1531216788460,1531216788456,374662,0.00001110,192.00000000,1
1531216813615,1531216813610,374663,0.00001106,2403.00000000,0
1531216813627,1531216813623,374664,0.00001109,2037.00000000,0
1531216813652,1531216813646,374665,0.00001110,2191.00000000,0
1531216849567,1531216849563,374666,0.00001107,1769.00000000,0
1531216849578,1531216849575,374667,0.00001111,888.00000000,0
1531216849599,1531216849594,374668,0.00001111,1149.00000000,0
1531216868478,1531216868475,374669,0.00001111,2920.00000000,0
1531216868505,1531216868500,374670,0.00001111,2591.00000000,0
1531216908640,1531216908635,374671,0.00001111,962.00000000,0
1531216919053,1531216919050,374672,0.00001107,2309.00000000,0
1531216919065,1531216919060,374673,0.00001111,1132.00000000,0
1531216926614,1531216926610,374674,0.00001105,183.00000000,1
1531216993136,1531216993132,374675,0.00001102,12.00000000,1
1531217012042,1531217012038,374676,0.00001104,183.00000000,0
1531217012042,1531217012038,374677,0.00001105,445.00000000,0
1531217013851,1531217013848,374678,0.00001104,1252.00000000,0
1531217013860,1531217013857,374679,0.00001105,181.00000000,0
1531217030247,1531217030243,374680,0.00001105,445.00000000,1
1531217037181,1531217037178,374681,0.00001105,181.00000000,0
1531217037181,1531217037178,374682,0.00001106,459.00000000,0
1531217053422,1531217053418,374683,0.00001103,3000.00000000,1
1531217055508,1531217055503,374684,0.00001104,2719.00000000,0
1531217067123,1531217067119,374685,0.00001104,1162.00000000,0
1531217156833,1531217156829,374686,0.00001103,975.00000000,1
1531217159156,1531217159151,374687,0.00001102,2614.00000000,1
1531217159216,1531217159211,374688,0.00001101,364.00000000,1
1531217162408,1531217162403,374689,0.00001100,208.00000000,1
1531217170177,1531217170172,374690,0.00001101,84.00000000,0
1531217170177,1531217170172,374691,0.00001102,14817.00000000,0
1531217193026,1531217193022,374692,0.00001101,499.00000000,0
1531217197436,1531217197433,374693,0.00001100,112.00000000,1
1531217197444,1531217197441,374694,0.00001100,768.00000000,0
1531217197456,1531217197451,374695,0.00001101,2381.00000000,0
1531217197474,1531217197470,374696,0.00001101,7.00000000,0
1531217248391,1531217248387,374697,0.00001101,499.00000000,1
1531217248400,1531217248396,374698,0.00001101,3499.00000000,0
1531217248412,1531217248408,374699,0.00001101,499.00000000,1
1531217252721,1531217252716,374700,0.00001101,7.00000000,0
1531217252721,1531217252716,374701,0.00001102,7.00000000,0
1531217292515,1531217292510,374702,0.00001101,2938.00000000,0
1531217292539,1531217292535,374703,0.00001101,2985.00000000,0
1531217310031,1531217310026,374704,0.00001101,192.00000000,0
1531217310031,1531217310026,374705,0.00001102,23675.00000000,0
1531217310031,1531217310026,374706,0.00001103,3572.00000000,0
1531217310032,1531217310027,374707,0.00001103,11.00000000,0
1531217345850,1531217345846,374708,0.00001103,172.00000000,0
1531217345874,1531217345871,374709,0.00001103,2836.00000000,0
1531217390810,1531217390806,374710,0.00001102,2619.00000000,1
1531217406289,1531217406285,374711,0.00001103,837.00000000,0
1531217432938,1531217432934,374712,0.00001103,2128.00000000,0
1531217466285,1531217466281,374713,0.00001103,2185.00000000,0
1531217466300,1531217466295,374714,0.00001103,192.00000000,0
1531217492786,1531217492782,374715,0.00001102,3298.00000000,0
1531217492807,1531217492802,374716,0.00001103,2323.00000000,0
1531217524698,1531217524694,374717,0.00001101,420.00000000,1
1531217546693,1531217546689,374718,0.00001100,2231.00000000,1
1531217568783,1531217568778,374719,0.00001100,5630.00000000,0
1531217568803,1531217568798,374720,0.00001102,2252.00000000,0
1531217585712,1531217585707,374721,0.00001100,1191.00000000,0
1531217585729,1531217585725,374722,0.00001102,1687.00000000,0
1531217585740,1531217585736,374723,0.00001102,532.00000000,0
1531217595099,1531217595096,374724,0.00001099,6198.00000000,1
1531217601641,1531217601638,374725,0.00001102,1983.00000000,0
1531217647384,1531217647380,374726,0.00001100,292.00000000,0
1531217647384,1531217647380,374727,0.00001103,1416.00000000,0
1531217661234,1531217661230,374728,0.00001103,402.00000000,0
1531217664370,1531217664366,374729,0.00001103,735.00000000,0
1531217670927,1531217670923,374730,0.00001102,2560.00000000,0
1531217670935,1531217670932,374731,0.00001102,2661.00000000,0
1531217673533,1531217673529,374732,0.00001103,406.00000000,0
1531217695761,1531217695757,374733,0.00001103,625.00000000,0
1531217696967,1531217696963,374734,0.00001103,650.00000000,0
1531217696975,1531217696970,374735,0.00001103,651.00000000,0
1531217696995,1531217696991,374736,0.00001103,648.00000000,0
1531217706389,1531217706385,374737,0.00001099,865.00000000,1
1531217706410,1531217706405,374738,0.00001100,2157.00000000,0
1531217706429,1531217706425,374739,0.00001100,618.00000000,0
1531217706908,1531217706904,374740,0.00001101,344.00000000,0
1531217715881,1531217715877,374741,0.00001101,143.00000000,0
1531217739289,1531217739284,374742,0.00001099,161.00000000,1
1531217743042,1531217743037,374743,0.00001099,363.00000000,1
1531217753540,1531217753535,374744,0.00001100,2452.00000000,0
1531217753549,1531217753544,374745,0.00001102,1552.00000000,0
1531217753563,1531217753559,374746,0.00001099,865.00000000,1
1531217794797,1531217794793,374747,0.00001100,417.00000000,1
1531217794797,1531217794793,374748,0.00001099,4578.00000000,1
1531217803655,1531217803652,374749,0.00001103,2720.00000000,0
1531217809070,1531217809064,374750,0.00001100,3739.00000000,0
1531217809084,1531217809080,374751,0.00001102,1126.00000000,0
1531217809101,1531217809098,374752,0.00001102,2460.00000000,0
1531217842902,1531217842898,374753,0.00001099,1252.00000000,1
1531217848736,1531217848732,374754,0.00001100,606.00000000,0
1531217848752,1531217848748,374755,0.00001102,1036.00000000,0
1531217848774,1531217848771,374756,0.00001102,514.00000000,0
1531217885945,1531217885941,374757,0.00001100,256.00000000,0
1531217885964,1531217885960,374758,0.00001102,242.00000000,0
1531217892057,1531217892054,374759,0.00001099,9085.00000000,1
1531217894054,1531217894050,374760,0.00001102,136.00000000,0
1531217946320,1531217946315,374761,0.00001101,4680.00000000,0
1531217946330,1531217946326,374762,0.00001100,700.00000000,1
1531217946343,1531217946339,374763,0.00001100,1696.00000000,1
1531217966533,1531217966529,374764,0.00001100,2324.00000000,0
1531217966545,1531217966541,374765,0.00001101,1471.00000000,0
1531217989627,1531217989622,374766,0.00001099,3356.00000000,1
1531217989658,1531217989655,374767,0.00001100,2356.00000000,0
1531217989678,1531217989674,374768,0.00001100,1485.00000000,0
1531218007652,1531218007647,374769,0.00001100,1797.00000000,1
1531218048242,1531218048238,374770,0.00001100,2653.00000000,1
1531218048256,1531218048252,374771,0.00001100,447.00000000,0
1531218048270,1531218048266,374772,0.00001100,1442.00000000,1
1531218048288,1531218048284,374773,0.00001100,1211.00000000,1
1531218107202,1531218107198,374774,0.00001100,8.00000000,0
1531218382096,1531218382092,374775,0.00001099,734.00000000,1
1531218383851,1531218383847,374776,0.00001096,680.00000000,1
1531218383851,1531218383847,374777,0.00001094,468.00000000,1
1531218384004,1531218383998,374778,0.00001098,300.00000000,0
1531218404581,1531218404578,374779,0.00001097,2301.00000000,0
1531218448132,1531218448128,374780,0.00001095,7846.00000000,0
1531218448142,1531218448138,374781,0.00001097,758.00000000,0
1531218448161,1531218448158,374782,0.00001097,2651.00000000,0
1531218496173,1531218496167,374783,0.00001095,3885.00000000,0
1531218496190,1531218496185,374784,0.00001097,1619.00000000,0
1531218529462,1531218529458,374785,0.00001095,3065.00000000,0
1531218529476,1531218529470,374786,0.00001097,2210.00000000,0
1531218529498,1531218529494,374787,0.00001097,2322.00000000,0
1531218544072,1531218544068,374788,0.00001095,1659.00000000,1
1531218554537,1531218554534,374789,0.00001094,3792.00000000,1
1531218566122,1531218566116,374790,0.00001097,1175.00000000,0
1531218609537,1531218609532,374791,0.00001095,3591.00000000,0
1531218609550,1531218609547,374792,0.00001096,2314.00000000,0
1531218609570,1531218609565,374793,0.00001096,1995.00000000,0
1531218615391,1531218615386,374794,0.00001094,92.00000000,1
1531218627571,1531218627567,374795,0.00001095,3793.00000000,0
1531218627585,1531218627581,374796,0.00001096,1482.00000000,0
1531218630757,1531218630752,374797,0.00001094,1696.00000000,1
1531218637135,1531218637130,374798,0.00001090,367.00000000,1
1531218641477,1531218641470,374799,0.00001089,1366.00000000,1
1531218656536,1531218656531,374800,0.00001088,287.00000000,1
1531218680434,1531218680430,374801,0.00001088,3.00000000,1
1531218682336,1531218682332,374802,0.00001084,413.00000000,1
1531218688749,1531218688744,374803,0.00001084,158.00000000,1
1531218688749,1531218688744,374804,0.00001083,93.00000000,1
1531218688749,1531218688744,374805,0.00001081,23.00000000,1
1531218699241,1531218699239,374806,0.00001081,187.00000000,1
1531218704430,1531218704425,374807,0.00001081,107.00000000,1
1531218704801,1531218704796,374808,0.00001081,1118.00000000,1
1531218704801,1531218704796,374809,0.00001080,3167.00000000,1
1531218720577,1531218720573,374810,0.00001081,748.00000000,1
1531218729543,1531218729538,374811,0.00001085,285.00000000,1
1531218730374,1531218730368,374812,0.00001085,650.00000000,1
1531218764132,1531218764126,374813,0.00001085,637.00000000,1
1531218765114,1531218765108,374814,0.00001085,286.00000000,1
1531218807261,1531218807256,374815,0.00001087,804.00000000,0
1531218807289,1531218807284,374816,0.00001087,815.00000000,0
1531218852014,1531218852010,374817,0.00001083,2151.00000000,1
1531218852037,1531218852031,374818,0.00001083,158.00000000,1
1531218870602,1531218870596,374819,0.00001083,209.00000000,1
1531218889792,1531218889788,374820,0.00001086,2684.00000000,0
1531218889811,1531218889805,374821,0.00001084,831.00000000,1
1531218889830,1531218889825,374822,0.00001084,907.00000000,1
1531218923900,1531218923894,374823,0.00001084,2132.00000000,1
1531218967340,1531218967334,374824,0.00001085,3508.00000000,0
1531218967354,1531218967350,374825,0.00001087,92.00000000,0
1531218967377,1531218967371,374826,0.00001087,2249.00000000,0
1531218989938,1531218989933,374827,0.00001087,110.00000000,0
1531218989938,1531218989933,374828,0.00001089,34.00000000,0
1531219010253,1531219010248,374829,0.00001086,3928.00000000,0
1531219010267,1531219010261,374830,0.00001085,1247.00000000,1
1531219010285,1531219010280,374831,0.00001085,1637.00000000,1
1531219049699,1531219049694,374832,0.00001086,2568.00000000,0
1531219049712,1531219049707,374833,0.00001085,2177.00000000,1
1531219107409,1531219107403,374834,0.00001085,866.00000000,0
1531219107425,1531219107420,374835,0.00001087,1030.00000000,0
1531219107440,1531219107436,374836,0.00001087,760.00000000,0
1531219129902,1531219129898,374837,0.00001088,1149.00000000,0
1531219129902,1531219129898,374838,0.00001089,351.00000000,0
1531219145013,1531219145008,374839,0.00001087,2201.00000000,0
1531219145026,1531219145021,374840,0.00001085,1931.00000000,1
1531219205963,1531219205959,374841,0.00001085,1754.00000000,0
1531219205972,1531219205967,374842,0.00001087,731.00000000,0
1531219217865,1531219217859,374843,0.00001086,4576.00000000,0
1531219217875,1531219217870,374844,0.00001085,1937.00000000,1
1531219217889,1531219217885,374845,0.00001085,1760.00000000,1
1531219256638,1531219256633,374846,0.00001088,135.00000000,0
1531219259656,1531219259651,374847,0.00001088,1.00000000,0
1531219265522,1531219265517,374848,0.00001087,227.00000000,0
1531219265536,1531219265532,374849,0.00001087,1632.00000000,0
1531219279451,1531219279446,374850,0.00001087,500.00000000,0
1531219279461,1531219279455,374851,0.00001087,1916.00000000,0
1531219324948,1531219324943,374852,0.00001085,2144.00000000,1
1531219324961,1531219324957,374853,0.00001085,1211.00000000,1
1531219355074,1531219355070,374854,0.00001085,2597.00000000,1
1531219365418,1531219365413,374855,0.00001088,2999.00000000,0
1531219366945,1531219366941,374856,0.00001088,473.00000000,0
1531219368328,1531219368324,374857,0.00001084,158.00000000,1
1531219368328,1531219368324,374858,0.00001083,118.00000000,1
1531219399058,1531219399054,374859,0.00001088,2394.00000000,0
1531219406929,1531219406924,374860,0.00001087,92.00000000,0
1531219430351,1531219430348,374861,0.00001086,1507.00000000,1
1531219430387,1531219430381,374862,0.00001087,908.00000000,0
1531219467081,1531219467077,374863,0.00001087,1767.00000000,1
1531219467104,1531219467101,374864,0.00001087,832.00000000,1
1531219467119,1531219467114,374865,0.00001086,1507.00000000,1
1531219473817,1531219473813,374866,0.00001087,280.00000000,1
1531219571518,1531219571513,374867,0.00001088,716.00000000,0
1531219571518,1531219571513,374868,0.00001089,234.00000000,0
1531219587690,1531219587684,374869,0.00001088,5113.00000000,1
1531219587697,1531219587693,374870,0.00001088,62.00000000,0
1531219587711,1531219587707,374871,0.00001088,2717.00000000,1
1531219587726,1531219587720,374872,0.00001088,2396.00000000,1
1531219612843,1531219612837,374873,0.00001088,1840.00000000,1
1531219670998,1531219670993,374874,0.00001089,17.00000000,0
1531219670998,1531219670993,374875,0.00001091,1003.00000000,0
1531219671094,1531219671089,374876,0.00001088,17.00000000,1
1531219687345,1531219687341,374877,0.00001089,1647.00000000,1
1531219711055,1531219711051,374878,0.00001091,94.00000000,0
1531219711055,1531219711051,374879,0.00001092,1073.00000000,0
1531219728987,1531219728981,374880,0.00001093,1896.00000000,1
1531219729009,1531219729005,374881,0.00001093,318.00000000,1
1531219732355,1531219732352,374882,0.00001097,866.00000000,0
1531219735300,1531219735295,374883,0.00001097,12540.00000000,0
1531219747042,1531219747038,374884,0.00001094,2399.00000000,0
1531219747053,1531219747048,374885,0.00001096,1188.00000000,0
1531219747064,1531219747060,374886,0.00001096,930.00000000,0
1531219760740,1531219760734,374887,0.00001093,866.00000000,1
1531219760740,1531219760734,374888,0.00001092,184.00000000,1
1531219761923,1531219761918,374889,0.00001092,127.00000000,0
1531219762618,1531219762614,374890,0.00001092,127.00000000,0
1531219772153,1531219772148,374891,0.00001088,51.00000000,1
1531219790120,1531219790116,374892,0.00001090,2155.00000000,0
1531219790134,1531219790129,374893,0.00001089,2002.00000000,1
1531219790161,1531219790157,374894,0.00001089,862.00000000,1
1531219810546,1531219810540,374895,0.00001089,2173.00000000,1
1531219810569,1531219810566,374896,0.00001089,2576.00000000,1
1531219864962,1531219864957,374897,0.00001091,92.00000000,0
1531219864975,1531219864970,374898,0.00001091,1034.00000000,0
1531219902275,1531219902270,374899,0.00001089,3149.00000000,0
1531219902292,1531219902286,374900,0.00001091,2096.00000000,0
1531219902314,1531219902310,374901,0.00001091,1607.00000000,0
1531219926819,1531219926815,374902,0.00001091,1256.00000000,0
1531219926841,1531219926836,374903,0.00001091,196.00000000,0
1531219932457,1531219932451,374904,0.00001091,690.00000000,0
1531219946837,1531219946832,374905,0.00001089,1809.00000000,1
1531219946857,1531219946851,374906,0.00001089,2440.00000000,1
1531219964422,1531219964417,374907,0.00001088,127.00000000,1
1531219964664,1531219964660,374908,0.00001088,127.00000000,1
1531219984898,1531219984893,374909,0.00001089,1286.00000000,1
1531219984906,1531219984902,374910,0.00001089,2856.00000000,1
1531220015811,1531220015807,374911,0.00001088,2316.00000000,0
1531220015829,1531220015824,374912,0.00001088,704.00000000,0
1531220068047,1531220068043,374913,0.00001088,1734.00000000,0
1531220086939,1531220086934,374914,0.00001089,868.00000000,0
1531220111310,1531220111306,374915,0.00001090,1638.00000000,1
1531220111339,1531220111334,374916,0.00001090,396.00000000,1
1531220150350,1531220150345,374917,0.00001091,3974.00000000,0
1531220150360,1531220150355,374918,0.00001090,2969.00000000,1
1531220150374,1531220150369,374919,0.00001090,1577.00000000,1
1531220173389,1531220173384,374920,0.00001090,2213.00000000,0
1531220173396,1531220173392,374921,0.00001091,1814.00000000,0
1531220208675,1531220208670,374922,0.00001091,1380.00000000,0
1531220208687,1531220208683,374923,0.00001090,852.00000000,1
1531220239987,1531220239983,374924,0.00001087,966.00000000,1
1531220251636,1531220251631,374925,0.00001089,3876.00000000,0
1531220251646,1531220251640,374926,0.00001088,2568.00000000,1
1531220251662,1531220251658,374927,0.00001088,1882.00000000,1
1531220270215,1531220270210,374928,0.00001087,95.00000000,1
1531220283805,1531220283800,374929,0.00001087,92.00000000,1
1531220289537,1531220289531,374930,0.00001090,781.00000000,0
1531220297705,1531220297700,374931,0.00001087,96.00000000,1
1531220308365,1531220308359,374932,0.00001089,4589.00000000,0
1531220308377,1531220308373,374933,0.00001088,993.00000000,1
1531220308399,1531220308393,374934,0.00001088,1765.00000000,1
1531220352242,1531220352238,374935,0.00001088,850.00000000,0
1531220388722,1531220388719,374936,0.00001088,4124.00000000,1
1531220388729,1531220388724,374937,0.00001088,2481.00000000,0
1531220388745,1531220388741,374938,0.00001088,1439.00000000,1
1531220388765,1531220388761,374939,0.00001088,2685.00000000,1
1531220409012,1531220409008,374940,0.00001088,197.00000000,1
1531220409030,1531220409025,374941,0.00001088,47.00000000,0
1531220409040,1531220409034,374942,0.00001088,197.00000000,1
1531220427425,1531220427420,374943,0.00001088,2091.00000000,0
1531220427440,1531220427435,374944,0.00001088,2120.00000000,0
1531220436597,1531220436593,374945,0.00001088,1189.00000000,1
1531220436614,1531220436610,374946,0.00001088,2662.00000000,1
1531220486637,1531220486632,374947,0.00001088,3284.00000000,1
1531220486678,1531220486672,374948,0.00001088,2895.00000000,1
1531220486693,1531220486689,374949,0.00001088,1293.00000000,1
1531220489444,1531220489439,374950,0.00001089,305.00000000,0
1531220555047,1531220555043,374951,0.00001089,321.00000000,1
1531220555047,1531220555043,374952,0.00001087,9584.00000000,1
1531220606909,1531220606904,374953,0.00001089,542.00000000,1
1531220606932,1531220606926,374954,0.00001089,1606.00000000,1
1531220606961,1531220606957,374955,0.00001089,236.00000000,1
1531220624828,1531220624822,374956,0.00001089,2525.00000000,1
1531220624844,1531220624837,374957,0.00001089,553.00000000,0
1531220624862,1531220624858,374958,0.00001089,905.00000000,1
1531220624887,1531220624882,374959,0.00001089,1620.00000000,1
1531220667153,1531220667147,374960,0.00001089,1789.00000000,1
1531220667165,1531220667161,374961,0.00001089,860.00000000,0
1531220667184,1531220667179,374962,0.00001089,712.00000000,1
1531220667204,1531220667199,374963,0.00001089,1077.00000000,1
1531220675668,1531220675662,374964,0.00001090,34.00000000,0
1531220687519,1531220687513,374965,0.00001089,2009.00000000,1
1531220687531,1531220687526,374966,0.00001089,1004.00000000,0
1531220687541,1531220687535,374967,0.00001089,2009.00000000,1
1531220728180,1531220728174,374968,0.00001088,275.00000000,1
1531220728192,1531220728188,374969,0.00001088,7867.00000000,0
1531220728213,1531220728208,374970,0.00001089,2526.00000000,0
1531220728238,1531220728233,374971,0.00001089,2751.00000000,0
1531220743589,1531220743584,374972,0.00001088,2384.00000000,1
1531220743599,1531220743594,374973,0.00001088,92.00000000,1
1531220786625,1531220786620,374974,0.00001089,2761.00000000,0
1531220786652,1531220786647,374975,0.00001089,1956.00000000,0
1531220801427,1531220801422,374976,0.00001088,1670.00000000,1
1531220826054,1531220826049,374977,0.00001088,2781.00000000,1
1531220826078,1531220826073,374978,0.00001088,647.00000000,1
1531220834155,1531220834152,374979,0.00001088,2321.00000000,0
1531220834165,1531220834160,374980,0.00001089,2036.00000000,0
1531220860488,1531220860484,374981,0.00001087,1647.00000000,1
1531220870542,1531220870536,374982,0.00001086,418.00000000,1
1531220870553,1531220870549,374983,0.00001086,2186.00000000,1
1531220875511,1531220875505,374984,0.00001086,799.00000000,0
1531220877898,1531220877894,374985,0.00001085,1760.00000000,1
1531220877906,1531220877900,374986,0.00001085,1257.00000000,0
1531220877918,1531220877913,374987,0.00001086,935.00000000,0
1531220889207,1531220889201,374988,0.00001087,533.00000000,0
1531220907326,1531220907321,374989,0.00001089,5768.00000000,0
1531220907335,1531220907331,374990,0.00001088,2989.00000000,1
1531220907353,1531220907348,374991,0.00001088,2884.00000000,1
1531220938479,1531220938474,374992,0.00001088,3618.00000000,0
1531220938493,1531220938489,374993,0.00001086,2290.00000000,1
1531220949359,1531220949354,374994,0.00001090,22.00000000,0
1531220952369,1531220952364,374995,0.00001090,1.00000000,0
1531220956711,1531220956707,374996,0.00001085,1861.00000000,1
1531220956716,1531220956709,374997,0.00001085,8.00000000,1
1531220956716,1531220956709,374998,0.00001083,632.00000000,1
1531220990351,1531220990346,374999,0.00001085,1667.00000000,1
1531221008112,1531221008108,375000,0.00001087,683.00000000,0
1531221008172,1531221008167,375001,0.00001085,670.00000000,1
1531221049315,1531221049309,375002,0.00001086,1483.00000000,1
1531221065837,1531221065832,375003,0.00001086,739.00000000,1
1531221110128,1531221110124,375004,0.00001087,2504.00000000,0
1531221110140,1531221110135,375005,0.00001089,1361.00000000,0
1531221117239,1531221117233,375006,0.00001088,3543.00000000,0
1531221117249,1531221117244,375007,0.00001086,1608.00000000,1
1531221117260,1531221117255,375008,0.00001086,2568.00000000,1
1531221168366,1531221168361,375009,0.00001088,3530.00000000,0
1531221168378,1531221168374,375010,0.00001086,2077.00000000,1
1531221176031,1531221176025,375011,0.00001088,3987.00000000,0
1531221176045,1531221176040,375012,0.00001086,2957.00000000,1
1531221176061,1531221176055,375013,0.00001086,1477.00000000,1
1531221184652,1531221184648,375014,0.00001088,1179.00000000,0
1531221184662,1531221184656,375015,0.00001086,397.00000000,1
1531221184681,1531221184677,375016,0.00001086,951.00000000,1
1531221230303,1531221230299,375017,0.00001086,501.00000000,1
1531221230324,1531221230320,375018,0.00001086,1802.00000000,1
1531221246855,1531221246850,375019,0.00001089,287.00000000,0
1531221247635,1531221247631,375020,0.00001089,285.00000000,0
1531221248196,1531221248190,375021,0.00001089,141.00000000,0
1531221277536,1531221277530,375022,0.00001086,3901.00000000,0
1531221277548,1531221277544,375023,0.00001088,2782.00000000,0
1531221277563,1531221277558,375024,0.00001088,1823.00000000,0
1531221306193,1531221306188,375025,0.00001087,4506.00000000,0
1531221306207,1531221306203,375026,0.00001086,839.00000000,1
1531221306225,1531221306221,375027,0.00001086,2852.00000000,1
1531221319280,1531221319274,375028,0.00001086,415.00000000,1
1531221326479,1531221326469,375029,0.00001086,715.00000000,1
1531221326479,1531221326469,375030,0.00001085,2167.00000000,1
1531221326479,1531221326469,375031,0.00001083,8525.00000000,1
1531221326479,1531221326469,375032,0.00001080,739.00000000,1
1531221326479,1531221326469,375033,0.00001079,371.00000000,1
1531221326479,1531221326469,375034,0.00001078,2414.00000000,1
1531221326479,1531221326469,375035,0.00001077,877.00000000,1
1531221326479,1531221326469,375036,0.00001076,3441.00000000,1
1531221326479,1531221326469,375037,0.00001075,835.00000000,1
1531221326479,1531221326469,375038,0.00001074,1082.00000000,1
1531221326479,1531221326469,375039,0.00001073,1208.00000000,1
1531221326479,1531221326469,375040,0.00001072,1045.00000000,1
1531221326843,1531221326841,375041,0.00001074,1706.00000000,1
1531221326875,1531221326871,375042,0.00001074,1263.00000000,1
1531221326949,1531221326945,375043,0.00001074,256.00000000,1
1531221353352,1531221353347,375044,0.00001077,837.00000000,0
1531221359533,1531221359524,375045,0.00001076,226.00000000,0
1531221359533,1531221359524,375046,0.00001078,284.00000000,0
1531221367834,1531221367829,375047,0.00001077,188.00000000,1
1531221368645,1531221368641,375048,0.00001077,1860.00000000,1
1531221368676,1531221368672,375049,0.00001077,2635.00000000,1
1531221368704,1531221368698,375050,0.00001077,1069.00000000,1
1531221387088,1531221387083,375051,0.00001075,188.00000000,1
1531221387679,1531221387674,375052,0.00001075,752.00000000,1
1531221391111,1531221391106,375053,0.00001076,140.00000000,0
1531221409136,1531221409132,375054,0.00001076,93.00000000,1
1531221409159,1531221409153,375055,0.00001076,93.00000000,1
1531221409184,1531221409179,375056,0.00001077,188.00000000,0
1531221432146,1531221432141,375057,0.00001077,1069.00000000,1
1531221468857,1531221468853,375058,0.00001077,188.00000000,0
1531221514126,1531221514121,375059,0.00001077,1069.00000000,1
1531221514140,1531221514136,375060,0.00001077,896.00000000,0
1531221514155,1531221514149,375061,0.00001077,1069.00000000,1
1531221517909,1531221517904,375062,0.00001075,738.00000000,0
1531221517940,1531221517936,375063,0.00001075,1.00000000,0
1531221536307,1531221536303,375064,0.00001075,1353.00000000,0
1531221544839,1531221544833,375065,0.00001077,188.00000000,0
1531221544839,1531221544833,375066,0.00001078,226.00000000,0
1531221567082,1531221567077,375067,0.00001075,144.00000000,1
1531221567096,1531221567092,375068,0.00001075,1751.00000000,1
1531221619929,1531221619924,375069,0.00001081,11.00000000,0
1531221648222,1531221648218,375070,0.00001077,2859.00000000,1
1531221648241,1531221648236,375071,0.00001077,1379.00000000,1
1531221694025,1531221694021,375072,0.00001077,2671.00000000,1
1531221710005,1531221710000,375073,0.00001080,2350.00000000,0
1531221710071,1531221710067,375074,0.00001080,2481.00000000,0
1531221726606,1531221726603,375075,0.00001077,2783.00000000,1
1531221768920,1531221768915,375076,0.00001079,5193.00000000,0
1531221768932,1531221768928,375077,0.00001077,248.00000000,1
1531221768945,1531221768940,375078,0.00001077,2705.00000000,1
1531221795444,1531221795440,375079,0.00001078,1084.00000000,0
1531221795464,1531221795458,375080,0.00001076,596.00000000,1
1531221829408,1531221829404,375081,0.00001076,1927.00000000,1
1531221843435,1531221843431,375082,0.00001078,8439.00000000,0
1531221843444,1531221843440,375083,0.00001076,2951.00000000,1
1531221865416,1531221865411,375084,0.00001076,329.00000000,1
1531221867517,1531221867513,375085,0.00001078,5166.00000000,0
1531221867529,1531221867525,375086,0.00001076,2274.00000000,1
1531221867542,1531221867537,375087,0.00001076,2041.00000000,1
1531221882287,1531221882283,375088,0.00001075,445.00000000,1
1531221882294,1531221882289,375089,0.00001075,5963.00000000,0
1531221882306,1531221882303,375090,0.00001076,329.00000000,0
1531221904681,1531221904676,375091,0.00001078,1931.00000000,1
1531221904698,1531221904694,375092,0.00001076,2041.00000000,1
1531221904739,1531221904717,375093,0.00001075,445.00000000,1
1531221904739,1531221904732,375094,0.00001075,5963.00000000,0
1531221932303,1531221932298,375095,0.00001079,2164.00000000,0
1531221932320,1531221932315,375096,0.00001077,925.00000000,1
1531221938884,1531221938879,375097,0.00001081,185.00000000,0
1531221987270,1531221987265,375098,0.00001079,3085.00000000,0
1531221987284,1531221987279,375099,0.00001078,411.00000000,1
1531221987300,1531221987296,375100,0.00001078,1859.00000000,1
1531222001429,1531222001424,375101,0.00001081,442.00000000,0
1531222008158,1531222008152,375102,0.00001081,925.00000000,0
1531222025487,1531222025483,375103,0.00001079,1909.00000000,0
1531222025504,1531222025498,375104,0.00001078,1386.00000000,1
1531222025515,1531222025511,375105,0.00001078,809.00000000,1
1531222085022,1531222085018,375106,0.00001078,1318.00000000,1
1531222113735,1531222113731,375107,0.00001079,2469.00000000,0
1531222113752,1531222113748,375108,0.00001078,1176.00000000,1
1531222122938,1531222122934,375109,0.00001078,9225.00000000,0
1531222130713,1531222130708,375110,0.00001078,8148.00000000,0
1531222131417,1531222131415,375111,0.00001078,2522.00000000,0
1531222143685,1531222143681,375112,0.00001078,2328.00000000,0
1531222151141,1531222151137,375113,0.00001078,1358.00000000,0
1531222175261,1531222175257,375114,0.00001078,3218.00000000,0
1531222195004,1531222194999,375115,0.00001078,582.00000000,0
1531222479649,1531222479642,375116,0.00001078,153.00000000,0
1531222479649,1531222479642,375117,0.00001081,163.00000000,0
1531222479649,1531222479642,375118,0.00001082,857.00000000,0
1531222479649,1531222479642,375119,0.00001084,855.00000000,0
1531222479649,1531222479642,375120,0.00001085,469.00000000,0
1531222479649,1531222479642,375121,0.00001086,123.00000000,0
1531222536775,1531222536771,375122,0.00001084,1162.00000000,0
1531222536789,1531222536786,375123,0.00001082,1191.00000000,1
1531222536896,1531222536892,375124,0.00001082,1118.00000000,1
1531222588604,1531222588601,375125,0.00001086,37.00000000,0
1531222597435,1531222597431,375126,0.00001086,246.00000000,0
1531222598751,1531222598747,375127,0.00001083,2894.00000000,1
1531222601094,1531222601089,375128,0.00001086,3676.00000000,0
1531222607920,1531222607915,375129,0.00001087,2007.00000000,0
1531222608372,1531222608369,375130,0.00001083,684.00000000,1
1531222608394,1531222608391,375131,0.00001083,1931.00000000,1
1531222619070,1531222619066,375132,0.00001088,700.00000000,0
1531222632949,1531222632944,375133,0.00001079,700.00000000,1
1531222636427,1531222636422,375134,0.00001088,349.00000000,0
1531222636427,1531222636422,375135,0.00001090,2651.00000000,0
1531222637360,1531222637358,375136,0.00001090,388.00000000,0
1531222650344,1531222650341,375137,0.00001090,1.00000000,0
1531222655492,1531222655489,375138,0.00001090,3000.00000000,0
1531222657998,1531222657994,375139,0.00001090,534.00000000,0
1531222657998,1531222657994,375140,0.00001091,166.00000000,0
1531222666935,1531222666931,375141,0.00001082,1057.00000000,1
1531222666935,1531222666931,375142,0.00001081,530.00000000,1
1531222668214,1531222668211,375143,0.00001085,849.00000000,0
1531222668228,1531222668224,375144,0.00001081,1811.00000000,1
1531222670605,1531222670601,375145,0.00001081,133.00000000,0
1531222683654,1531222683651,375146,0.00001085,266.00000000,0
1531222685593,1531222685588,375147,0.00001084,267.00000000,0
1531222699293,1531222699289,375148,0.00001085,161.00000000,1
1531222699293,1531222699289,375149,0.00001080,479.00000000,1
1531222707664,1531222707660,375150,0.00001083,639.00000000,1
1531222720939,1531222720935,375151,0.00001088,685.00000000,0
1531222722630,1531222722629,375152,0.00001089,479.00000000,0
1531222766205,1531222766201,375153,0.00001089,948.00000000,1
1531222817295,1531222817292,375154,0.00001088,993.00000000,1
1531222820687,1531222820684,375155,0.00001088,609.00000000,1
1531222887481,1531222887478,375156,0.00001088,901.00000000,0
1531222887506,1531222887503,375157,0.00001088,609.00000000,1
1531222888714,1531222888709,375158,0.00001089,585.00000000,1
1531222903123,1531222903119,375159,0.00001087,5985.00000000,0
1531222903139,1531222903135,375160,0.00001084,1809.00000000,1
1531222903151,1531222903148,375161,0.00001084,2375.00000000,1
1531222903164,1531222903160,375162,0.00001082,1801.00000000,1
1531222923910,1531222923909,375163,0.00001084,802.00000000,1
1531223065374,1531223065370,375164,0.00001087,3471.00000000,0
1531223065388,1531223065383,375165,0.00001083,2254.00000000,1
1531223075412,1531223075407,375166,0.00001092,915.00000000,0
1531223109039,1531223109036,375167,0.00001089,2853.00000000,0
1531223109046,1531223109043,375168,0.00001087,2068.00000000,1
1531223130807,1531223130804,375169,0.00001084,605.00000000,1
1531223149301,1531223149298,375170,0.00001084,2116.00000000,1
1531223164202,1531223164198,375171,0.00001084,987.00000000,1
1531223187261,1531223187258,375172,0.00001084,236.00000000,1
1531223187279,1531223187275,375173,0.00001084,2342.00000000,1
1531223215097,1531223215094,375174,0.00001084,1990.00000000,1
1531223215119,1531223215115,375175,0.00001084,597.00000000,1
1531223270166,1531223270163,375176,0.00001087,3864.00000000,0
1531223270185,1531223270182,375177,0.00001084,1789.00000000,1
1531223280678,1531223280674,375178,0.00001084,1933.00000000,1
1531223280696,1531223280693,375179,0.00001084,2609.00000000,1
1531223306887,1531223306886,375180,0.00001086,5890.00000000,0
1531223306899,1531223306896,375181,0.00001084,2539.00000000,1
1531223328954,1531223328951,375182,0.00001086,2007.00000000,0
1531223328968,1531223328965,375183,0.00001084,748.00000000,1
1531223328985,1531223328982,375184,0.00001084,738.00000000,1
1531223335111,1531223335110,375185,0.00001083,605.00000000,1
1531223352892,1531223352889,375186,0.00001083,472.00000000,1
1531223430966,1531223430962,375187,0.00001083,262.00000000,1
1531223431504,1531223431500,375188,0.00001083,1448.00000000,0
1531223451839,1531223451835,375189,0.00001080,2330.00000000,1
1531223462272,1531223462266,375190,0.00001078,926.00000000,1
1531223462272,1531223462266,375191,0.00001077,3636.00000000,1
1531223462272,1531223462266,375192,0.00001074,232.00000000,1
1531223462272,1531223462266,375193,0.00001071,745.00000000,1
1531223462272,1531223462266,375194,0.00001069,2286.00000000,1
1531223462272,1531223462266,375195,0.00001068,375.00000000,1
1531223462272,1531223462266,375196,0.00001067,373.00000000,1
1531223462272,1531223462266,375197,0.00001066,464.00000000,1
1531223462272,1531223462266,375198,0.00001065,7840.00000000,1
1531223462272,1531223462266,375199,0.00001064,1408.00000000,1
1531223462272,1531223462266,375200,0.00001063,461.00000000,1
1531223462526,1531223462522,375201,0.00001066,699.00000000,1
1531223463936,1531223463933,375202,0.00001072,1407.00000000,0
1531223476715,1531223476713,375203,0.00001071,1000.00000000,0
1531223477018,1531223477015,375204,0.00001071,3000.00000000,0
1531223487442,1531223487438,375205,0.00001071,2134.00000000,0
1531223487649,1531223487648,375206,0.00001071,908.00000000,0
1531223488312,1531223488307,375207,0.00001072,1.00000000,0
1531223488312,1531223488307,375208,0.00001076,699.00000000,0
1531223488312,1531223488307,375209,0.00001081,1743.00000000,0
1531223488312,1531223488307,375210,0.00001083,557.00000000,0
1531223491882,1531223491877,375211,0.00001072,99.00000000,1
1531223499084,1531223499081,375212,0.00001072,269.00000000,1
1531223505514,1531223505510,375213,0.00001067,99.00000000,1
1531223509366,1531223509344,375214,0.00001067,755.00000000,1
1531223510570,1531223510566,375215,0.00001066,269.00000000,1
1531223513531,1531223513527,375216,0.00001067,289.00000000,0
1531223513531,1531223513527,375217,0.00001071,76.00000000,0
1531223513531,1531223513527,375218,0.00001072,189.00000000,0
1531223547317,1531223547313,375219,0.00001073,2158.00000000,0
1531223547334,1531223547330,375220,0.00001071,1660.00000000,1
1531223554295,1531223554291,375221,0.00001076,96.00000000,0
1531223577578,1531223577574,375222,0.00001070,626.00000000,1
1531223581325,1531223581320,375223,0.00001075,626.00000000,0
1531223581325,1531223581320,375224,0.00001076,173.00000000,0
1531223581325,1531223581320,375225,0.00001078,195.00000000,0
1531223581325,1531223581320,375226,0.00001081,1520.00000000,0
1531223581325,1531223581320,375227,0.00001083,978.00000000,0
1531223581467,1531223581463,375228,0.00001083,546.00000000,0
1531223581467,1531223581463,375229,0.00001084,2454.00000000,0
1531223591416,1531223591414,375230,0.00001084,1073.00000000,0
1531223595619,1531223595616,375231,0.00001078,319.00000000,1
1531223600574,1531223600569,375232,0.00001077,623.00000000,1
1531223600574,1531223600569,375233,0.00001076,95.00000000,1
1531223600574,1531223600569,375234,0.00001071,1534.00000000,1
1531223600574,1531223600569,375235,0.00001070,318.00000000,1
1531223629224,1531223629220,375236,0.00001075,5194.00000000,0
1531223629241,1531223629238,375237,0.00001071,264.00000000,1
1531223629261,1531223629257,375238,0.00001071,1953.00000000,1
1531223655604,1531223655601,375239,0.00001071,96.00000000,0
1531223662879,1531223662876,375240,0.00001072,267.00000000,1
1531223662900,1531223662899,375241,0.00001072,1298.00000000,1
1531223669453,1531223669449,375242,0.00001071,2131.00000000,1
1531223669453,1531223669449,375243,0.00001070,1787.00000000,1
1531223669453,1531223669449,375244,0.00001069,1192.00000000,1
1531223669453,1531223669449,375245,0.00001068,1063.00000000,1
1531223695796,1531223695793,375246,0.00001076,100.00000000,1
1531223704766,1531223704763,375247,0.00001070,1739.00000000,1
1531223704788,1531223704784,375248,0.00001070,2960.00000000,1
1531223735025,1531223735023,375249,0.00001070,1349.00000000,1
1531223747092,1531223747090,375250,0.00001070,95.00000000,1
1531223750095,1531223750092,375251,0.00001074,1563.00000000,0
1531223750110,1531223750106,375252,0.00001070,882.00000000,1
1531223758852,1531223758849,375253,0.00001070,95.00000000,0
1531223808279,1531223808276,375254,0.00001071,2934.00000000,1
1531223808306,1531223808302,375255,0.00001071,2600.00000000,1
1531223808325,1531223808322,375256,0.00001070,882.00000000,1
1531223838988,1531223838984,375257,0.00001068,528.00000000,1
1531223838988,1531223838984,375258,0.00001067,1557.00000000,1
1531223851041,1531223851039,375259,0.00001068,232.00000000,1
1531223851063,1531223851060,375260,0.00001068,2846.00000000,1
1531223851080,1531223851078,375261,0.00001070,95.00000000,0
1531223869459,1531223869454,375262,0.00001075,2206.00000000,0
1531223869473,1531223869469,375263,0.00001071,2604.00000000,1
1531223869493,1531223869490,375264,0.00001071,1471.00000000,1
1531223869509,1531223869505,375265,0.00001070,882.00000000,1
1531223876724,1531223876721,375266,0.00001068,2427.00000000,1
1531223876742,1531223876739,375267,0.00001068,2298.00000000,1
1531223876760,1531223876758,375268,0.00001070,95.00000000,0
1531223966131,1531223966127,375269,0.00001073,239.00000000,1
1531223966577,1531223966571,375270,0.00001072,239.00000000,0
1531223966577,1531223966571,375271,0.00001073,559.00000000,0
1531223966577,1531223966571,375272,0.00001074,1534.00000000,0
1531223966577,1531223966571,375273,0.00001075,2804.00000000,0
1531223966577,1531223966571,375274,0.00001076,868.00000000,0
1531224004020,1531224004017,375275,0.00001074,623.00000000,0
1531224004051,1531224004047,375276,0.00001075,311.00000000,0
1531224004051,1531224004047,375277,0.00001075,100.00000000,0
1531224004079,1531224004076,375278,0.00001075,650.00000000,0
1531224028264,1531224028260,375279,0.00001071,1627.00000000,1
1531224033541,1531224033538,375280,0.00001070,140.00000000,1
1531224033562,1531224033558,375281,0.00001067,128.00000000,1
1531224034129,1531224034123,375282,0.00001068,140.00000000,0
1531224034129,1531224034123,375283,0.00001069,140.00000000,0
1531224034129,1531224034123,375284,0.00001070,102.00000000,0
1531224055584,1531224055581,375285,0.00001071,4875.00000000,0
1531224055600,1531224055596,375286,0.00001068,1859.00000000,1
1531224055620,1531224055617,375287,0.00001068,2973.00000000,1
1531224109188,1531224109184,375288,0.00001069,202.00000000,1
1531224109202,1531224109198,375289,0.00001069,1574.00000000,1
1531224139190,1531224139186,375290,0.00001068,807.00000000,1
1531224139212,1531224139210,375291,0.00001068,1331.00000000,1
1531224144231,1531224144226,375292,0.00001067,2697.00000000,1
1531224144231,1531224144226,375293,0.00001066,899.00000000,1
1531224144231,1531224144226,375294,0.00001065,3759.00000000,1
1531224144245,1531224144241,375295,0.00001065,1599.00000000,0
1531224144255,1531224144252,375296,0.00001065,1599.00000000,0
1531224144261,1531224144259,375297,0.00001065,149.00000000,0
1531224159541,1531224159541,375298,0.00001070,1222.00000000,0
1531224159836,1531224159838,375299,0.00001070,1003.00000000,1
1531224159850,1531224159850,375300,0.00001070,219.00000000,1
1531224163761,1531224163763,375301,0.00001071,888.00000000,0
1531224169373,1531224169370,375302,0.00001068,2792.00000000,0
1531224169381,1531224169383,375303,0.00001066,1317.00000000,1
1531224181585,1531224181581,375304,0.00001071,26.00000000,0
1531224185853,1531224185850,375305,0.00001068,3369.00000000,0
1531224185865,1531224185861,375306,0.00001066,1719.00000000,1
1531224217044,1531224217043,375307,0.00001064,190.00000000,1
1531224246721,1531224246718,375308,0.00001067,3887.00000000,0
1531224246737,1531224246734,375309,0.00001065,2178.00000000,1
1531224246757,1531224246758,375310,0.00001065,2046.00000000,1
1531224278000,1531224277997,375311,0.00001065,94.00000000,1
1531224278000,1531224277997,375312,0.00001064,184.00000000,1
1531224278000,1531224277997,375313,0.00001063,920.00000000,1
1531224286742,1531224286738,375314,0.00001063,937.00000000,1
1531224286742,1531224286738,375315,0.00001061,1017.00000000,1
1531224320358,1531224320354,375316,0.00001064,2878.00000000,1
1531224320358,1531224320354,375317,0.00001062,823.00000000,1
1531224326812,1531224326810,375318,0.00001065,5537.00000000,0
1531224326824,1531224326821,375319,0.00001064,2688.00000000,1
1531224332807,1531224332807,375320,0.00001063,2602.00000000,1
1531224332830,1531224332826,375321,0.00001063,876.00000000,1
1531224337976,1531224337971,375322,0.00001063,191.00000000,1
1531224363029,1531224363024,375323,0.00001064,967.00000000,0
1531224364762,1531224364758,375324,0.00001063,1205.00000000,0
1531224373460,1531224373460,375325,0.00001061,385.00000000,1
1531224373460,1531224373460,375326,0.00001060,1507.00000000,1
1531224373460,1531224373460,375327,0.00001059,1549.00000000,1
1531224373460,1531224373460,375328,0.00001058,6239.00000000,1
1531224373460,1531224373460,375329,0.00001057,379.00000000,1
1531224373460,1531224373460,375330,0.00001056,7050.00000000,1
1531224373460,1531224373460,375331,0.00001055,12891.00000000,1
1531224374007,1531224374004,375332,0.00001057,2255.00000000,1
1531224388015,1531224388012,375333,0.00001061,8203.00000000,0
1531224388028,1531224388028,375334,0.00001060,1562.00000000,1
1531224388052,1531224388049,375335,0.00001060,2951.00000000,1
1531224390643,1531224390643,375336,0.00001063,803.00000000,0
1531224403239,1531224403235,375337,0.00001064,600.00000000,0
1531224411975,1531224411972,375338,0.00001059,406.00000000,1
1531224444208,1531224444204,375339,0.00001059,120.00000000,1
1531224447885,1531224447883,375340,0.00001059,208.00000000,1
1531224447926,1531224447924,375341,0.00001059,120.00000000,0
1531224479946,1531224479943,375342,0.00001061,1929.00000000,0
1531224479957,1531224479954,375343,0.00001059,1040.00000000,1
1531224479987,1531224479983,375344,0.00001059,720.00000000,1
1531224506212,1531224506209,375345,0.00001061,3181.00000000,0
1531224506221,1531224506219,375346,0.00001059,344.00000000,1
1531224506243,1531224506240,375347,0.00001059,1097.00000000,1
1531224522914,1531224522910,375348,0.00001059,161.00000000,0
1531224527972,1531224527969,375349,0.00001061,1448.00000000,0
1531224527986,1531224527982,375350,0.00001059,681.00000000,1
1531224528006,1531224528003,375351,0.00001059,1187.00000000,1
1531224568344,1531224568342,375352,0.00001062,1848.00000000,0
1531224568354,1531224568350,375353,0.00001060,1744.00000000,1
1531224601650,1531224601650,375354,0.00001060,280.00000000,0
1531224604533,1531224604530,375355,0.00001060,1181.00000000,0
1531224606794,1531224606791,375356,0.00001057,1895.00000000,1
1531224606811,1531224606807,375357,0.00001057,2791.00000000,1
1531224608139,1531224608135,375358,0.00001060,2140.00000000,0
1531224609035,1531224609032,375359,0.00001060,1182.00000000,0
1531224628378,1531224628375,375360,0.00001056,1972.00000000,1
1531224628393,1531224628389,375361,0.00001056,2452.00000000,1
1531224642591,1531224642587,375362,0.00001060,96.00000000,0
1531224642663,1531224642660,375363,0.00001060,194.00000000,0
1531224665298,1531224665294,375364,0.00001058,2582.00000000,0
1531224665316,1531224665314,375365,0.00001056,971.00000000,1
1531224688453,1531224688453,375366,0.00001056,133.00000000,1
1531224696615,1531224696611,375367,0.00001058,3727.00000000,0
1531224696627,1531224696623,375368,0.00001056,1679.00000000,1
1531224706121,1531224706118,375369,0.00001056,806.00000000,1
1531224707022,1531224707020,375370,0.00001056,815.00000000,1
1531224708248,1531224708252,375371,0.00001056,892.00000000,1
1531224709595,1531224709593,375372,0.00001058,5530.00000000,0
1531224709610,1531224709606,375373,0.00001056,2421.00000000,1
1531224725638,1531224725634,375374,0.00001056,301.00000000,0
1531224745725,1531224745721,375375,0.00001059,1898.00000000,1
1531224745741,1531224745738,375376,0.00001059,3492.00000000,0
1531224745755,1531224745752,375377,0.00001059,1898.00000000,1
1531224770187,1531224770186,375378,0.00001059,46.00000000,0
1531224773190,1531224773186,375379,0.00001059,1.00000000,0
1531224787827,1531224787824,375380,0.00001056,838.00000000,1
1531224806984,1531224806979,375381,0.00001059,1004.00000000,1
1531224807012,1531224807010,375382,0.00001059,1800.00000000,1
1531224825002,1531224824998,375383,0.00001059,2815.00000000,0
1531224825023,1531224825020,375384,0.00001059,877.00000000,0
1531224850758,1531224850753,375385,0.00001059,2000.00000000,0
1531224857838,1531224857834,375386,0.00001059,909.00000000,1
1531224858825,1531224858821,375387,0.00001059,913.00000000,1
1531224867645,1531224867644,375388,0.00001059,1776.00000000,1
1531224922700,1531224922696,375389,0.00001060,2358.00000000,0
1531224933977,1531224933980,375390,0.00001060,2830.00000000,0
1531224934004,1531224934001,375391,0.00001060,2830.00000000,0
1531224997987,1531224997991,375392,0.00001060,141.00000000,0
1531225165451,1531225165446,375393,0.00001060,5740.00000000,0
1531225178674,1531225178670,375394,0.00001061,1725.00000000,1
1531225178691,1531225178688,375395,0.00001061,2536.00000000,1
1531225204859,1531225204856,375396,0.00001061,3640.00000000,0
1531225204872,1531225204869,375397,0.00001063,2427.00000000,0
1531225214802,1531225214799,375398,0.00001061,1547.00000000,1
1531225214820,1531225214817,375399,0.00001061,233.00000000,1
1531225216118,1531225216115,375400,0.00001064,895.00000000,0
1531225266471,1531225266468,375401,0.00001062,1716.00000000,0
1531225278778,1531225278776,375402,0.00001062,1846.00000000,1
1531225325596,1531225325592,375403,0.00001062,95.00000000,1
1531225325613,1531225325610,375404,0.00001062,1240.00000000,1
1531225353138,1531225353135,375405,0.00001061,1820.00000000,1
1531225415547,1531225415544,375406,0.00001060,2604.00000000,1
1531225427180,1531225427176,375407,0.00001062,23.00000000,0
1531225440720,1531225440717,375408,0.00001061,717.00000000,0
1531225440737,1531225440734,375409,0.00001061,2775.00000000,0
1531225488972,1531225488967,375410,0.00001061,832.00000000,1
1531225488994,1531225488995,375411,0.00001061,563.00000000,0
1531225489003,1531225489000,375412,0.00001061,95.00000000,1
1531225489020,1531225489017,375413,0.00001061,517.00000000,1
1531225537371,1531225537368,375414,0.00001061,220.00000000,1
1531225537384,1531225537381,375415,0.00001061,5529.00000000,0
1531225537403,1531225537399,375416,0.00001061,220.00000000,1
1531225564582,1531225564585,375417,0.00001059,1545.00000000,1
1531225593602,1531225593599,375418,0.00001060,697.00000000,0
1531225593611,1531225593608,375419,0.00001058,623.00000000,1
1531225605760,1531225605755,375420,0.00001057,1795.00000000,1
1531225625652,1531225625649,375421,0.00001058,1819.00000000,1
1531225635556,1531225635552,375422,0.00001061,804.00000000,0
1531225635567,1531225635563,375423,0.00001061,1302.00000000,0
1531225669291,1531225669289,375424,0.00001058,769.00000000,1
1531225715942,1531225715939,375425,0.00001059,1434.00000000,1
1531225715956,1531225715953,375426,0.00001059,95.00000000,1
1531225728656,1531225728652,375427,0.00001060,998.00000000,0
1531225728664,1531225728660,375428,0.00001059,2369.00000000,1
1531225728674,1531225728671,375429,0.00001059,624.00000000,1
1531225746575,1531225746572,375430,0.00001060,2824.00000000,0
1531225746591,1531225746589,375431,0.00001059,765.00000000,1
1531225746607,1531225746606,375432,0.00001059,1456.00000000,1
1531225804786,1531225804783,375433,0.00001059,2583.00000000,1
1531225829490,1531225829487,375434,0.00001061,1021.00000000,0
1531225829512,1531225829508,375435,0.00001061,470.00000000,0
1531225848946,1531225848942,375436,0.00001061,2649.00000000,0
1531225848962,1531225848958,375437,0.00001060,2517.00000000,1
1531225848978,1531225848974,375438,0.00001060,1238.00000000,1
1531225891721,1531225891717,375439,0.00001061,808.00000000,1
1531225892676,1531225892672,375440,0.00001061,1517.00000000,1
1531225946617,1531225946612,375441,0.00001061,2325.00000000,0
1531225969137,1531225969134,375442,0.00001061,220.00000000,0
1531226095791,1531226095788,375443,0.00001061,297.00000000,0
1531226149086,1531226149083,375444,0.00001062,2259.00000000,0
1531226149109,1531226149105,375445,0.00001062,95.00000000,0
1531226180280,1531226180276,375446,0.00001062,1188.00000000,0
1531226180304,1531226180300,375447,0.00001062,2568.00000000,0
1531226219623,1531226219619,375448,0.00001061,4073.00000000,1
1531226225285,1531226225280,375449,0.00001062,3342.00000000,0
1531226225301,1531226225298,375450,0.00001061,2160.00000000,1
1531226225319,1531226225314,375451,0.00001061,1337.00000000,1
1531226239284,1531226239280,375452,0.00001060,306.00000000,1
1531226266099,1531226266096,375453,0.00001062,328.00000000,0
1531226266114,1531226266111,375454,0.00001062,2308.00000000,0
1531226280314,1531226280311,375455,0.00001063,1411.00000000,0
1531226306289,1531226306285,375456,0.00001062,4726.00000000,0
1531226306304,1531226306299,375457,0.00001061,2796.00000000,1
1531226306328,1531226306325,375458,0.00001061,2514.00000000,1
1531226328142,1531226328138,375459,0.00001063,174.00000000,0
1531226328551,1531226328548,375460,0.00001061,719.00000000,1
1531226368232,1531226368228,375461,0.00001062,2021.00000000,0
1531226368246,1531226368242,375462,0.00001061,1444.00000000,1
1531226400294,1531226400291,375463,0.00001062,1141.00000000,0
1531226400312,1531226400307,375464,0.00001061,1992.00000000,1
1531226400331,1531226400328,375465,0.00001061,1038.00000000,1
1531226450370,1531226450367,375466,0.00001061,2644.00000000,0
1531226450380,1531226450377,375467,0.00001062,618.00000000,0
1531226450404,1531226450406,375468,0.00001062,1041.00000000,0
1531226466830,1531226466825,375469,0.00001062,2516.00000000,0
1531226466841,1531226466839,375470,0.00001061,2134.00000000,1
1531226466859,1531226466855,375471,0.00001061,1850.00000000,1
1531226495614,1531226495609,375472,0.00001060,1480.00000000,1
1531226509281,1531226509277,375473,0.00001059,742.00000000,1
1531226557205,1531226557201,375474,0.00001060,1817.00000000,0
1531226557215,1531226557211,375475,0.00001062,918.00000000,0
1531226585068,1531226585064,375476,0.00001061,797.00000000,0
1531226585442,1531226585437,375477,0.00001062,141.00000000,0
1531226625624,1531226625621,375478,0.00001061,1152.00000000,0
1531226625646,1531226625642,375479,0.00001061,775.00000000,0
1531226644693,1531226644689,375480,0.00001060,694.00000000,1
1531226677380,1531226677380,375481,0.00001060,1826.00000000,1
1531226677389,1531226677387,375482,0.00001060,1333.00000000,1
1531226704812,1531226704807,375483,0.00001060,1167.00000000,1
1531226704831,1531226704826,375484,0.00001060,1470.00000000,0
1531226704846,1531226704843,375485,0.00001060,1167.00000000,1
1531226748465,1531226748461,375486,0.00001060,1746.00000000,1
1531226748495,1531226748491,375487,0.00001060,2332.00000000,1
1531226748511,1531226748507,375488,0.00001060,970.00000000,1
1531226809199,1531226809196,375489,0.00001060,1182.00000000,0
1531226809225,1531226809225,375490,0.00001060,1581.00000000,0
1531226858791,1531226858788,375491,0.00001060,591.00000000,1
1531226906671,1531226906666,375492,0.00001059,2425.00000000,0
1531226906689,1531226906685,375493,0.00001060,891.00000000,0
1531226906712,1531226906712,375494,0.00001060,1064.00000000,0
1531226912394,1531226912390,375495,0.00001059,751.00000000,1
1531227057013,1531227057008,375496,0.00001059,220.00000000,1
1531227057013,1531227057008,375497,0.00001058,194.00000000,1
1531227057013,1531227057008,375498,0.00001057,905.00000000,1
1531227057013,1531227057008,375499,0.00001055,190.00000000,1
1531227057013,1531227057008,375500,0.00001053,1566.00000000,1
1531227057013,1531227057008,375501,0.00001052,7121.00000000,1
1531227057013,1531227057008,375502,0.00001051,14905.00000000,1
1531227057013,1531227057008,375503,0.00001051,845.00000000,1
1531227068751,1531227068746,375504,0.00001058,757.00000000,0
1531227069525,1531227069522,375505,0.00001058,757.00000000,0
1531227071576,1531227071573,375506,0.00001053,140.00000000,1
1531227073803,1531227073798,375507,0.00001052,442.00000000,1
1531227114103,1531227114099,375508,0.00001056,2992.00000000,0
1531227114118,1531227114113,375509,0.00001054,1987.00000000,1
1531227114142,1531227114138,375510,0.00001054,2823.00000000,1
1531227127374,1531227127370,375511,0.00001053,192.00000000,1
1531227132946,1531227132943,375512,0.00001056,6551.00000000,0
1531227132960,1531227132955,375513,0.00001054,1532.00000000,1
1531227132980,1531227132977,375514,0.00001054,2951.00000000,1
1531227216596,1531227216590,375515,0.00001056,140.00000000,1
1531227221845,1531227221842,375516,0.00001056,144.00000000,1
1531227221857,1531227221854,375517,0.00001056,1105.00000000,0
1531227221878,1531227221874,375518,0.00001057,573.00000000,0
1531227266539,1531227266536,375519,0.00001058,548.00000000,0
1531227278048,1531227278044,375520,0.00001056,1830.00000000,0
1531227278063,1531227278058,375521,0.00001054,1099.00000000,1
1531227278087,1531227278083,375522,0.00001054,1346.00000000,1
1531227327152,1531227327151,375523,0.00001055,8065.00000000,0
1531227327160,1531227327154,375524,0.00001058,1616.00000000,0
1531227327178,1531227327175,375525,0.00001058,2840.00000000,0
1531227430394,1531227430389,375526,0.00001058,237.00000000,1
1531227447015,1531227447010,375527,0.00001059,95.00000000,0
1531227473900,1531227473895,375528,0.00001059,1029.00000000,0
1531227529702,1531227529697,375529,0.00001059,2730.00000000,1
1531227529716,1531227529713,375530,0.00001059,4.00000000,0
1531227529726,1531227529722,375531,0.00001059,451.00000000,1
1531227529741,1531227529736,375532,0.00001059,2279.00000000,1
1531227561512,1531227561508,375533,0.00001060,256.00000000,0
1531227563206,1531227563202,375534,0.00001057,2831.00000000,1
1531227563232,1531227563228,375535,0.00001057,1789.00000000,1
1531227627605,1531227627603,375536,0.00001058,2336.00000000,0
1531227627621,1531227627618,375537,0.00001059,990.00000000,0
1531227656591,1531227656590,375538,0.00001059,1069.00000000,0
1531227656693,1531227656690,375539,0.00001059,944.00000000,0
1531227657426,1531227657422,375540,0.00001059,1522.00000000,0
1531227661976,1531227661971,375541,0.00001059,2.00000000,0
1531227726252,1531227726248,375542,0.00001059,2684.00000000,1
1531227726265,1531227726261,375543,0.00001059,3707.00000000,0
1531227726283,1531227726282,375544,0.00001059,2466.00000000,1
1531227755538,1531227755532,375545,0.00001059,667.00000000,1
1531227755538,1531227755532,375546,0.00001057,957.00000000,1
1531227755538,1531227755532,375547,0.00001056,195.00000000,1
1531227755538,1531227755532,375548,0.00001054,1516.00000000,1
1531227755538,1531227755532,375549,0.00001053,2657.00000000,1
1531227755538,1531227755532,375550,0.00001052,1878.00000000,1
1531227755538,1531227755532,375551,0.00001051,3199.00000000,1
1531227757901,1531227757896,375552,0.00001059,3217.00000000,0
1531227758764,1531227758761,375553,0.00001059,2508.00000000,0
1531227803361,1531227803358,375554,0.00001060,28.00000000,0
1531227826535,1531227826532,375555,0.00001063,36.00000000,0
1531227829882,1531227829879,375556,0.00001063,1.00000000,0
1531227830368,1531227830363,375557,0.00001060,1097.00000000,1
1531227866629,1531227866626,375558,0.00001060,1522.00000000,1
1531227890012,1531227890007,375559,0.00001061,3828.00000000,0
1531227890067,1531227890064,375560,0.00001060,2662.00000000,1
1531227890092,1531227890087,375561,0.00001060,1789.00000000,1
1531227906112,1531227906107,375562,0.00001061,5797.00000000,0
1531227906123,1531227906119,375563,0.00001060,2376.00000000,1
1531227928088,1531227928084,375564,0.00001060,2099.00000000,1
1531227928103,1531227928100,375565,0.00001060,2004.00000000,1
1531227948926,1531227948923,375566,0.00001060,965.00000000,1
1531227948939,1531227948935,375567,0.00001060,2627.00000000,1
1531228008127,1531228008123,375568,0.00001060,1386.00000000,1
1531228008143,1531228008139,375569,0.00001060,565.00000000,1
1531228031707,1531228031702,375570,0.00001060,3.00000000,1
1531228034100,1531228034095,375571,0.00001060,2114.00000000,1
1531228034118,1531228034114,375572,0.00001060,416.00000000,1
1531228034156,1531228034155,375573,0.00001060,3.00000000,0
1531228068230,1531228068226,375574,0.00001060,194.00000000,1
1531228068240,1531228068237,375575,0.00001060,2778.00000000,1
1531228117295,1531228117290,375576,0.00001062,1081.00000000,0
1531228117305,1531228117301,375577,0.00001060,601.00000000,1
1531228145184,1531228145178,375578,0.00001061,1744.00000000,0
1531228145202,1531228145199,375579,0.00001061,1576.00000000,1
1531228188440,1531228188436,375580,0.00001061,3557.00000000,1
1531228188453,1531228188450,375581,0.00001061,2318.00000000,0
1531228188467,1531228188464,375582,0.00001061,1207.00000000,1
1531228188488,1531228188484,375583,0.00001061,2350.00000000,1
1531228218976,1531228218972,375584,0.00001059,1667.00000000,1
1531228224813,1531228224808,375585,0.00001059,195.00000000,1
1531228226737,1531228226733,375586,0.00001059,319.00000000,1
1531228226761,1531228226758,375587,0.00001059,2702.00000000,1
1531228274252,1531228274247,375588,0.00001059,195.00000000,0
1531228325120,1531228325116,375589,0.00001061,1827.00000000,0
1531228325141,1531228325137,375590,0.00001060,2104.00000000,1
1531228325164,1531228325160,375591,0.00001060,1474.00000000,1
1531228325191,1531228325188,375592,0.00001059,2702.00000000,1
1531228337806,1531228337802,375593,0.00001058,194.00000000,1
1531228337816,1531228337811,375594,0.00001058,3719.00000000,0
1531228337835,1531228337830,375595,0.00001059,195.00000000,0
1531228357714,1531228357710,375596,0.00001059,2702.00000000,1
1531228429419,1531228429414,375597,0.00001060,3489.00000000,0
1531228429428,1531228429425,375598,0.00001058,583.00000000,1
1531228429445,1531228429441,375599,0.00001058,1220.00000000,1
1531228475052,1531228475048,375600,0.00001059,3857.00000000,0
1531228475068,1531228475064,375601,0.00001056,1685.00000000,1
1531228475088,1531228475083,375602,0.00001056,2352.00000000,1
1531228526993,1531228526988,375603,0.00001059,5672.00000000,0
1531228527014,1531228527009,375604,0.00001057,1794.00000000,1
1531228527037,1531228527033,375605,0.00001057,2101.00000000,1
1531228550548,1531228550543,375606,0.00001057,670.00000000,1
1531228550563,1531228550560,375607,0.00001057,2585.00000000,1
1531228586392,1531228586389,375608,0.00001057,1619.00000000,1
1531228586416,1531228586411,375609,0.00001057,1399.00000000,1
1531228611532,1531228611528,375610,0.00001059,5462.00000000,0
1531228611550,1531228611547,375611,0.00001057,2875.00000000,1
1531228647181,1531228647177,375612,0.00001059,3506.00000000,0
1531228647197,1531228647192,375613,0.00001057,2307.00000000,1
1531228661711,1531228661707,375614,0.00001057,488.00000000,0
1531228670648,1531228670643,375615,0.00001057,486.00000000,1
1531228707812,1531228707806,375616,0.00001057,795.00000000,1
1531228707822,1531228707819,375617,0.00001057,2471.00000000,1
1531228711866,1531228711861,375618,0.00001061,1111.00000000,0
1531228711866,1531228711861,375619,0.00001062,1030.00000000,0
1531228711866,1531228711861,375620,0.00001063,32563.00000000,0
1531228714355,1531228714351,375621,0.00001064,7513.00000000,0
1531228768064,1531228768058,375622,0.00001061,2223.00000000,1
1531228801033,1531228801028,375623,0.00001063,839.00000000,1
1531228801044,1531228801040,375624,0.00001063,771.00000000,0
1531228801060,1531228801056,375625,0.00001063,839.00000000,1
1531228810062,1531228810058,375626,0.00001063,168.00000000,1
1531228810097,1531228810093,375627,0.00001063,609.00000000,0
1531228827002,1531228826997,375628,0.00001061,3949.00000000,0
1531228827021,1531228827016,375629,0.00001059,1917.00000000,1
1531228847990,1531228847983,375630,0.00001064,6.00000000,0
1531228925838,1531228925833,375631,0.00001061,757.00000000,0
1531228925857,1531228925853,375632,0.00001059,905.00000000,1
1531228925877,1531228925871,375633,0.00001059,689.00000000,1
1531228937721,1531228937717,375634,0.00001059,194.00000000,0
1531228944786,1531228944781,375635,0.00001060,2706.00000000,0
1531228944794,1531228944791,375636,0.00001058,1049.00000000,1
1531228985408,1531228985405,375637,0.00001059,2366.00000000,1
1531228985419,1531228985414,375638,0.00001059,1370.00000000,1
1531229067600,1531229067597,375639,0.00001060,222.00000000,1
1531229067620,1531229067617,375640,0.00001060,447.00000000,1
1531229108183,1531229108179,375641,0.00001062,4442.00000000,0
1531229108193,1531229108187,375642,0.00001060,2136.00000000,1
1531229149479,1531229149475,375643,0.00001062,496.00000000,0
1531229149490,1531229149486,375644,0.00001060,2429.00000000,1
1531229149510,1531229149505,375645,0.00001060,207.00000000,1
1531229192500,1531229192496,375646,0.00001061,1223.00000000,1
1531229209878,1531229209872,375647,0.00001063,937.00000000,0
1531229209894,1531229209892,375648,0.00001062,549.00000000,1
1531229209905,1531229209900,375649,0.00001062,679.00000000,1
1531229239813,1531229239808,375650,0.00001063,4878.00000000,0
1531229239832,1531229239827,375651,0.00001062,2011.00000000,1
1531229239857,1531229239852,375652,0.00001062,1936.00000000,1
1531229246315,1531229246311,375653,0.00001062,1441.00000000,1
1531229266505,1531229266500,375654,0.00001063,5899.00000000,0
1531229266524,1531229266520,375655,0.00001062,2379.00000000,1
1531229272643,1531229272639,375656,0.00001061,3256.00000000,1
1531229285072,1531229285068,375657,0.00001062,1690.00000000,1
1531229285093,1531229285087,375658,0.00001062,1707.00000000,1
1531229333267,1531229333262,375659,0.00001063,813.00000000,1
1531229363351,1531229363348,375660,0.00001062,17862.00000000,1
1531229389592,1531229389589,375661,0.00001063,2484.00000000,1
1531229396674,1531229396670,375662,0.00001063,3339.00000000,1
1531229396674,1531229396670,375663,0.00001062,1439.00000000,1
1531229428326,1531229428323,375664,0.00001063,1622.00000000,0
1531229428333,1531229428328,375665,0.00001062,1515.00000000,1
1531229428554,1531229428551,375666,0.00001062,803.00000000,1
1531229429012,1531229429008,375667,0.00001064,1111.00000000,0
1531229464513,1531229464508,375668,0.00001063,996.00000000,1
1531229464524,1531229464522,375669,0.00001063,95.00000000,1
1531229470302,1531229470296,375670,0.00001065,124.00000000,0
1531229487367,1531229487363,375671,0.00001064,2395.00000000,0
1531229519755,1531229519750,375672,0.00001064,134.00000000,1
1531229529802,1531229529799,375673,0.00001065,193.00000000,0
1531229540913,1531229540910,375674,0.00001065,477.00000000,0
1531229551628,1531229551625,375675,0.00001064,1393.00000000,1
1531229551628,1531229551625,375676,0.00001063,495.00000000,1
1531229561501,1531229561497,375677,0.00001063,1368.00000000,0
1531229566073,1531229566068,375678,0.00001063,194.00000000,1
1531229607846,1531229607840,375679,0.00001063,4091.00000000,1
1531229607872,1531229607868,375680,0.00001064,1531.00000000,0
1531229607889,1531229607884,375681,0.00001064,1894.00000000,0
1531229634161,1531229634156,375682,0.00001063,618.00000000,1
1531229656649,1531229656645,375683,0.00001064,1860.00000000,1
1531229656661,1531229656658,375684,0.00001064,94.00000000,1
1531229688319,1531229688314,375685,0.00001064,1110.00000000,1
1531229688329,1531229688324,375686,0.00001064,1531.00000000,0
1531229688336,1531229688333,375687,0.00001064,1110.00000000,1
1531229733976,1531229733973,375688,0.00001064,2470.00000000,1
1531229733991,1531229733986,375689,0.00001064,1173.00000000,0
1531229734003,1531229733998,375690,0.00001064,1205.00000000,1
1531229734029,1531229734026,375691,0.00001064,1265.00000000,1
1531229786855,1531229786850,375692,0.00001064,631.00000000,1
1531229786881,1531229786878,375693,0.00001064,94.00000000,1
1531229799370,1531229799365,375694,0.00001063,2502.00000000,1
1531229799370,1531229799365,375695,0.00001058,1156.00000000,1
1531229799370,1531229799365,375696,0.00001055,1049.00000000,1
1531229799370,1531229799365,375697,0.00001054,521.00000000,1
1531229799385,1531229799380,375698,0.00001054,4307.00000000,0
1531229799388,1531229799384,375699,0.00001054,4106.00000000,0
1531229799392,1531229799387,375700,0.00001054,3328.00000000,0
1531229799397,1531229799392,375701,0.00001054,3799.00000000,0
1531229799397,1531229799392,375702,0.00001065,1896.00000000,0
1531229799397,1531229799392,375703,0.00001066,1225.00000000,0
1531229799397,1531229799392,375704,0.00001067,450.00000000,0
1531229799397,1531229799392,375705,0.00001068,23.00000000,0
1531229802494,1531229802490,375706,0.00001054,1575.00000000,1
1531229802494,1531229802490,375707,0.00001053,2732.00000000,1
1531229817766,1531229817761,375708,0.00001063,30.00000000,0
1531229820774,1531229820769,375709,0.00001063,1.00000000,0
1531229831497,1531229831493,375710,0.00001063,1544.00000000,0
1531229831497,1531229831493,375711,0.00001064,478.00000000,0
1531229847861,1531229847856,375712,0.00001060,194.00000000,0
1531229853642,1531229853637,375713,0.00001056,192.00000000,1
1531229860882,1531229860877,375714,0.00001057,1433.00000000,0
1531229862504,1531229862498,375715,0.00001058,521.00000000,0
1531229865796,1531229865791,375716,0.00001058,710.00000000,1
1531229897535,1531229897532,375717,0.00001060,993.00000000,1
1531229929022,1531229929018,375718,0.00001060,2843.00000000,1
1531229929043,1531229929039,375719,0.00001060,2617.00000000,1
1531229953150,1531229953146,375720,0.00001061,2423.00000000,1
1531229975921,1531229975916,375721,0.00001062,83.00000000,0
1531229987517,1531229987513,375722,0.00001062,350.00000000,0
1531229988946,1531229988942,375723,0.00001061,2834.00000000,1
1531229993579,1531229993575,375724,0.00001060,7.00000000,1
1531230005465,1531230005460,375725,0.00001065,120.00000000,0
1531230033796,1531230033791,375726,0.00001061,2688.00000000,1
1531230033820,1531230033816,375727,0.00001061,2742.00000000,1
1531230066044,1531230066038,375728,0.00001062,655.00000000,0
1531230066062,1531230066059,375729,0.00001061,2460.00000000,1
1531230066077,1531230066073,375730,0.00001061,443.00000000,1
1531230113414,1531230113410,375731,0.00001062,1948.00000000,1
1531230113428,1531230113423,375732,0.00001062,1675.00000000,0
1531230113447,1531230113442,375733,0.00001062,1948.00000000,1
1531230126711,1531230126706,375734,0.00001061,1980.00000000,1
1531230136007,1531230136002,375735,0.00001062,352.00000000,0
1531230140186,1531230140182,375736,0.00001062,352.00000000,0
1531230147452,1531230147448,375737,0.00001062,2.00000000,0
1531230173727,1531230173722,375738,0.00001062,875.00000000,0
1531230195282,1531230195279,375739,0.00001063,2244.00000000,1
1531230229907,1531230229904,375740,0.00001063,1231.00000000,1
1531230229918,1531230229913,375741,0.00001063,1204.00000000,1
1531230255146,1531230255141,375742,0.00001063,1754.00000000,1
1531230255166,1531230255162,375743,0.00001063,652.00000000,1
1531230288333,1531230288330,375744,0.00001063,1215.00000000,1
1531230288348,1531230288343,375745,0.00001063,2289.00000000,1
1531230306703,1531230306700,375746,0.00001063,2909.00000000,1
1531230306722,1531230306719,375747,0.00001063,714.00000000,1
1531230327681,1531230327676,375748,0.00001063,164.00000000,1
1531230327699,1531230327695,375749,0.00001063,2302.00000000,1
1531230340341,1531230340336,375750,0.00001064,4257.00000000,0
1531230340357,1531230340353,375751,0.00001063,1577.00000000,1
1531230409355,1531230409351,375752,0.00001064,3280.00000000,0
1531230409365,1531230409361,375753,0.00001063,2982.00000000,1
1531230417499,1531230417494,375754,0.00001066,569.00000000,0
1531230419067,1531230419063,375755,0.00001062,450.00000000,1
1531230443298,1531230443293,375756,0.00001066,583.00000000,0
1531230452413,1531230452410,375757,0.00001063,1446.00000000,1
1531230452436,1531230452432,375758,0.00001063,1776.00000000,1
1531230452539,1531230452535,375759,0.00001066,365.00000000,0
1531230506150,1531230506145,375760,0.00001063,2621.00000000,1
1531230506165,1531230506161,375761,0.00001063,1174.00000000,1
1531230554758,1531230554754,375762,0.00001064,961.00000000,1
1531230598964,1531230598962,375763,0.00001063,243.00000000,1
1531230605334,1531230605330,375764,0.00001064,626.00000000,1
1531230605349,1531230605344,375765,0.00001064,2670.00000000,1
1531230622513,1531230622510,375766,0.00001066,243.00000000,0
1531230630941,1531230630938,375767,0.00001065,1155.00000000,0
1531230630957,1531230630953,375768,0.00001064,855.00000000,1
1531230630972,1531230630969,375769,0.00001064,760.00000000,1
1531230671854,1531230671850,375770,0.00001063,227.00000000,1
1531230671854,1531230671850,375771,0.00001062,677.00000000,1
1531230681760,1531230681756,375772,0.00001064,631.00000000,0
1531230681774,1531230681770,375773,0.00001063,445.00000000,1
1531230709249,1531230709245,375774,0.00001063,654.00000000,1
1531230709265,1531230709261,375775,0.00001063,1632.00000000,1
1531230748922,1531230748919,375776,0.00001063,1498.00000000,1
1531230808344,1531230808339,375777,0.00001063,2429.00000000,1
1531230808354,1531230808351,375778,0.00001063,1187.00000000,1
1531230832818,1531230832815,375779,0.00001063,2966.00000000,1
1531230846993,1531230846989,375780,0.00001062,182.00000000,1
1531230890172,1531230890168,375781,0.00001064,2171.00000000,0
1531230890181,1531230890176,375782,0.00001063,1751.00000000,1
1531230930090,1531230930086,375783,0.00001064,3001.00000000,0
1531230930111,1531230930107,375784,0.00001063,1725.00000000,1
1531230974554,1531230974550,375785,0.00001063,194.00000000,1
1531230987036,1531230987032,375786,0.00001064,1596.00000000,1
1531231026860,1531231026855,375787,0.00001064,1760.00000000,1
1531231027339,1531231027335,375788,0.00001065,868.00000000,0
1531231057953,1531231057949,375789,0.00001066,1821.00000000,1
1531231057963,1531231057958,375790,0.00001066,2585.00000000,0
1531231057977,1531231057972,375791,0.00001066,1821.00000000,1
1531231059128,1531231059124,375792,0.00001065,1191.00000000,1
1531231082056,1531231082051,375793,0.00001067,1503.00000000,0
1531231083965,1531231083960,375794,0.00001067,1111.00000000,0
1531231083965,1531231083960,375795,0.00001069,2452.00000000,0
1531231083965,1531231083960,375796,0.00001070,13928.00000000,0
1531231083987,1531231083983,375797,0.00001070,1379.00000000,1
1531231086800,1531231086796,375798,0.00001066,739.00000000,1
1531231086820,1531231086817,375799,0.00001066,2304.00000000,1
1531231124801,1531231124797,375800,0.00001067,1377.00000000,0
1531231124818,1531231124814,375801,0.00001066,1111.00000000,1
1531231168043,1531231168039,375802,0.00001068,859.00000000,0
1531231168052,1531231168047,375803,0.00001066,2810.00000000,1
1531231168066,1531231168062,375804,0.00001066,361.00000000,1
1531231171505,1531231171500,375805,0.00001070,1215.00000000,0
1531231171563,1531231171558,375806,0.00001070,1205.00000000,1
1531231171689,1531231171685,375807,0.00001070,3910.00000000,1
1531231171703,1531231171699,375808,0.00001070,1395.00000000,1
1531231184300,1531231184296,375809,0.00001070,220.00000000,1
1531231185095,1531231185091,375810,0.00001070,449.00000000,1
1531231195848,1531231195844,375811,0.00001070,220.00000000,1
1531231261213,1531231261209,375812,0.00001070,1496.00000000,1
1531231293072,1531231293067,375813,0.00001070,420.00000000,1
1531231357210,1531231357206,375814,0.00001071,20.00000000,0
1531231437840,1531231437838,375815,0.00001071,6.00000000,0
