event_time,trade_time,trade_id,price,quantity,maker
1531210365391,1531210365386,2177747,0.00001255,96.00000000,0
1531210365574,1531210365574,2177748,0.00001254,4592.00000000,1
1531210365598,1531210365594,2177749,0.00001253,4454.00000000,1
1531210368572,1531210368567,2177750,0.00001254,2067.00000000,1
1531210369595,1531210369592,2177751,0.00001254,1031.00000000,1
1531210370576,1531210370572,2177752,0.00001254,514.00000000,1
1531210371574,1531210371569,2177753,0.00001254,257.00000000,1
1531210372563,1531210372560,2177754,0.00001254,129.00000000,1
1531210413716,1531210413712,2177755,0.00001255,18674.00000000,0
1531210416478,1531210416475,2177756,0.00001254,5857.00000000,0
1531210416578,1531210416575,2177757,0.00001253,2860.00000000,1
1531210433043,1531210433037,2177758,0.00001254,2748.00000000,0
1531210437285,1531210437282,2177759,0.00001254,1374.00000000,0
1531210441461,1531210441458,2177760,0.00001254,687.00000000,0
1531210445127,1531210445123,2177761,0.00001254,344.00000000,0
1531210448835,1531210448830,2177762,0.00001254,172.00000000,0
1531210452708,1531210452702,2177763,0.00001254,86.00000000,0
1531210474788,1531210474783,2177764,0.00001253,6177.00000000,1
1531210476948,1531210476943,2177765,0.00001253,3227.00000000,0
1531210478194,1531210478189,2177766,0.00001253,4454.00000000,0
1531210481378,1531210481373,2177767,0.00001253,4454.00000000,0
1531210485073,1531210485069,2177768,0.00001253,1266.00000000,0
1531210485574,1531210485570,2177769,0.00001254,6326.00000000,1
1531210486593,1531210486590,2177770,0.00001254,3604.00000000,1
1531210487267,1531210487262,2177771,0.00001254,1801.00000000,0
1531210487582,1531210487578,2177772,0.00001253,3188.00000000,1
1531210492260,1531210492255,2177773,0.00001254,4906.00000000,0
1531210494593,1531210494589,2177774,0.00001253,5356.00000000,1
1531210496591,1531210496587,2177775,0.00001253,5132.00000000,1
1531210499576,1531210499572,2177776,0.00001253,4793.00000000,1
1531210502473,1531210502468,2177777,0.00001254,6092.00000000,0
1531210503585,1531210503580,2177778,0.00001254,84.00000000,1
1531210508591,1531210508588,2177779,0.00001254,3172.00000000,1
1531210509592,1531210509587,2177780,0.00001254,1586.00000000,1
1531210510586,1531210510582,2177781,0.00001254,794.00000000,1
1531210511580,1531210511576,2177782,0.00001254,396.00000000,1
1531210514560,1531210514555,2177783,0.00001254,197.00000000,1
1531210515595,1531210515592,2177784,0.00001253,4454.00000000,1
1531210519583,1531210519577,2177785,0.00001253,494.00000000,1
1531210522992,1531210522987,2177786,0.00001254,8694.00000000,0
1531210535869,1531210535865,2177787,0.00001254,3609.00000000,0
1531210538588,1531210538584,2177788,0.00001254,18672.00000000,1
1531210597395,1531210597390,2177789,0.00001252,3611.00000000,1
1531210597594,1531210597589,2177790,0.00001251,638.00000000,1
1531210601252,1531210601248,2177791,0.00001251,1805.00000000,0
1531210602118,1531210602114,2177792,0.00001251,264.00000000,0
1531210605264,1531210605258,2177793,0.00001251,3543.00000000,0
1531210609265,1531210609259,2177794,0.00001251,711.00000000,0
1531210613276,1531210613272,2177795,0.00001251,2259.00000000,0
1531210617286,1531210617282,2177796,0.00001251,1130.00000000,0
1531210618591,1531210618587,2177797,0.00001251,565.00000000,0
1531210619586,1531210619582,2177798,0.00001251,282.00000000,0
1531210620599,1531210620582,2177799,0.00001251,141.00000000,0
1531210673734,1531210673729,2177800,0.00001250,1807.00000000,1
1531210673734,1531210673729,2177801,0.00001249,3944.00000000,1
1531210673734,1531210673729,2177802,0.00001248,4501.00000000,1
1531210673734,1531210673729,2177803,0.00001247,20854.00000000,1
1531210673734,1531210673729,2177804,0.00001246,5780.00000000,1
1531210680805,1531210680800,2177805,0.00001247,83.00000000,1
1531210689482,1531210689478,2177806,0.00001249,974.00000000,0
1531210690587,1531210690583,2177807,0.00001249,529.00000000,0
1531210691591,1531210691585,2177808,0.00001249,4454.00000000,0
1531210692586,1531210692582,2177809,0.00001249,264.00000000,0
1531210693594,1531210693590,2177810,0.00001249,132.00000000,0
1531210694595,1531210694590,2177811,0.00001249,4454.00000000,0
1531210697597,1531210697594,2177812,0.00001249,4454.00000000,0
1531210720098,1531210720093,2177813,0.00001248,81.00000000,1
1531210737054,1531210737050,2177814,0.00001250,95.00000000,0
1531210745159,1531210745153,2177815,0.00001248,17189.00000000,1
1531210756357,1531210756353,2177816,0.00001248,3025.00000000,1
1531210758994,1531210758990,2177817,0.00001249,9746.00000000,0
1531210777640,1531210777635,2177818,0.00001248,916.00000000,1
1531210817290,1531210817286,2177819,0.00001248,4291.00000000,1
1531210844305,1531210844302,2177820,0.00001249,1126.00000000,0
1531210896960,1531210896955,2177821,0.00001249,1.00000000,0
1531210943156,1531210943151,2177822,0.00001249,1987.00000000,0
1531210943156,1531210943151,2177823,0.00001250,4613.00000000,0
1531210946188,1531210946184,2177824,0.00001250,3293.00000000,1
1531210946575,1531210946570,2177825,0.00001250,4454.00000000,1
1531210949444,1531210949439,2177826,0.00001250,4454.00000000,1
1531210950189,1531210950183,2177827,0.00001250,3164.00000000,1
1531210962268,1531210962263,2177828,0.00001250,3164.00000000,1
1531211021179,1531211021173,2177829,0.00001251,3379.00000000,0
1531211021181,1531211021175,2177830,0.00001251,3379.00000000,0
1531211021181,1531211021176,2177831,0.00001251,1190.00000000,0
1531211021822,1531211021818,2177832,0.00001251,3379.00000000,1
1531211021997,1531211021992,2177833,0.00001252,1361.00000000,0
1531211021997,1531211021992,2177834,0.00001254,636.00000000,0
1531211021997,1531211021992,2177835,0.00001255,4035.00000000,0
1531211022393,1531211022389,2177836,0.00001251,4383.00000000,1
1531211022792,1531211022789,2177837,0.00001252,1190.00000000,1
1531211024281,1531211024276,2177838,0.00001253,5952.00000000,1
1531211024486,1531211024480,2177839,0.00001250,638.00000000,1
1531211024486,1531211024480,2177840,0.00001249,1549.00000000,1
1531211024600,1531211024597,2177841,0.00001251,230.00000000,1
1531211025621,1531211025617,2177842,0.00001251,4569.00000000,1
1531211036968,1531211036963,2177843,0.00001252,18836.00000000,0
1531211040104,1531211040099,2177844,0.00001252,2700.00000000,1
1531211040359,1531211040353,2177845,0.00001252,1349.00000000,0
1531211043611,1531211043606,2177846,0.00001252,2163.00000000,0
1531211043640,1531211043636,2177847,0.00001252,2366.00000000,0
1531211044202,1531211044197,2177848,0.00001252,1185.00000000,0
1531211057630,1531211057626,2177849,0.00001252,471.00000000,0
1531211066704,1531211066700,2177850,0.00001252,3818.00000000,0
1531211066704,1531211066700,2177851,0.00001253,4454.00000000,0
1531211085833,1531211085826,2177852,0.00001252,2911.00000000,0
1531211088606,1531211088602,2177853,0.00001253,5526.00000000,0
1531211088637,1531211088633,2177854,0.00001254,471.00000000,0
1531211089612,1531211089608,2177855,0.00001254,536.00000000,0
1531211106765,1531211106760,2177856,0.00001253,4051.00000000,0
1531211107608,1531211107607,2177857,0.00001254,4588.00000000,0
1531211107631,1531211107627,2177858,0.00001255,27824.00000000,0
1531211107661,1531211107656,2177859,0.00001255,7373.00000000,0
1531211107661,1531211107656,2177860,0.00001256,2247.00000000,0
1531211109618,1531211109614,2177861,0.00001257,1185.00000000,0
1531211109647,1531211109642,2177862,0.00001258,81.00000000,0
1531211109921,1531211109919,2177863,0.00001255,4454.00000000,1
1531211113623,1531211113618,2177864,0.00001256,6748.00000000,0
1531211118609,1531211118604,2177865,0.00001256,3380.00000000,1
1531211122637,1531211122632,2177866,0.00001256,3205.00000000,1
1531211126116,1531211126112,2177867,0.00001256,506.00000000,1
1531211127637,1531211127633,2177868,0.00001255,6972.00000000,1
1531211131633,1531211131628,2177869,0.00001255,5715.00000000,1
1531211156177,1531211156173,2177870,0.00001255,3545.00000000,1
1531211169641,1531211169636,2177871,0.00001256,4693.00000000,0
1531211169671,1531211169667,2177872,0.00001257,4454.00000000,0
1531211172633,1531211172628,2177873,0.00001256,4236.00000000,0
1531211174233,1531211174228,2177874,0.00001256,115.00000000,0
1531211229723,1531211229719,2177875,0.00001256,2003.00000000,0
1531211251969,1531211251966,2177876,0.00001257,500.00000000,0
1531211259966,1531211259963,2177877,0.00001257,5513.00000000,0
1531211267781,1531211267778,2177878,0.00001257,4983.00000000,0
1531211272885,1531211272884,2177879,0.00001257,2667.00000000,1
1531211294961,1531211294957,2177880,0.00001258,4719.00000000,0
1531211298647,1531211298641,2177881,0.00001258,4454.00000000,1
1531211299082,1531211299076,2177882,0.00001258,3163.00000000,1
1531211301798,1531211301793,2177883,0.00001258,4138.00000000,1
1531211302876,1531211302874,2177884,0.00001258,2079.00000000,1
1531211306581,1531211306576,2177885,0.00001258,160.00000000,1
1531211324142,1531211324137,2177886,0.00001258,2338.00000000,1
1531211324768,1531211324763,2177887,0.00001258,1053.00000000,1
1531211324979,1531211324975,2177888,0.00001259,4000.00000000,0
1531211334404,1531211334399,2177889,0.00001258,291.00000000,1
1531211339411,1531211339407,2177890,0.00001258,3244.00000000,1
1531211350949,1531211350945,2177891,0.00001257,5997.00000000,1
1531211351038,1531211351034,2177892,0.00001257,3028.00000000,1
1531211352671,1531211352668,2177893,0.00001257,4454.00000000,1
1531211355644,1531211355640,2177894,0.00001257,4454.00000000,1
1531211356642,1531211356639,2177895,0.00001257,916.00000000,1
1531211359641,1531211359637,2177896,0.00001257,4912.00000000,1
1531211362091,1531211362086,2177897,0.00001256,4454.00000000,1
1531211362116,1531211362112,2177898,0.00001256,553.00000000,0
1531211362654,1531211362649,2177899,0.00001255,228.00000000,1
1531211364667,1531211364662,2177900,0.00001255,2619.00000000,1
1531211365428,1531211365424,2177901,0.00001256,1967.00000000,0
1531211365673,1531211365673,2177902,0.00001256,2487.00000000,1
1531211367813,1531211367808,2177903,0.00001255,1310.00000000,1
1531211368877,1531211368873,2177904,0.00001255,4454.00000000,1
1531211370669,1531211370665,2177905,0.00001255,1639.00000000,1
1531211371808,1531211371805,2177906,0.00001255,5274.00000000,1
1531211373805,1531211373800,2177907,0.00001255,409.00000000,1
1531211375657,1531211375652,2177908,0.00001255,206.00000000,1
1531211379820,1531211379817,2177909,0.00001255,102.00000000,1
1531211407863,1531211407859,2177910,0.00001256,9364.00000000,0
1531211409907,1531211409904,2177911,0.00001255,458.00000000,1
1531211412653,1531211412649,2177912,0.00001255,2508.00000000,1
1531211419058,1531211419055,2177913,0.00001256,9152.00000000,0
1531211424314,1531211424309,2177914,0.00001256,3832.00000000,0
1531211428036,1531211428032,2177915,0.00001256,6370.00000000,0
1531211440698,1531211440693,2177916,0.00001255,5479.00000000,1
1531211441696,1531211441693,2177917,0.00001255,5740.00000000,1
1531211444690,1531211444686,2177918,0.00001255,2871.00000000,1
1531211445821,1531211445821,2177919,0.00001255,5888.00000000,1
1531211446841,1531211446835,2177920,0.00001255,718.00000000,1
1531211448820,1531211448818,2177921,0.00001255,358.00000000,1
1531211449672,1531211449667,2177922,0.00001255,179.00000000,1
1531211451817,1531211451811,2177923,0.00001255,90.00000000,1
1531211452823,1531211452818,2177924,0.00001254,5946.00000000,1
1531211453864,1531211453861,2177925,0.00001253,6913.00000000,1
1531211456691,1531211456687,2177926,0.00001254,4454.00000000,1
1531211459844,1531211459840,2177927,0.00001253,1184.00000000,1
1531211464144,1531211464139,2177928,0.00001254,958.00000000,1
1531211464946,1531211464942,2177929,0.00001254,3496.00000000,1
1531211466850,1531211466846,2177930,0.00001253,4978.00000000,1
1531211468862,1531211468858,2177931,0.00001252,261.00000000,1
1531211470705,1531211470700,2177932,0.00001253,4587.00000000,1
1531211472708,1531211472705,2177933,0.00001252,4454.00000000,1
1531211475848,1531211475845,2177934,0.00001252,4454.00000000,1
1531211513262,1531211513258,2177935,0.00001251,604.00000000,1
1531211513290,1531211513286,2177936,0.00001251,97.00000000,0
1531211513313,1531211513309,2177937,0.00001251,2210.00000000,0
1531211514593,1531211514587,2177938,0.00001252,2419.00000000,0
1531211521466,1531211521461,2177939,0.00001252,322.00000000,0
1531211533987,1531211533981,2177940,0.00001252,3.00000000,0
1531211539428,1531211539423,2177941,0.00001252,569.00000000,0
1531211574782,1531211574776,2177942,0.00001252,3374.00000000,0
1531211590074,1531211590070,2177943,0.00001252,18698.00000000,1
1531211590343,1531211590339,2177944,0.00001251,165.00000000,0
1531211590362,1531211590359,2177945,0.00001251,1509.00000000,0
1531211591722,1531211591718,2177946,0.00001251,2128.00000000,0
1531211593491,1531211593487,2177947,0.00001250,1509.00000000,1
1531211595740,1531211595734,2177948,0.00001251,3337.00000000,0
1531211631979,1531211631976,2177949,0.00001251,269.00000000,0
1531211635880,1531211635875,2177950,0.00001251,9818.00000000,1
1531211836036,1531211836032,2177951,0.00001251,9797.00000000,0
1531211879875,1531211879872,2177952,0.00001251,5021.00000000,0
1531211958758,1531211958753,2177953,0.00001252,6708.00000000,0
1531211960581,1531211960578,2177954,0.00001252,4454.00000000,1
1531211960736,1531211960731,2177955,0.00001252,3206.00000000,1
1531211963432,1531211963428,2177956,0.00001252,4454.00000000,1
1531212058487,1531212058483,2177957,0.00001253,329.00000000,0
1531212061089,1531212061083,2177958,0.00001252,1204.00000000,1
1531212076778,1531212076777,2177959,0.00001253,1.00000000,0
1531212111143,1531212111139,2177960,0.00001252,258.00000000,1
1531212115503,1531212115499,2177961,0.00001252,147.00000000,1
1531212130942,1531212130937,2177962,0.00001252,2636.00000000,1
1531212130942,1531212130937,2177963,0.00001251,10967.00000000,1
1531212132776,1531212132770,2177964,0.00001252,1520.00000000,1
1531212134765,1531212134757,2177965,0.00001252,761.00000000,1
1531212135757,1531212135754,2177966,0.00001252,380.00000000,1
1531212136772,1531212136769,2177967,0.00001252,189.00000000,1
1531212137780,1531212137776,2177968,0.00001252,95.00000000,1
1531212157213,1531212157209,2177969,0.00001251,5409.00000000,1
1531212185195,1531212185190,2177970,0.00001251,4454.00000000,1
1531212185224,1531212185219,2177971,0.00001251,1079.00000000,0
1531212187798,1531212187795,2177972,0.00001250,1549.00000000,1
1531212189471,1531212189466,2177973,0.00001251,4454.00000000,0
1531212272006,1531212272004,2177974,0.00001251,2.00000000,0
1531212307219,1531212307213,2177975,0.00001249,12370.00000000,1
1531212307805,1531212307801,2177976,0.00001248,639.00000000,1
1531212315810,1531212315807,2177977,0.00001248,155.00000000,1
1531212318808,1531212318804,2177978,0.00001248,118.00000000,1
1531212320754,1531212320751,2177979,0.00001249,100.00000000,0
1531212322960,1531212322956,2177980,0.00001249,117.00000000,0
1531212328537,1531212328532,2177981,0.00001247,100.00000000,1
1531212328537,1531212328532,2177982,0.00001246,2615.00000000,1
1531212374621,1531212374616,2177983,0.00001247,243.00000000,1
1531212421318,1531212421314,2177984,0.00001247,5461.00000000,1
1531212425800,1531212425795,2177985,0.00001247,3164.00000000,0
1531212430125,1531212430121,2177986,0.00001246,5460.00000000,1
1531212432703,1531212432699,2177987,0.00001247,12877.00000000,0
1531212573782,1531212573778,2177988,0.00001246,88.00000000,1
1531212583787,1531212583783,2177989,0.00001246,256.00000000,1
1531212591090,1531212591086,2177990,0.00001246,510.00000000,0
1531212594647,1531212594642,2177991,0.00001246,256.00000000,0
1531212599637,1531212599632,2177992,0.00001245,550.00000000,1
1531212599637,1531212599632,2177993,0.00001245,6098.00000000,1
1531212610451,1531212610447,2177994,0.00001245,175.00000000,1
1531212611495,1531212611491,2177995,0.00001245,217.00000000,1
1531212611495,1531212611491,2177996,0.00001244,4493.00000000,1
1531212611495,1531212611491,2177997,0.00001243,93.00000000,1
1531212613779,1531212613776,2177998,0.00001244,5090.00000000,0
1531212618389,1531212618385,2177999,0.00001243,82.00000000,1
1531212638608,1531212638602,2178000,0.00001243,305.00000000,1
1531212638608,1531212638602,2178001,0.00001242,474.00000000,1
1531212640529,1531212640524,2178002,0.00001243,619.00000000,1
1531212640529,1531212640524,2178003,0.00001242,177.00000000,1
1531212641792,1531212641790,2178004,0.00001243,309.00000000,1
1531212647786,1531212647780,2178005,0.00001243,6539.00000000,0
1531212647815,1531212647809,2178006,0.00001244,4474.00000000,0
1531212648841,1531212648836,2178007,0.00001242,765.00000000,1
1531212650468,1531212650465,2178008,0.00001242,4698.00000000,1
1531212654906,1531212654901,2178009,0.00001244,22.00000000,0
1531212654930,1531212654926,2178010,0.00001244,39.00000000,0
1531212655050,1531212655044,2178011,0.00001243,26.00000000,0
1531212655153,1531212655149,2178012,0.00001243,27.00000000,0
1531212655187,1531212655183,2178013,0.00001243,51.00000000,0
1531212655252,1531212655248,2178014,0.00001243,102.00000000,0
1531212655446,1531212655441,2178015,0.00001243,63.00000000,0
1531212655503,1531212655499,2178016,0.00001243,46.00000000,0
1531212655545,1531212655540,2178017,0.00001243,92.00000000,0
1531212655552,1531212655548,2178018,0.00001243,49.00000000,0
1531212655750,1531212655746,2178019,0.00001243,49.00000000,0
1531212655814,1531212655810,2178020,0.00001243,32.00000000,0
1531212655849,1531212655844,2178021,0.00001243,48.00000000,0
1531212655917,1531212655912,2178022,0.00001243,41.00000000,0
1531212656000,1531212655997,2178023,0.00001243,49.00000000,0
1531212656042,1531212656038,2178024,0.00001243,164.00000000,0
1531212656192,1531212656187,2178025,0.00001243,45.00000000,0
1531212656338,1531212656333,2178026,0.00001243,93.00000000,0
1531212656397,1531212656394,2178027,0.00001243,107.00000000,0
1531212656511,1531212656506,2178028,0.00001243,41.00000000,0
1531212656661,1531212656657,2178029,0.00001243,53.00000000,0
1531212656759,1531212656755,2178030,0.00001243,48.00000000,0
1531212656778,1531212656771,2178031,0.00001243,41.00000000,0
1531212656786,1531212656783,2178032,0.00001243,2520.00000000,0
1531212656837,1531212656832,2178033,0.00001244,146.00000000,0
1531212656849,1531212656844,2178034,0.00001244,53.00000000,0
1531212656955,1531212656950,2178035,0.00001244,38.00000000,0
1531212656995,1531212656990,2178036,0.00001244,41.00000000,0
1531212657064,1531212657062,2178037,0.00001244,67.00000000,0
1531212657140,1531212657133,2178038,0.00001244,41.00000000,0
1531212657251,1531212657246,2178039,0.00001244,22.00000000,0
1531212657275,1531212657272,2178040,0.00001244,52.00000000,0
1531212657360,1531212657355,2178041,0.00001244,39.00000000,0
1531212657401,1531212657397,2178042,0.00001244,61.00000000,0
1531212657787,1531212657784,2178043,0.00001243,3643.00000000,0
1531212658816,1531212658812,2178044,0.00001243,1822.00000000,0
1531212672579,1531212672575,2178045,0.00001245,5385.00000000,0
1531212673998,1531212673994,2178046,0.00001246,1675.00000000,1
1531212673998,1531212673994,2178047,0.00001245,2799.00000000,1
1531212676761,1531212676758,2178048,0.00001246,589.00000000,1
1531212676770,1531212676766,2178049,0.00001246,250.00000000,1
1531212677057,1531212677051,2178050,0.00001247,698.00000000,0
1531212678065,1531212678061,2178051,0.00001246,4474.00000000,1
1531212679799,1531212679796,2178052,0.00001246,589.00000000,1
1531212682531,1531212682526,2178053,0.00001246,2953.00000000,1
1531212691316,1531212691312,2178054,0.00001246,740.00000000,1
1531212733464,1531212733461,2178055,0.00001246,735.00000000,1
1531212733464,1531212733461,2178056,0.00001245,8297.00000000,1
1531212791116,1531212791111,2178057,0.00001246,738.00000000,1
1531212791116,1531212791111,2178058,0.00001245,3219.00000000,1
1531212795796,1531212795792,2178059,0.00001245,4842.00000000,1
1531212795825,1531212795822,2178060,0.00001244,154.00000000,1
1531212796792,1531212796790,2178061,0.00001244,184.00000000,1
1531212835005,1531212835000,2178062,0.00001246,2431.00000000,0
1531212843782,1531212843778,2178063,0.00001245,2431.00000000,0
1531212864433,1531212864430,2178064,0.00001245,455.00000000,0
1531212870166,1531212870162,2178065,0.00001246,2429.00000000,0
1531212873464,1531212873459,2178066,0.00001245,2429.00000000,1
1531212877895,1531212877892,2178067,0.00001246,2427.00000000,0
1531212880508,1531212880502,2178068,0.00001245,2427.00000000,1
1531212880624,1531212880619,2178069,0.00001246,5000.00000000,0
1531212881803,1531212881799,2178070,0.00001245,853.00000000,1
1531212882792,1531212882787,2178071,0.00001245,4216.00000000,1
1531212892396,1531212892392,2178072,0.00001245,2427.00000000,0
1531212895086,1531212895082,2178073,0.00001244,2427.00000000,1
1531212898984,1531212898980,2178074,0.00001245,3294.00000000,0
1531212901271,1531212901268,2178075,0.00001245,2425.00000000,0
1531212903773,1531212903768,2178076,0.00001244,2425.00000000,1
1531212911313,1531212911309,2178077,0.00001245,2423.00000000,0
1531212914340,1531212914336,2178078,0.00001244,2423.00000000,1
1531212918381,1531212918378,2178079,0.00001245,2421.00000000,0
1531212920781,1531212920777,2178080,0.00001244,2421.00000000,1
1531212928259,1531212928256,2178081,0.00001245,117.00000000,0
1531212936051,1531212936047,2178082,0.00001244,99.00000000,1
1531212936051,1531212936047,2178083,0.00001243,954.00000000,1
1531212936051,1531212936047,2178084,0.00001242,5918.00000000,1
1531212957920,1531212957915,2178085,0.00001243,78.00000000,1
1531212959560,1531212959556,2178086,0.00001243,78.00000000,1
1531213000360,1531213000355,2178087,0.00001245,1971.00000000,0
1531213004888,1531213004885,2178088,0.00001245,490.00000000,0
1531213006893,1531213006889,2178089,0.00001245,163.00000000,0
1531213037216,1531213037210,2178090,0.00001245,109.00000000,0
1531213074019,1531213074016,2178091,0.00001245,474.00000000,0
1531213080306,1531213080300,2178092,0.00001244,1459.00000000,1
1531213180774,1531213180769,2178093,0.00001245,945.00000000,0
1531213185733,1531213185729,2178094,0.00001245,2289.00000000,0
1531213221751,1531213221747,2178095,0.00001244,2270.00000000,1
1531213223803,1531213223798,2178096,0.00001244,3165.00000000,0
1531213223823,1531213223818,2178097,0.00001244,562.00000000,0
1531213224011,1531213224005,2178098,0.00001244,562.00000000,0
1531213282821,1531213282816,2178099,0.00001245,8783.00000000,0
1531213286026,1531213286021,2178100,0.00001245,4474.00000000,1
1531213307081,1531213307077,2178101,0.00001246,7083.00000000,0
1531213308089,1531213308084,2178102,0.00001246,3294.00000000,1
1531213310509,1531213310506,2178103,0.00001246,4474.00000000,1
1531213312088,1531213312083,2178104,0.00001246,3164.00000000,1
1531213313574,1531213313570,2178105,0.00001247,15262.00000000,0
1531213314016,1531213314012,2178106,0.00001246,4474.00000000,1
1531213316003,1531213315999,2178107,0.00001248,345.00000000,0
1531213319832,1531213319828,2178108,0.00001247,5008.00000000,0
1531213320498,1531213320493,2178109,0.00001248,250.00000000,1
1531213320606,1531213320603,2178110,0.00001248,250.00000000,1
1531213323763,1531213323759,2178111,0.00001248,4474.00000000,0
1531213323763,1531213323759,2178112,0.00001252,94.00000000,0
1531213323763,1531213323759,2178113,0.00001253,2705.00000000,0
1531213324122,1531213324117,2178114,0.00001247,4752.00000000,1
1531213332824,1531213332818,2178115,0.00001249,239.00000000,1
1531213336163,1531213336157,2178116,0.00001249,3474.00000000,1
1531213340165,1531213340160,2178117,0.00001249,2414.00000000,1
1531213344196,1531213344190,2178118,0.00001249,3207.00000000,1
1531213350508,1531213350504,2178119,0.00001250,119.00000000,0
1531213352167,1531213352164,2178120,0.00001249,3293.00000000,1
1531213358068,1531213358063,2178121,0.00001249,723.00000000,1
1531213366000,1531213365996,2178122,0.00001249,589.00000000,0
1531213393769,1531213393763,2178123,0.00001248,661.00000000,1
1531213503609,1531213503605,2178124,0.00001248,816.00000000,1
1531213520865,1531213520860,2178125,0.00001248,5039.00000000,1
1531213523868,1531213523863,2178126,0.00001248,4677.00000000,1
1531213527874,1531213527869,2178127,0.00001248,4576.00000000,1
1531213535697,1531213535693,2178128,0.00001248,117.00000000,0
1531213588569,1531213588564,2178129,0.00001247,88.00000000,1
1531213617818,1531213617815,2178130,0.00001247,2426.00000000,1
1531213711283,1531213711278,2178131,0.00001247,4474.00000000,1
1531213713160,1531213713156,2178132,0.00001247,4474.00000000,0
1531213715675,1531213715670,2178133,0.00001247,4474.00000000,0
1531213736185,1531213736179,2178134,0.00001246,393.00000000,1
1531213771385,1531213771381,2178135,0.00001248,4000.00000000,0
1531213773406,1531213773402,2178136,0.00001248,5552.00000000,0
1531213775019,1531213775015,2178137,0.00001248,4474.00000000,1
1531213775805,1531213775801,2178138,0.00001249,4.00000000,0
1531213777263,1531213777256,2178139,0.00001248,3383.00000000,1
1531213966077,1531213966074,2178140,0.00001249,11293.00000000,0
1531213979733,1531213979728,2178141,0.00001249,6729.00000000,0
1531213982348,1531213982343,2178142,0.00001249,4474.00000000,1
1531213999204,1531213999200,2178143,0.00001250,6347.00000000,0
1531214001847,1531214001843,2178144,0.00001249,3249.00000000,1
1531214029298,1531214029293,2178145,0.00001250,4761.00000000,0
1531214035581,1531214035576,2178146,0.00001250,7064.00000000,0
1531214039032,1531214039027,2178147,0.00001251,4474.00000000,1
1531214041942,1531214041939,2178148,0.00001251,1580.00000000,1
1531214050354,1531214050348,2178149,0.00001250,61.00000000,1
1531214050843,1531214050839,2178150,0.00001250,39.00000000,1
1531214051252,1531214051247,2178151,0.00001250,162.00000000,1
1531214052134,1531214052130,2178152,0.00001250,52.00000000,1
1531214052336,1531214052332,2178153,0.00001250,48.00000000,1
1531214052816,1531214052812,2178154,0.00001250,49.00000000,1
1531214053425,1531214053420,2178155,0.00001250,22.00000000,1
1531214053906,1531214053900,2178156,0.00001250,22.00000000,1
1531214054347,1531214054342,2178157,0.00001250,49.00000000,1
1531214054729,1531214054724,2178158,0.00001250,41.00000000,1
1531214055284,1531214055280,2178159,0.00001250,46.00000000,1
1531214055939,1531214055936,2178160,0.00001250,49.00000000,1
1531214056664,1531214056660,2178161,0.00001250,41.00000000,1
1531214057094,1531214057090,2178162,0.00001250,164.00000000,1
1531214057408,1531214057400,2178163,0.00001250,45.00000000,1
1531214057945,1531214057940,2178164,0.00001250,41.00000000,1
1531214058420,1531214058417,2178165,0.00001250,51.00000000,1
1531214058913,1531214058909,2178166,0.00001250,93.00000000,1
1531214059470,1531214059466,2178167,0.00001250,102.00000000,1
1531214059817,1531214059813,2178168,0.00001250,26.00000000,1
1531214060688,1531214060684,2178169,0.00001250,27.00000000,1
1531214061195,1531214061191,2178170,0.00001250,107.00000000,1
1531214061728,1531214061725,2178171,0.00001250,53.00000000,1
1531214062399,1531214062395,2178172,0.00001250,41.00000000,1
1531214062772,1531214062768,2178173,0.00001250,41.00000000,1
1531214063216,1531214063214,2178174,0.00001250,67.00000000,1
1531214063728,1531214063725,2178175,0.00001250,146.00000000,1
1531214064249,1531214064247,2178176,0.00001250,39.00000000,1
1531214064604,1531214064600,2178177,0.00001250,63.00000000,1
1531214064985,1531214064980,2178178,0.00001250,48.00000000,1
1531214065656,1531214065652,2178179,0.00001250,53.00000000,1
1531214066982,1531214066978,2178180,0.00001250,38.00000000,1
1531214067516,1531214067512,2178181,0.00001250,92.00000000,1
1531214137354,1531214137348,2178182,0.00001251,7136.00000000,0
1531214171438,1531214171435,2178183,0.00001250,913.00000000,1
1531214171438,1531214171435,2178184,0.00001249,36.00000000,1
1531214200460,1531214200457,2178185,0.00001251,2407.00000000,0
1531214201914,1531214201909,2178186,0.00001250,2759.00000000,1
1531214202229,1531214202224,2178187,0.00001250,1380.00000000,0
1531214214951,1531214214947,2178188,0.00001249,2407.00000000,1
1531214215621,1531214215618,2178189,0.00001249,400.00000000,1
1531214218279,1531214218275,2178190,0.00001250,3260.00000000,0
1531214226707,1531214226703,2178191,0.00001250,2405.00000000,0
1531214229917,1531214229914,2178192,0.00001249,2405.00000000,1
1531214233361,1531214233358,2178193,0.00001250,2403.00000000,0
1531214236091,1531214236087,2178194,0.00001249,2403.00000000,1
1531214238861,1531214238857,2178195,0.00001250,2401.00000000,0
1531214242012,1531214242006,2178196,0.00001249,2401.00000000,1
1531214242817,1531214242813,2178197,0.00001250,3123.00000000,0
1531214247043,1531214247037,2178198,0.00001251,2398.00000000,0
1531214250441,1531214250436,2178199,0.00001250,3230.00000000,1
1531214257688,1531214257684,2178200,0.00001250,2033.00000000,1
1531214257903,1531214257899,2178201,0.00001250,1016.00000000,0
1531214263411,1531214263407,2178202,0.00001250,9427.00000000,0
1531214282237,1531214282233,2178203,0.00001251,2396.00000000,0
1531214284765,1531214284761,2178204,0.00001250,2396.00000000,1
1531214288406,1531214288401,2178205,0.00001251,2394.00000000,0
1531214290988,1531214290984,2178206,0.00001250,2394.00000000,1
1531214298141,1531214298138,2178207,0.00001251,2392.00000000,0
1531214301257,1531214301252,2178208,0.00001250,2392.00000000,1
1531214305648,1531214305644,2178209,0.00001251,2390.00000000,0
1531214310200,1531214310196,2178210,0.00001250,2390.00000000,1
1531214324492,1531214324487,2178211,0.00001250,7012.00000000,1
1531214324749,1531214324746,2178212,0.00001249,3957.00000000,0
1531214326546,1531214326543,2178213,0.00001249,375.00000000,0
1531214327687,1531214327682,2178214,0.00001248,945.00000000,1
1531214328303,1531214328298,2178215,0.00001249,3462.00000000,0
1531214378168,1531214378163,2178216,0.00001249,9922.00000000,1
1531214378168,1531214378163,2178217,0.00001248,4832.00000000,1
1531214378168,1531214378163,2178218,0.00001247,7326.00000000,1
1531214378168,1531214378163,2178219,0.00001246,23023.00000000,1
1531214380033,1531214380029,2178220,0.00001247,7201.00000000,1
1531214381060,1531214381055,2178221,0.00001246,6179.00000000,1
1531214382958,1531214382953,2178222,0.00001248,1363.00000000,1
1531214384034,1531214384030,2178223,0.00001248,680.00000000,1
1531214384034,1531214384030,2178224,0.00001247,3794.00000000,1
1531214384962,1531214384957,2178225,0.00001248,341.00000000,1
1531214384983,1531214384979,2178226,0.00001247,680.00000000,1
1531214388034,1531214388032,2178227,0.00001246,171.00000000,1
1531214390183,1531214390179,2178228,0.00001246,623.00000000,1
1531214392838,1531214392832,2178229,0.00001247,117.00000000,0
1531214396964,1531214396961,2178230,0.00001247,1614.00000000,0
1531214401575,1531214401570,2178231,0.00001247,2848.00000000,0
1531214401779,1531214401776,2178232,0.00001247,2848.00000000,0
1531214401978,1531214401972,2178233,0.00001247,535.00000000,0
1531214403611,1531214403606,2178234,0.00001247,698.00000000,0
1531214442997,1531214442994,2178235,0.00001247,2417.00000000,0
1531214443373,1531214443369,2178236,0.00001247,1558.00000000,0
1531214444385,1531214444381,2178237,0.00001247,779.00000000,0
1531214451158,1531214451154,2178238,0.00001247,389.00000000,0
1531214452777,1531214452772,2178239,0.00001247,195.00000000,0
1531214454866,1531214454862,2178240,0.00001247,97.00000000,0
1531214459219,1531214459216,2178241,0.00001248,961.00000000,0
1531214460986,1531214460982,2178242,0.00001248,2846.00000000,0
1531214461179,1531214461175,2178243,0.00001248,667.00000000,0
1531214462689,1531214462685,2178244,0.00001248,1004.00000000,0
1531214475561,1531214475558,2178245,0.00001248,1.00000000,0
1531214476136,1531214476133,2178246,0.00001247,1.00000000,1
1531214476960,1531214476956,2178247,0.00001247,83.00000000,1
1531214518959,1531214518955,2178248,0.00001248,1217.00000000,1
1531214526168,1531214526165,2178249,0.00001248,250.00000000,1
1531214591306,1531214591303,2178250,0.00001249,2240.00000000,0
1531214593549,1531214593545,2178251,0.00001248,1838.00000000,1
1531214621766,1531214621761,2178252,0.00001248,3781.00000000,1
1531214621781,1531214621777,2178253,0.00001247,3781.00000000,1
1531214621797,1531214621793,2178254,0.00001247,83.00000000,1
1531214621809,1531214621805,2178255,0.00001247,610.00000000,1
1531214623288,1531214623283,2178256,0.00001246,1698.00000000,0
1531214625181,1531214625177,2178257,0.00001246,2785.00000000,0
1531214625181,1531214625177,2178258,0.00001247,1689.00000000,0
1531214627984,1531214627980,2178259,0.00001246,1392.00000000,0
1531214628296,1531214628291,2178260,0.00001246,696.00000000,1
1531214744621,1531214744616,2178261,0.00001247,3294.00000000,0
1531214749007,1531214749004,2178262,0.00001246,348.00000000,0
1531214750014,1531214750010,2178263,0.00001246,295.00000000,0
1531214750853,1531214750847,2178264,0.00001245,8026.00000000,1
1531214750872,1531214750868,2178265,0.00001245,3443.00000000,0
1531214750880,1531214750876,2178266,0.00001245,206.00000000,0
1531214755015,1531214755012,2178267,0.00001246,87.00000000,0
1531214755628,1531214755624,2178268,0.00001246,1819.00000000,0
1531214756014,1531214756010,2178269,0.00001246,1.00000000,0
1531214756763,1531214756758,2178270,0.00001246,910.00000000,0
1531214757561,1531214757558,2178271,0.00001246,454.00000000,0
1531214758008,1531214758005,2178272,0.00001246,1.00000000,0
1531214759016,1531214759011,2178273,0.00001246,227.00000000,0
1531214760016,1531214760011,2178274,0.00001246,114.00000000,0
1531214808213,1531214808207,2178275,0.00001246,5323.00000000,1
1531214808213,1531214808207,2178276,0.00001245,4031.00000000,1
1531214812939,1531214812935,2178277,0.00001247,7192.00000000,0
1531214813696,1531214813693,2178278,0.00001248,3171.00000000,1
1531214815855,1531214815852,2178279,0.00001248,1294.00000000,1
1531214816981,1531214816977,2178280,0.00001248,3584.00000000,1
1531214819840,1531214819835,2178281,0.00001247,3360.00000000,1
1531214933249,1531214933246,2178282,0.00001247,9926.00000000,1
1531214937176,1531214937171,2178283,0.00001246,5370.00000000,1
1531214937194,1531214937191,2178284,0.00001246,6235.00000000,0
1531214937272,1531214937267,2178285,0.00001246,2850.00000000,0
1531214937524,1531214937520,2178286,0.00001245,260.00000000,0
1531214937593,1531214937590,2178287,0.00001245,6020.00000000,0
1531214940098,1531214940094,2178288,0.00001246,3498.00000000,0
1531214944277,1531214944272,2178289,0.00001246,3207.00000000,0
1531214945044,1531214945041,2178290,0.00001246,1113.00000000,0
1531214947856,1531214947851,2178291,0.00001246,1794.00000000,0
1531214954718,1531214954714,2178292,0.00001246,14418.00000000,1
1531214971035,1531214971032,2178293,0.00001247,5371.00000000,0
1531214998293,1531214998289,2178294,0.00001246,3588.00000000,0
1531214999001,1531214998998,2178295,0.00001246,8465.00000000,1
1531214999012,1531214999008,2178296,0.00001246,6632.00000000,1
1531215001306,1531215001301,2178297,0.00001246,117.00000000,0
1531215002129,1531215002125,2178298,0.00001245,5666.00000000,1
1531215002334,1531215002331,2178299,0.00001245,1341.00000000,1
1531215003876,1531215003873,2178300,0.00001246,662.00000000,0
1531215035076,1531215035073,2178301,0.00001245,5397.00000000,1
1531215035705,1531215035702,2178302,0.00001245,361.00000000,1
1531215036174,1531215036171,2178303,0.00001245,3809.00000000,1
1531215038061,1531215038058,2178304,0.00001245,3644.00000000,0
1531215039068,1531215039064,2178305,0.00001245,4379.00000000,0
1531215039068,1531215039064,2178306,0.00001246,95.00000000,0
1531215039092,1531215039088,2178307,0.00001246,4379.00000000,0
1531215042036,1531215042030,2178308,0.00001246,6663.00000000,0
1531215044749,1531215044744,2178309,0.00001247,1906.00000000,1
1531215045052,1531215045048,2178310,0.00001245,1095.00000000,0
1531215045052,1531215045048,2178311,0.00001246,2568.00000000,0
1531215047606,1531215047601,2178312,0.00001247,4474.00000000,1
1531215050626,1531215050621,2178313,0.00001248,4474.00000000,1
1531215051055,1531215051051,2178314,0.00001249,864.00000000,1
1531215057054,1531215057050,2178315,0.00001247,1500.00000000,0
1531215059381,1531215059376,2178316,0.00001246,9498.00000000,1
1531215059464,1531215059456,2178317,0.00001246,2644.00000000,0
1531215059487,1531215059483,2178318,0.00001246,2647.00000000,0
1531215060034,1531215060030,2178319,0.00001245,2649.00000000,0
1531215060068,1531215060064,2178320,0.00001245,2853.00000000,0
1531215060676,1531215060671,2178321,0.00001245,154.00000000,0
1531215061054,1531215061050,2178322,0.00001246,3896.00000000,0
1531215061122,1531215061118,2178323,0.00001245,3209.00000000,1
1531215061930,1531215061926,2178324,0.00001248,4474.00000000,0
1531215062157,1531215062152,2178325,0.00001245,1605.00000000,1
1531215063094,1531215063091,2178326,0.00001245,802.00000000,1
1531215064054,1531215064050,2178327,0.00001246,401.00000000,1
1531215064613,1531215064609,2178328,0.00001247,1134.00000000,1
1531215065050,1531215065045,2178329,0.00001247,3741.00000000,0
1531215067043,1531215067039,2178330,0.00001247,4474.00000000,0
1531215068040,1531215068036,2178331,0.00001247,768.00000000,0
1531215071035,1531215071031,2178332,0.00001247,4858.00000000,0
1531215075051,1531215075048,2178333,0.00001248,2283.00000000,0
1531215084522,1531215084517,2178334,0.00001247,3338.00000000,1
1531215120473,1531215120468,2178335,0.00001248,6492.00000000,0
1531215121257,1531215121253,2178336,0.00001249,2644.00000000,1
1531215124633,1531215124628,2178337,0.00001249,3383.00000000,1
1531215126048,1531215126042,2178338,0.00001249,369.00000000,1
1531215128628,1531215128624,2178339,0.00001249,2235.00000000,1
1531215130329,1531215130324,2178340,0.00001249,1117.00000000,1
1531215130329,1531215130324,2178341,0.00001248,12163.00000000,1
1531215145000,1531215144997,2178342,0.00001248,2394.00000000,0
1531215149055,1531215149050,2178343,0.00001249,560.00000000,1
1531215150052,1531215150048,2178344,0.00001249,917.00000000,1
1531215152045,1531215152040,2178345,0.00001249,457.00000000,1
1531215153050,1531215153046,2178346,0.00001249,228.00000000,1
1531215161099,1531215161095,2178347,0.00001249,114.00000000,1
1531215169539,1531215169535,2178348,0.00001248,4474.00000000,1
1531215171645,1531215171642,2178349,0.00001247,4474.00000000,0
1531215172047,1531215172042,2178350,0.00001247,2617.00000000,0
1531215174810,1531215174807,2178351,0.00001247,3545.00000000,0
1531215176680,1531215176676,2178352,0.00001248,1773.00000000,0
1531215181277,1531215181274,2178353,0.00001247,2280.00000000,1
1531215181537,1531215181533,2178354,0.00001247,7571.00000000,1
1531215184100,1531215184096,2178355,0.00001246,886.00000000,0
1531215184692,1531215184687,2178356,0.00001247,3294.00000000,0
1531215236219,1531215236213,2178357,0.00001247,28108.00000000,0
1531215237845,1531215237841,2178358,0.00001247,1566.00000000,0
1531215243082,1531215243079,2178359,0.00001248,5257.00000000,0
1531215244899,1531215244896,2178360,0.00001249,3164.00000000,1
1531215247083,1531215247078,2178361,0.00001249,858.00000000,1
1531215247083,1531215247078,2178362,0.00001248,3616.00000000,1
1531215247810,1531215247807,2178363,0.00001248,4257.00000000,1
1531215250252,1531215250247,2178364,0.00001249,4474.00000000,1
1531215252499,1531215252495,2178365,0.00001249,262.00000000,1
1531215253089,1531215253085,2178366,0.00001249,4169.00000000,0
1531215260330,1531215260326,2178367,0.00001248,1566.00000000,1
1531215356678,1531215356675,2178368,0.00001249,2811.00000000,1
1531215356679,1531215356675,2178369,0.00001248,8418.00000000,1
1531215357094,1531215357090,2178370,0.00001247,4770.00000000,0
1531215357094,1531215357090,2178371,0.00001248,11360.00000000,0
1531215358104,1531215358100,2178372,0.00001247,3570.00000000,0
1531215361087,1531215361083,2178373,0.00001248,1785.00000000,0
1531215361087,1531215361083,2178374,0.00001249,2689.00000000,0
1531215361108,1531215361104,2178375,0.00001249,1785.00000000,0
1531215365808,1531215365804,2178376,0.00001248,3576.00000000,1
1531215370865,1531215370861,2178377,0.00001248,15957.00000000,0
1531215427352,1531215427346,2178378,0.00001250,18191.00000000,0
1531215428095,1531215428090,2178379,0.00001250,419.00000000,1
1531215484527,1531215484521,2178380,0.00001252,798.00000000,0
1531215489902,1531215489898,2178381,0.00001249,6020.00000000,1
1531215493729,1531215493725,2178382,0.00001249,16318.00000000,0
1531215550934,1531215550930,2178383,0.00001250,1864.00000000,0
1531215979272,1531215979268,2178384,0.00001250,1864.00000000,1
1531216003804,1531216003800,2178385,0.00001250,8438.00000000,1
1531216004282,1531216004276,2178386,0.00001252,932.00000000,0
1531216004282,1531216004276,2178387,0.00001253,7166.00000000,0
1531216004545,1531216004541,2178388,0.00001251,553.00000000,1
1531216004545,1531216004542,2178389,0.00001253,10582.00000000,0
1531216004984,1531216004980,2178390,0.00001251,2544.00000000,1
1531216005493,1531216005490,2178391,0.00001254,2544.00000000,0
1531216010262,1531216010258,2178392,0.00001251,250.00000000,1
1531216010976,1531216010970,2178393,0.00001251,5606.00000000,1
1531216040372,1531216040368,2178394,0.00001252,8364.00000000,0
1531216042906,1531216042901,2178395,0.00001252,3164.00000000,1
1531216075885,1531216075881,2178396,0.00001252,9827.00000000,1
1531216081022,1531216081017,2178397,0.00001252,1395.00000000,1
1531216081134,1531216081130,2178398,0.00001251,4498.00000000,1
1531216081165,1531216081160,2178399,0.00001250,45638.00000000,1
1531216081183,1531216081179,2178400,0.00001248,639.00000000,1
1531216084510,1531216084506,2178401,0.00001249,4338.00000000,0
1531216084510,1531216084506,2178402,0.00001250,160.00000000,0
1531216086548,1531216086545,2178403,0.00001249,4261.00000000,0
1531216086548,1531216086545,2178404,0.00001250,237.00000000,0
1531216090158,1531216090153,2178405,0.00001249,5199.00000000,1
1531216094521,1531216094517,2178406,0.00001248,2131.00000000,0
1531216094521,1531216094517,2178407,0.00001249,1184.00000000,0
1531216095151,1531216095146,2178408,0.00001250,4663.00000000,1
1531216095174,1531216095170,2178409,0.00001249,1183.00000000,1
1531216096140,1531216096137,2178410,0.00001248,4498.00000000,1
1531216101454,1531216101450,2178411,0.00001249,3390.00000000,1
1531216102155,1531216102151,2178412,0.00001248,6183.00000000,1
1531216106400,1531216106396,2178413,0.00001248,5344.00000000,1
1531216107749,1531216107746,2178414,0.00001248,420.00000000,0
1531216109156,1531216109152,2178415,0.00001247,210.00000000,1
1531216110097,1531216110091,2178416,0.00001248,4498.00000000,0
1531216110140,1531216110136,2178417,0.00001247,105.00000000,1
1531216110980,1531216110977,2178418,0.00001248,943.00000000,0
1531216111004,1531216111000,2178419,0.00001248,943.00000000,0
1531216111005,1531216111002,2178420,0.00001248,83.00000000,0
1531216224168,1531216224164,2178421,0.00001247,34953.00000000,1
1531216225176,1531216225172,2178422,0.00001247,1871.00000000,1
1531216227431,1531216227427,2178423,0.00001248,140.00000000,0
1531216232891,1531216232886,2178424,0.00001247,5039.00000000,1
1531216234173,1531216234170,2178425,0.00001247,937.00000000,1
1531216261798,1531216261795,2178426,0.00001247,784.00000000,1
1531216263338,1531216263334,2178427,0.00001247,11123.00000000,1
1531216263398,1531216263394,2178428,0.00001247,2848.00000000,0
1531216263426,1531216263422,2178429,0.00001247,1437.00000000,0
1531216263529,1531216263525,2178430,0.00001247,989.00000000,0
1531216264181,1531216264177,2178431,0.00001247,615.00000000,1
1531216285002,1531216284997,2178432,0.00001246,1800.00000000,1
1531216339296,1531216339291,2178433,0.00001246,2289.00000000,1
1531216408850,1531216408846,2178434,0.00001246,1946.00000000,1
1531216461082,1531216461078,2178435,0.00001247,22609.00000000,0
1531216461195,1531216461191,2178436,0.00001247,1459.00000000,0
1531216468191,1531216468187,2178437,0.00001247,3604.00000000,0
1531216469254,1531216469249,2178438,0.00001247,1802.00000000,0
1531216469254,1531216469249,2178439,0.00001248,3856.00000000,0
1531216469291,1531216469286,2178440,0.00001248,1802.00000000,0
1531216471291,1531216471288,2178441,0.00001248,1518.00000000,1
1531216471389,1531216471385,2178442,0.00001248,2012.00000000,1
1531216472202,1531216472197,2178443,0.00001248,3387.00000000,0
1531216475200,1531216475196,2178444,0.00001248,2215.00000000,0
1531216481076,1531216481073,2178445,0.00001248,1108.00000000,0
1531216481195,1531216481191,2178446,0.00001249,4498.00000000,0
1531216483778,1531216483774,2178447,0.00001249,4463.00000000,1
1531216484187,1531216484183,2178448,0.00001249,35.00000000,0
1531216485017,1531216485013,2178449,0.00001249,3293.00000000,1
1531216489843,1531216489839,2178450,0.00001249,1042.00000000,1
1531216528395,1531216528391,2178451,0.00001248,15176.00000000,1
1531216529203,1531216529199,2178452,0.00001248,18925.00000000,1
1531216532189,1531216532186,2178453,0.00001248,5584.00000000,1
1531216535212,1531216535208,2178454,0.00001248,5039.00000000,1
1531216538196,1531216538192,2178455,0.00001248,4769.00000000,1
1531216570963,1531216570959,2178456,0.00001247,151.00000000,1
1531216590170,1531216590167,2178457,0.00001249,18554.00000000,0
1531216601957,1531216601951,2178458,0.00001249,172.00000000,0
1531216604228,1531216604224,2178459,0.00001248,2803.00000000,1
1531216604264,1531216604260,2178460,0.00001247,1029.00000000,1
1531216606234,1531216606230,2178461,0.00001247,1275.00000000,1
1531216607233,1531216607230,2178462,0.00001247,636.00000000,1
1531216608231,1531216608226,2178463,0.00001247,319.00000000,1
1531216609219,1531216609215,2178464,0.00001247,160.00000000,1
1531216610628,1531216610624,2178465,0.00001249,325.00000000,0
1531216627105,1531216627101,2178466,0.00001245,250.00000000,1
1531216631210,1531216631206,2178467,0.00001247,589.00000000,0
1531216636249,1531216636245,2178468,0.00001246,374.00000000,1
1531216644493,1531216644488,2178469,0.00001245,186.00000000,1
1531216648061,1531216648056,2178470,0.00001245,117.00000000,0
1531216649354,1531216649350,2178471,0.00001245,3294.00000000,0
1531216651253,1531216651249,2178472,0.00001244,1020.00000000,1
1531216652338,1531216652333,2178473,0.00001243,3339.00000000,0
1531216656340,1531216656337,2178474,0.00001243,1239.00000000,0
1531216660355,1531216660350,2178475,0.00001243,3295.00000000,0
1531216664378,1531216664374,2178476,0.00001243,1495.00000000,0
1531216687245,1531216687241,2178477,0.00001243,2395.00000000,0
1531216687277,1531216687272,2178478,0.00001244,17534.00000000,0
1531216687299,1531216687295,2178479,0.00001245,4498.00000000,0
1531216687320,1531216687315,2178480,0.00001246,640.00000000,0
1531216690247,1531216690242,2178481,0.00001245,5695.00000000,0
1531216693108,1531216693104,2178482,0.00001246,1717.00000000,1
1531216693108,1531216693104,2178483,0.00001245,941.00000000,1
1531216693247,1531216693243,2178484,0.00001245,1840.00000000,0
1531216697230,1531216697227,2178485,0.00001245,599.00000000,0
1531216698242,1531216698237,2178486,0.00001245,1158.00000000,0
1531216698645,1531216698641,2178487,0.00001244,244.00000000,1
1531216700155,1531216700151,2178488,0.00001245,701.00000000,0
1531216701238,1531216701234,2178489,0.00001245,350.00000000,0
1531216702244,1531216702240,2178490,0.00001245,175.00000000,0
1531216703234,1531216703230,2178491,0.00001245,88.00000000,0
1531216712748,1531216712744,2178492,0.00001246,4498.00000000,0
1531216713177,1531216713172,2178493,0.00001247,250.00000000,1
1531216714935,1531216714932,2178494,0.00001247,4498.00000000,1
1531216716596,1531216716592,2178495,0.00001247,902.00000000,1
1531216717934,1531216717930,2178496,0.00001247,4234.00000000,1
1531216733034,1531216733029,2178497,0.00001246,16145.00000000,1
1531216774324,1531216774320,2178498,0.00001245,5559.00000000,1
1531216776748,1531216776743,2178499,0.00001245,3338.00000000,0
1531216777598,1531216777593,2178500,0.00001245,4498.00000000,0
1531216780152,1531216780149,2178501,0.00001245,4498.00000000,0
1531216780770,1531216780765,2178502,0.00001245,3207.00000000,0
1531216783937,1531216783932,2178503,0.00001245,3469.00000000,0
1531216831276,1531216831272,2178504,0.00001246,12337.00000000,0
1531216835284,1531216835281,2178505,0.00001246,6275.00000000,0
1531216838276,1531216838271,2178506,0.00001246,2522.00000000,0
1531216838308,1531216838303,2178507,0.00001246,2864.00000000,0
1531216839271,1531216839266,2178508,0.00001246,444.00000000,0
1531216840428,1531216840424,2178509,0.00001247,222.00000000,0
1531216840428,1531216840424,2178510,0.00001248,1190.00000000,0
1531216840656,1531216840653,2178511,0.00001248,4498.00000000,1
1531216843307,1531216843302,2178512,0.00001248,4498.00000000,1
1531216844913,1531216844909,2178513,0.00001248,3383.00000000,1
1531216846286,1531216846283,2178514,0.00001248,5218.00000000,1
1531216881888,1531216881885,2178515,0.00001246,1000.00000000,1
1531216884920,1531216884917,2178516,0.00001247,111.00000000,0
1531216902420,1531216902415,2178517,0.00001247,11226.00000000,1
1531216906407,1531216906404,2178518,0.00001247,4498.00000000,0
1531216928560,1531216928556,2178519,0.00001246,1000.00000000,1
1531216975362,1531216975358,2178520,0.00001246,6000.00000000,1
1531216993922,1531216993919,2178521,0.00001246,1598.00000000,1
1531217011292,1531217011286,2178522,0.00001246,4606.00000000,1
1531217011292,1531217011286,2178523,0.00001245,376.00000000,1
1531217011320,1531217011315,2178524,0.00001244,12998.00000000,1
1531217011350,1531217011344,2178525,0.00001243,1224.00000000,1
1531217012284,1531217012279,2178526,0.00001244,856.00000000,1
1531217055884,1531217055880,2178527,0.00001245,429.00000000,1
1531217056894,1531217056889,2178528,0.00001244,199.00000000,1
1531217057429,1531217057425,2178529,0.00001245,3294.00000000,0
1531217084273,1531217084268,2178530,0.00001244,51.00000000,1
1531217113286,1531217113281,2178531,0.00001245,9410.00000000,0
1531217113467,1531217113461,2178532,0.00001244,4242.00000000,1
1531217116241,1531217116238,2178533,0.00001245,3806.00000000,1
1531217140904,1531217140901,2178534,0.00001245,6140.00000000,1
1531217141290,1531217141286,2178535,0.00001244,6972.00000000,1
1531217141320,1531217141315,2178536,0.00001242,76417.00000000,1
1531217141350,1531217141342,2178537,0.00001241,8302.00000000,1
1531217141350,1531217141342,2178538,0.00001240,3991.00000000,1
1531217141350,1531217141342,2178539,0.00001239,4345.00000000,1
1531217141350,1531217141342,2178540,0.00001239,3044.00000000,1
1531217141370,1531217141366,2178541,0.00001240,278.00000000,0
1531217141370,1531217141366,2178542,0.00001241,83.00000000,0
1531217141380,1531217141375,2178543,0.00001242,138.00000000,1
1531217141380,1531217141375,2178544,0.00001239,7565.00000000,1
1531217141380,1531217141375,2178545,0.00001238,82.00000000,1
1531217141411,1531217141408,2178546,0.00001237,202.00000000,1
1531217142288,1531217142284,2178547,0.00001239,478.00000000,1
1531217143288,1531217143284,2178548,0.00001239,238.00000000,1
1531217143288,1531217143284,2178549,0.00001238,2852.00000000,1
1531217143321,1531217143316,2178550,0.00001237,2478.00000000,1
1531217143587,1531217143583,2178551,0.00001240,499.00000000,0
1531217143587,1531217143583,2178552,0.00001240,2634.00000000,0
1531217144053,1531217144049,2178553,0.00001239,121.00000000,0
1531217144160,1531217144155,2178554,0.00001239,141.00000000,0
1531217144290,1531217144286,2178555,0.00001238,4498.00000000,1
1531217144309,1531217144305,2178556,0.00001237,671.00000000,1
1531217144514,1531217144509,2178557,0.00001239,9200.00000000,0
1531217144542,1531217144539,2178558,0.00001240,410.00000000,0
1531217145299,1531217145295,2178559,0.00001239,12752.00000000,1
1531217146288,1531217146285,2178560,0.00001239,258.00000000,1
1531217146872,1531217146867,2178561,0.00001240,4498.00000000,0
1531217146872,1531217146867,2178562,0.00001243,1926.00000000,0
1531217147295,1531217147291,2178563,0.00001239,1779.00000000,1
1531217148292,1531217148288,2178564,0.00001239,1853.00000000,1
1531217149301,1531217149297,2178565,0.00001239,925.00000000,1
1531217150004,1531217149999,2178566,0.00001241,6093.00000000,0
1531217150293,1531217150288,2178567,0.00001240,463.00000000,1
1531217150318,1531217150314,2178568,0.00001239,4498.00000000,1
1531217153778,1531217153774,2178569,0.00001239,5552.00000000,0
1531217153924,1531217153920,2178570,0.00001239,4868.00000000,0
1531217155095,1531217155091,2178571,0.00001240,398.00000000,1
1531217155294,1531217155288,2178572,0.00001240,635.00000000,1
1531217156074,1531217156069,2178573,0.00001240,684.00000000,0
1531217157046,1531217157040,2178574,0.00001240,6555.00000000,0
1531217159038,1531217159033,2178575,0.00001239,393.00000000,1
1531217164292,1531217164288,2178576,0.00001240,3843.00000000,0
1531217164314,1531217164309,2178577,0.00001241,4498.00000000,0
1531217164335,1531217164331,2178578,0.00001242,642.00000000,0
1531217167921,1531217167915,2178579,0.00001241,2947.00000000,1
1531217168303,1531217168299,2178580,0.00001241,1551.00000000,0
1531217171292,1531217171286,2178581,0.00001242,5031.00000000,0
1531217174292,1531217174287,2178582,0.00001242,6770.00000000,0
1531217177301,1531217177297,2178583,0.00001242,4498.00000000,0
1531217185104,1531217185100,2178584,0.00001241,82.00000000,1
1531217186282,1531217186278,2178585,0.00001242,1321.00000000,0
1531217188020,1531217188016,2178586,0.00001242,1.00000000,0
1531217193642,1531217193637,2178587,0.00001241,9061.00000000,1
1531217196315,1531217196310,2178588,0.00001239,4648.00000000,1
1531217197319,1531217197314,2178589,0.00001239,1825.00000000,1
1531217198044,1531217198040,2178590,0.00001240,4498.00000000,0
1531217200621,1531217200617,2178591,0.00001239,4498.00000000,0
1531217204227,1531217204223,2178592,0.00001239,1413.00000000,0
1531217205731,1531217205727,2178593,0.00001240,3296.00000000,0
1531217210661,1531217210657,2178594,0.00001239,204.00000000,1
1531217210760,1531217210755,2178595,0.00001239,82.00000000,1
1531217213314,1531217213308,2178596,0.00001240,30206.00000000,0
1531217216323,1531217216319,2178597,0.00001240,5308.00000000,0
1531217219311,1531217219307,2178598,0.00001240,1216.00000000,0
1531217219985,1531217219979,2178599,0.00001241,80.00000000,0
1531217220316,1531217220311,2178600,0.00001240,608.00000000,0
1531217222320,1531217222316,2178601,0.00001240,304.00000000,0
1531217224313,1531217224309,2178602,0.00001240,152.00000000,0
1531217224611,1531217224608,2178603,0.00001239,89.00000000,1
1531217225842,1531217225836,2178604,0.00001239,8561.00000000,1
1531217225842,1531217225836,2178605,0.00001236,645.00000000,1
1531217225842,1531217225836,2178606,0.00001235,1077.00000000,1
1531217225842,1531217225836,2178607,0.00001233,9621.00000000,1
1531217225842,1531217225836,2178608,0.00001231,7179.00000000,1
1531217225842,1531217225836,2178609,0.00001230,4263.00000000,1
1531217225843,1531217225836,2178610,0.00001230,958.00000000,1
1531217225861,1531217225857,2178611,0.00001234,3204.00000000,0
1531217225862,1531217225857,2178612,0.00001234,604.00000000,0
1531217225874,1531217225871,2178613,0.00001234,3004.00000000,0
1531217226319,1531217226314,2178614,0.00001234,2226.00000000,0
1531217226319,1531217226314,2178615,0.00001235,1492.00000000,0
1531217226319,1531217226314,2178616,0.00001236,3313.00000000,0
1531217228327,1531217228322,2178617,0.00001234,4498.00000000,0
1531217229010,1531217229007,2178618,0.00001233,675.00000000,0
1531217229050,1531217229047,2178619,0.00001233,401.00000000,0
1531217229208,1531217229204,2178620,0.00001240,601.00000000,0
1531217229208,1531217229204,2178621,0.00001244,363.00000000,0
1531217230319,1531217230314,2178622,0.00001237,4498.00000000,0
1531217232170,1531217232165,2178623,0.00001241,45.00000000,0
1531217232247,1531217232244,2178624,0.00001241,41.00000000,0
1531217232384,1531217232379,2178625,0.00001241,92.00000000,0
1531217232475,1531217232472,2178626,0.00001241,38.00000000,0
1531217232573,1531217232569,2178627,0.00001241,48.00000000,0
1531217232677,1531217232673,2178628,0.00001241,5.00000000,0
1531217232677,1531217232673,2178629,0.00001242,58.00000000,0
1531217232686,1531217232683,2178630,0.00001242,53.00000000,0
1531217232815,1531217232811,2178631,0.00001242,39.00000000,0
1531217233314,1531217233309,2178632,0.00001240,9481.00000000,1
1531217233344,1531217233340,2178633,0.00001237,1197.00000000,1
1531217233967,1531217233964,2178634,0.00001241,146.00000000,0
1531217235334,1531217235331,2178635,0.00001240,4224.00000000,1
1531217235369,1531217235366,2178636,0.00001239,100.00000000,1
1531217235638,1531217235632,2178637,0.00001241,67.00000000,0
1531217235669,1531217235665,2178638,0.00001241,41.00000000,0
1531217235715,1531217235711,2178639,0.00001241,41.00000000,0
1531217235735,1531217235731,2178640,0.00001241,53.00000000,0
1531217235994,1531217235988,2178641,0.00001241,27.00000000,0
1531217236027,1531217236023,2178642,0.00001241,107.00000000,0
1531217236198,1531217236193,2178643,0.00001241,26.00000000,0
1531217236205,1531217236200,2178644,0.00001239,926.00000000,1
1531217236214,1531217236210,2178645,0.00001241,102.00000000,0
1531217236305,1531217236301,2178646,0.00001241,93.00000000,0
1531217236365,1531217236362,2178647,0.00001241,51.00000000,0
1531217236490,1531217236485,2178648,0.00001241,164.00000000,0
1531217236547,1531217236543,2178649,0.00001241,41.00000000,0
1531217236757,1531217236753,2178650,0.00001241,46.00000000,0
1531217236776,1531217236772,2178651,0.00001241,49.00000000,0
1531217236874,1531217236871,2178652,0.00001239,926.00000000,1
1531217236949,1531217236944,2178653,0.00001241,49.00000000,0
1531217236991,1531217236988,2178654,0.00001241,22.00000000,0
1531217237048,1531217237044,2178655,0.00001241,22.00000000,0
1531217237116,1531217237111,2178656,0.00001241,49.00000000,0
1531217237161,1531217237157,2178657,0.00001241,48.00000000,0
1531217237175,1531217237169,2178658,0.00001240,2274.00000000,1
1531217237175,1531217237169,2178659,0.00001239,2646.00000000,1
1531217237175,1531217237169,2178660,0.00001236,527.00000000,1
1531217237175,1531217237169,2178661,0.00001234,712.00000000,1
1531217237273,1531217237269,2178662,0.00001241,52.00000000,0
1531217237437,1531217237433,2178663,0.00001241,39.00000000,0
1531217237494,1531217237490,2178664,0.00001241,162.00000000,0
1531217237495,1531217237491,2178665,0.00001241,61.00000000,0
1531217237867,1531217237863,2178666,0.00001241,41.00000000,0
1531217239327,1531217239324,2178667,0.00001238,4498.00000000,1
1531217239806,1531217239802,2178668,0.00001237,1261.00000000,0
1531217239884,1531217239880,2178669,0.00001234,1161.00000000,1
1531217239884,1531217239880,2178670,0.00001233,323.00000000,1
1531217239884,1531217239880,2178671,0.00001231,372.00000000,1
1531217239884,1531217239880,2178672,0.00001230,2064.00000000,1
1531217241327,1531217241323,2178673,0.00001234,527.00000000,0
1531217241354,1531217241349,2178674,0.00001235,6002.00000000,0
1531217241374,1531217241370,2178675,0.00001236,880.00000000,0
1531217242317,1531217242313,2178676,0.00001235,7988.00000000,0
1531217242340,1531217242336,2178677,0.00001236,477.00000000,0
1531217245329,1531217245324,2178678,0.00001235,6243.00000000,0
1531217248326,1531217248322,2178679,0.00001235,5370.00000000,0
1531217251293,1531217251287,2178680,0.00001237,1216.00000000,1
1531217251293,1531217251287,2178681,0.00001236,1199.00000000,1
1531217251561,1531217251557,2178682,0.00001236,496.00000000,0
1531217252354,1531217252350,2178683,0.00001236,1587.00000000,0
1531217255350,1531217255346,2178684,0.00001236,1044.00000000,0
1531217255371,1531217255367,2178685,0.00001237,4498.00000000,0
1531217257376,1531217257371,2178686,0.00001239,522.00000000,0
1531217259349,1531217259343,2178687,0.00001236,261.00000000,0
1531217259349,1531217259343,2178688,0.00001237,1576.00000000,0
1531217260880,1531217260877,2178689,0.00001239,117.00000000,0
1531217261358,1531217261353,2178690,0.00001238,1199.00000000,0
1531217262349,1531217262345,2178691,0.00001238,131.00000000,0
1531217262379,1531217262375,2178692,0.00001239,1338.00000000,0
1531217263252,1531217263247,2178693,0.00001239,2854.00000000,1
1531217263363,1531217263359,2178694,0.00001240,1191.00000000,0
1531217265126,1531217265121,2178695,0.00001239,82.00000000,1
1531217274960,1531217274956,2178696,0.00001240,6843.00000000,1
1531217277984,1531217277980,2178697,0.00001239,2515.00000000,1
1531217287064,1531217287059,2178698,0.00001239,1258.00000000,1
1531217287064,1531217287059,2178699,0.00001238,4369.00000000,1
1531217287366,1531217287363,2178700,0.00001239,630.00000000,1
1531217289345,1531217289341,2178701,0.00001239,316.00000000,1
1531217291357,1531217291353,2178702,0.00001239,156.00000000,1
1531217300079,1531217300075,2178703,0.00001238,316.00000000,1
1531217300229,1531217300226,2178704,0.00001238,3584.00000000,1
1531217300634,1531217300631,2178705,0.00001238,598.00000000,1
1531217301348,1531217301342,2178706,0.00001237,6825.00000000,1
1531217301370,1531217301365,2178707,0.00001236,10161.00000000,1
1531217301399,1531217301396,2178708,0.00001235,22844.00000000,1
1531217301421,1531217301416,2178709,0.00001234,82.00000000,1
1531217301962,1531217301958,2178710,0.00001238,4259.00000000,0
1531217305363,1531217305359,2178711,0.00001236,4498.00000000,1
1531217309985,1531217309981,2178712,0.00001237,3622.00000000,0
1531217312283,1531217312280,2178713,0.00001235,630.00000000,1
1531217313981,1531217313978,2178714,0.00001237,1187.00000000,0
1531217329178,1531217329174,2178715,0.00001236,1768.00000000,1
1531217330037,1531217330032,2178716,0.00001236,987.00000000,0
1531217333150,1531217333146,2178717,0.00001236,2445.00000000,0
1531217337687,1531217337683,2178718,0.00001236,121.00000000,0
1531217342362,1531217342355,2178719,0.00001235,5978.00000000,1
1531217345353,1531217345349,2178720,0.00001235,6524.00000000,1
1531217346082,1531217346079,2178721,0.00001235,82.00000000,0
1531217346355,1531217346351,2178722,0.00001234,1013.00000000,1
1531217347359,1531217347355,2178723,0.00001234,506.00000000,1
1531217350079,1531217350073,2178724,0.00001235,3253.00000000,0
1531217360353,1531217360348,2178725,0.00001235,2350.00000000,0
1531217366358,1531217366354,2178726,0.00001234,4751.00000000,1
1531217367355,1531217367350,2178727,0.00001232,2936.00000000,1
1531217369070,1531217369066,2178728,0.00001233,4031.00000000,0
1531217369365,1531217369361,2178729,0.00001233,467.00000000,1
1531217373153,1531217373149,2178730,0.00001233,4237.00000000,0
1531217380961,1531217380955,2178731,0.00001234,80.00000000,0
1531217383705,1531217383702,2178732,0.00001233,9784.00000000,1
1531217391237,1531217391232,2178733,0.00001234,10974.00000000,0
1531217391365,1531217391361,2178734,0.00001235,22844.00000000,0
1531217392285,1531217392280,2178735,0.00001235,1319.00000000,1
1531217392285,1531217392280,2178736,0.00001234,3179.00000000,1
1531217393360,1531217393346,2178737,0.00001237,3546.00000000,0
1531217394366,1531217394362,2178738,0.00001237,1090.00000000,0
1531217394401,1531217394397,2178739,0.00001237,1342.00000000,0
1531217395361,1531217395356,2178740,0.00001237,1216.00000000,0
1531217397360,1531217397357,2178741,0.00001236,5106.00000000,0
1531217401679,1531217401676,2178742,0.00001237,1358.00000000,0
1531217402146,1531217402142,2178743,0.00001236,81.00000000,0
1531217402370,1531217402366,2178744,0.00001236,71.00000000,0
1531217406379,1531217406375,2178745,0.00001236,7379.00000000,1
1531217407436,1531217407431,2178746,0.00001236,1517.00000000,0
1531217427470,1531217427465,2178747,0.00001235,1260.00000000,1
1531217431364,1531217431359,2178748,0.00001236,4626.00000000,0
1531217431384,1531217431380,2178749,0.00001237,4498.00000000,0
1531217431405,1531217431401,2178750,0.00001238,7811.00000000,0
1531217431428,1531217431424,2178751,0.00001239,81.00000000,0
1531217434361,1531217434357,2178752,0.00001237,379.00000000,0
1531217435365,1531217435361,2178753,0.00001238,4688.00000000,0
1531217436152,1531217436148,2178754,0.00001239,5575.00000000,1
1531217437056,1531217437052,2178755,0.00001239,425.00000000,1
1531217437145,1531217437140,2178756,0.00001239,3764.00000000,1
1531217437145,1531217437140,2178757,0.00001238,734.00000000,1
1531217441234,1531217441230,2178758,0.00001240,2347.00000000,1
1531217442369,1531217442363,2178759,0.00001238,95.00000000,0
1531217443099,1531217443095,2178760,0.00001238,251.00000000,0
1531217443136,1531217443132,2178761,0.00001238,4498.00000000,0
1531217446366,1531217446362,2178762,0.00001238,1961.00000000,0
1531217463412,1531217463408,2178763,0.00001240,1480.00000000,0
1531217464737,1531217464732,2178764,0.00001239,315.00000000,1
1531217468395,1531217468390,2178765,0.00001239,733.00000000,1
1531217468395,1531217468390,2178766,0.00001238,5123.00000000,1
1531217469671,1531217469667,2178767,0.00001238,1522.00000000,0
1531217469686,1531217469680,2178768,0.00001238,1466.00000000,0
1531217470376,1531217470371,2178769,0.00001239,100.00000000,0
1531217470376,1531217470371,2178770,0.00001240,4498.00000000,0
1531217473276,1531217473272,2178771,0.00001240,3562.00000000,1
1531217476372,1531217476369,2178772,0.00001239,3266.00000000,1
1531217477845,1531217477841,2178773,0.00001239,1632.00000000,1
1531217477845,1531217477841,2178774,0.00001238,4498.00000000,1
1531217477869,1531217477864,2178775,0.00001238,1632.00000000,0
1531217477879,1531217477874,2178776,0.00001238,2.00000000,0
1531217477977,1531217477973,2178777,0.00001237,1009.00000000,0
1531217478941,1531217478936,2178778,0.00001239,5744.00000000,0
1531217479374,1531217479370,2178779,0.00001240,4498.00000000,0
1531217481971,1531217481967,2178780,0.00001240,1320.00000000,1
1531217482370,1531217482365,2178781,0.00001240,3178.00000000,0
1531217483370,1531217483366,2178782,0.00001241,3532.00000000,0
1531217483400,1531217483395,2178783,0.00001242,496.00000000,0
1531217486483,1531217486479,2178784,0.00001240,3529.00000000,1
1531217491933,1531217491929,2178785,0.00001240,3532.00000000,1
1531217491933,1531217491929,2178786,0.00001239,13332.00000000,1
1531217514849,1531217514845,2178787,0.00001240,1765.00000000,1
1531217515357,1531217515353,2178788,0.00001239,8192.00000000,1
1531217515474,1531217515470,2178789,0.00001239,4405.00000000,0
1531217515480,1531217515475,2178790,0.00001239,8.00000000,0
1531217516605,1531217516600,2178791,0.00001239,3968.00000000,0
1531217516712,1531217516706,2178792,0.00001239,4.00000000,0
1531217518595,1531217518590,2178793,0.00001239,1985.00000000,0
1531217522496,1531217522492,2178794,0.00001239,1.00000000,0
1531217523187,1531217523182,2178795,0.00001239,993.00000000,0
1531217524274,1531217524270,2178796,0.00001239,497.00000000,0
1531217525371,1531217525367,2178797,0.00001239,248.00000000,0
1531217526392,1531217526387,2178798,0.00001239,124.00000000,0
1531217528533,1531217528529,2178799,0.00001238,7595.00000000,1
1531217528555,1531217528551,2178800,0.00001238,4671.00000000,0
1531217528586,1531217528582,2178801,0.00001238,1717.00000000,0
1531217529212,1531217529208,2178802,0.00001239,1711.00000000,1
1531217529366,1531217529362,2178803,0.00001239,3742.00000000,1
1531217530365,1531217530359,2178804,0.00001238,4498.00000000,1
1531217534357,1531217534353,2178805,0.00001239,2735.00000000,1
1531217534385,1531217534381,2178806,0.00001238,4498.00000000,1
1531217537365,1531217537361,2178807,0.00001238,1361.00000000,1
1531217539362,1531217539358,2178808,0.00001238,679.00000000,1
1531217540394,1531217540388,2178809,0.00001238,340.00000000,1
1531217541374,1531217541370,2178810,0.00001238,169.00000000,1
1531217542369,1531217542365,2178811,0.00001238,85.00000000,1
1531217545184,1531217545181,2178812,0.00001237,1551.00000000,1
1531217546827,1531217546821,2178813,0.00001237,4.00000000,1
1531217556677,1531217556672,2178814,0.00001239,4498.00000000,0
1531217557302,1531217557297,2178815,0.00001239,1540.00000000,1
1531217613228,1531217613223,2178816,0.00001237,2165.00000000,1
1531217684177,1531217684174,2178817,0.00001237,1480.00000000,1
1531217820204,1531217820200,2178818,0.00001237,4498.00000000,1
1531217820293,1531217820289,2178819,0.00001237,250.00000000,0
1531217820508,1531217820504,2178820,0.00001236,89.00000000,0
1531217820600,1531217820595,2178821,0.00001236,151.00000000,0
1531217821174,1531217821170,2178822,0.00001236,4498.00000000,0
1531217823268,1531217823265,2178823,0.00001236,2284.00000000,0
1531217823722,1531217823718,2178824,0.00001237,167.00000000,0
1531217824345,1531217824341,2178825,0.00001236,3511.00000000,0
1531217827707,1531217827703,2178826,0.00001237,1431.00000000,0
1531217854883,1531217854879,2178827,0.00001237,14517.00000000,0
1531217858383,1531217858379,2178828,0.00001237,5376.00000000,0
1531217867731,1531217867727,2178829,0.00001237,117.00000000,0
1531217881820,1531217881816,2178830,0.00001237,322.00000000,0
1531217882375,1531217882371,2178831,0.00001238,4717.00000000,0
1531217883383,1531217883378,2178832,0.00001238,110.00000000,0
1531217886186,1531217886182,2178833,0.00001237,2445.00000000,1
1531217886382,1531217886378,2178834,0.00001238,4498.00000000,0
1531217888386,1531217888382,2178835,0.00001238,4498.00000000,0
1531217892377,1531217892373,2178836,0.00001239,4498.00000000,0
1531217895374,1531217895371,2178837,0.00001239,2128.00000000,0
1531217895404,1531217895400,2178838,0.00001239,2370.00000000,0
1531217899032,1531217899026,2178839,0.00001239,4498.00000000,0
1531217900275,1531217900270,2178840,0.00001240,587.00000000,1
1531217900296,1531217900292,2178841,0.00001240,1775.00000000,1
1531217901246,1531217901241,2178842,0.00001240,250.00000000,1
1531217902384,1531217902381,2178843,0.00001240,4230.00000000,1
1531217904124,1531217904121,2178844,0.00001240,3569.00000000,1
1531217906369,1531217906365,2178845,0.00001239,6283.00000000,1
1531217907005,1531217907000,2178846,0.00001240,1480.00000000,0
1531217907384,1531217907381,2178847,0.00001239,892.00000000,1
1531217910377,1531217910372,2178848,0.00001239,5685.00000000,1
1531217912401,1531217912397,2178849,0.00001240,595.00000000,1
1531217913390,1531217913385,2178850,0.00001240,296.00000000,1
1531217914378,1531217914374,2178851,0.00001240,146.00000000,1
1531217918376,1531217918372,2178852,0.00001239,4498.00000000,1
1531217920375,1531217920369,2178853,0.00001237,15874.00000000,1
1531217920644,1531217920639,2178854,0.00001239,4498.00000000,0
1531217925375,1531217925371,2178855,0.00001238,6832.00000000,1
1531217927380,1531217927375,2178856,0.00001238,4498.00000000,1
1531217930388,1531217930383,2178857,0.00001238,4498.00000000,1
1531217931385,1531217931382,2178858,0.00001238,1160.00000000,1
1531217935383,1531217935379,2178859,0.00001238,580.00000000,1
1531217936386,1531217936381,2178860,0.00001238,288.00000000,1
1531217937374,1531217937369,2178861,0.00001238,145.00000000,1
1531217944393,1531217944389,2178862,0.00001237,4498.00000000,1
1531217949824,1531217949821,2178863,0.00001236,4498.00000000,0
1531217951576,1531217951572,2178864,0.00001236,2477.00000000,0
1531217952378,1531217952374,2178865,0.00001236,3488.00000000,0
1531217952378,1531217952374,2178866,0.00001237,1010.00000000,0
1531217955338,1531217955334,2178867,0.00001236,1744.00000000,0
1531217955607,1531217955602,2178868,0.00001237,3252.00000000,0
1531217970756,1531217970752,2178869,0.00001237,965.00000000,0
1531218005190,1531218005184,2178870,0.00001236,380.00000000,1
1531218019944,1531218019940,2178871,0.00001237,1001.00000000,0
1531218024797,1531218024791,2178872,0.00001237,250.00000000,0
1531218030387,1531218030383,2178873,0.00001237,135.00000000,0
1531218037919,1531218037914,2178874,0.00001236,135.00000000,1
1531218047966,1531218047962,2178875,0.00001237,135.00000000,0
1531218051860,1531218051856,2178876,0.00001236,800.00000000,1
1531218054446,1531218054442,2178877,0.00001236,134.00000000,1
1531218062790,1531218062786,2178878,0.00001237,134.00000000,0
1531218071815,1531218071810,2178879,0.00001236,134.00000000,1
1531218171871,1531218171867,2178880,0.00001237,1.00000000,0
1531218227394,1531218227390,2178881,0.00001236,7437.00000000,1
1531218227394,1531218227390,2178882,0.00001233,2563.00000000,1
1531218256056,1531218256051,2178883,0.00001236,82.00000000,1
1531218370850,1531218370846,2178884,0.00001236,4029.00000000,1
1531218473674,1531218473669,2178885,0.00001236,117.00000000,0
1531218504501,1531218504496,2178886,0.00001236,267.00000000,0
1531218636237,1531218636233,2178887,0.00001236,1083.00000000,0
1531218688171,1531218688168,2178888,0.00001236,3.00000000,0
1531218798855,1531218798851,2178889,0.00001235,1761.00000000,1
1531218860403,1531218860398,2178890,0.00001236,9601.00000000,0
1531218865186,1531218865180,2178891,0.00001237,1.00000000,0
1531218896479,1531218896472,2178892,0.00001237,9501.00000000,0
1531218897477,1531218897471,2178893,0.00001237,1250.00000000,0
1531218899481,1531218899476,2178894,0.00001237,5228.00000000,0
1531218903484,1531218903478,2178895,0.00001237,4915.00000000,0
1531219001743,1531219001738,2178896,0.00001237,2311.00000000,0
1531219005260,1531219005256,2178897,0.00001238,969.00000000,0
1531219026570,1531219026565,2178898,0.00001238,807.00000000,0
1531219050182,1531219050178,2178899,0.00001238,100.00000000,0
1531219060168,1531219060163,2178900,0.00001238,100.00000000,0
1531219080934,1531219080930,2178901,0.00001239,117.00000000,0
1531219086060,1531219086054,2178902,0.00001237,61.00000000,1
1531219086805,1531219086800,2178903,0.00001237,52.00000000,1
1531219087310,1531219087308,2178904,0.00001237,162.00000000,1
1531219088152,1531219088146,2178905,0.00001237,39.00000000,1
1531219088820,1531219088816,2178906,0.00001237,52.00000000,1
1531219089436,1531219089432,2178907,0.00001237,48.00000000,1
1531219089921,1531219089917,2178908,0.00001237,49.00000000,1
1531219090593,1531219090590,2178909,0.00001237,22.00000000,1
1531219091491,1531219091485,2178910,0.00001238,4603.00000000,0
1531219091598,1531219091594,2178911,0.00001237,22.00000000,1
1531219092246,1531219092241,2178912,0.00001237,49.00000000,1
1531219092876,1531219092871,2178913,0.00001237,41.00000000,1
1531219093460,1531219093453,2178914,0.00001237,46.00000000,1
1531219094337,1531219094331,2178915,0.00001237,49.00000000,1
1531219094891,1531219094886,2178916,0.00001237,41.00000000,1
1531219095860,1531219095855,2178917,0.00001237,45.00000000,1
1531219096263,1531219096258,2178918,0.00001237,164.00000000,1
1531219096746,1531219096742,2178919,0.00001237,41.00000000,1
1531219097784,1531219097779,2178920,0.00001237,51.00000000,1
1531219098496,1531219098491,2178921,0.00001237,92.00000000,1
1531219099342,1531219099337,2178922,0.00001237,93.00000000,1
1531219099868,1531219099861,2178923,0.00001237,102.00000000,1
1531219100639,1531219100634,2178924,0.00001237,26.00000000,1
1531219101438,1531219101436,2178925,0.00001237,27.00000000,1
1531219101943,1531219101939,2178926,0.00001237,107.00000000,1
1531219102445,1531219102440,2178927,0.00001237,53.00000000,1
1531219103248,1531219103244,2178928,0.00001237,41.00000000,1
1531219103802,1531219103797,2178929,0.00001237,41.00000000,1
1531219103950,1531219103944,2178930,0.00001238,100.00000000,0
1531219104569,1531219104564,2178931,0.00001237,67.00000000,1
1531219105078,1531219105074,2178932,0.00001237,146.00000000,1
1531219105954,1531219105949,2178933,0.00001237,39.00000000,1
1531219106776,1531219106771,2178934,0.00001237,63.00000000,1
1531219107723,1531219107717,2178935,0.00001237,48.00000000,1
1531219108142,1531219108139,2178936,0.00001237,53.00000000,1
1531219109125,1531219109119,2178937,0.00001237,38.00000000,1
1531219109622,1531219109617,2178938,0.00001237,92.00000000,1
1531219116273,1531219116269,2178939,0.00001238,2413.00000000,0
1531219118435,1531219118431,2178940,0.00001238,102.00000000,0
1531219118502,1531219118497,2178941,0.00001238,6.00000000,0
1531219118763,1531219118759,2178942,0.00001237,2413.00000000,1
1531219132573,1531219132569,2178943,0.00001237,974.00000000,1
1531219161790,1531219161785,2178944,0.00001238,1357.00000000,0
1531219169332,1531219169327,2178945,0.00001238,101.00000000,0
1531219227281,1531219227276,2178946,0.00001238,1677.00000000,0
1531219235894,1531219235888,2178947,0.00001239,2832.00000000,0
1531219239345,1531219239340,2178948,0.00001238,4509.00000000,1
1531219265729,1531219265724,2178949,0.00001239,2.00000000,0
1531219271685,1531219271680,2178950,0.00001239,4505.00000000,0
1531219275050,1531219275045,2178951,0.00001238,4505.00000000,1
1531219279831,1531219279826,2178952,0.00001239,4501.00000000,0
1531219282523,1531219282520,2178953,0.00001238,4501.00000000,1
1531219287796,1531219287792,2178954,0.00001238,9601.00000000,1
1531219287815,1531219287810,2178955,0.00001239,3701.00000000,0
1531219299623,1531219299619,2178956,0.00001239,3701.00000000,1
1531219333473,1531219333468,2178957,0.00001240,4494.00000000,0
1531219335098,1531219335092,2178958,0.00001239,3296.00000000,1
1531219336610,1531219336604,2178959,0.00001239,4494.00000000,1
1531219347519,1531219347514,2178960,0.00001239,2611.00000000,1
1531219348525,1531219348520,2178961,0.00001239,1421.00000000,1
1531219349360,1531219349354,2178962,0.00001240,12110.00000000,0
1531219351148,1531219351140,2178963,0.00001240,3165.00000000,1
1531219351529,1531219351524,2178964,0.00001240,4039.00000000,1
1531219354732,1531219354729,2178965,0.00001239,4603.00000000,0
1531219357525,1531219357521,2178966,0.00001238,6381.00000000,1
1531219358526,1531219358521,2178967,0.00001239,2818.00000000,1
1531219358526,1531219358521,2178968,0.00001238,4603.00000000,1
1531219359521,1531219359516,2178969,0.00001237,1412.00000000,1
1531219361527,1531219361523,2178970,0.00001239,706.00000000,1
1531219361569,1531219361565,2178971,0.00001238,4603.00000000,1
1531219361613,1531219361608,2178972,0.00001240,10255.00000000,0
1531219365215,1531219365211,2178973,0.00001237,3184.00000000,1
1531219367098,1531219367095,2178974,0.00001237,3386.00000000,0
1531219367709,1531219367706,2178975,0.00001237,4603.00000000,0
1531219375144,1531219375139,2178976,0.00001238,1131.00000000,0
1531219380708,1531219380704,2178977,0.00001238,992.00000000,0
1531219381525,1531219381520,2178978,0.00001239,5410.00000000,0
1531219382520,1531219382515,2178979,0.00001239,496.00000000,0
1531219384523,1531219384518,2178980,0.00001240,248.00000000,0
1531219385535,1531219385529,2178981,0.00001240,124.00000000,0
1531219410951,1531219410946,2178982,0.00001238,18604.00000000,1
1531219415139,1531219415134,2178983,0.00001238,1158.00000000,1
1531219420601,1531219420596,2178984,0.00001239,640.00000000,0
1531219420628,1531219420623,2178985,0.00001239,1.00000000,0
1531219420690,1531219420686,2178986,0.00001240,1575.00000000,0
1531219422537,1531219422533,2178987,0.00001238,9991.00000000,1
1531219425109,1531219425104,2178988,0.00001238,2667.00000000,1
1531219425530,1531219425526,2178989,0.00001238,5968.00000000,1
1531219427530,1531219427524,2178990,0.00001238,6618.00000000,1
1531219430532,1531219430527,2178991,0.00001238,4603.00000000,1
1531219431525,1531219431520,2178992,0.00001238,1005.00000000,1
1531219468721,1531219468717,2178993,0.00001239,2.00000000,0
1531219469037,1531219469031,2178994,0.00001238,504.00000000,1
1531219472544,1531219472540,2178995,0.00001238,7520.00000000,0
1531219488110,1531219488105,2178996,0.00001239,4494.00000000,0
1531219491951,1531219491946,2178997,0.00001238,4494.00000000,1
1531219495772,1531219495767,2178998,0.00001239,4490.00000000,0
1531219498919,1531219498915,2178999,0.00001238,4490.00000000,1
1531219502093,1531219502089,2179000,0.00001239,4487.00000000,0
1531219504707,1531219504701,2179001,0.00001238,4487.00000000,1
1531219519470,1531219519465,2179002,0.00001239,4483.00000000,0
1531219524234,1531219524229,2179003,0.00001238,4483.00000000,1
1531219527810,1531219527805,2179004,0.00001239,4046.00000000,0
1531219533670,1531219533663,2179005,0.00001239,1345.00000000,1
1531219538949,1531219538944,2179006,0.00001238,4480.00000000,1
1531219550513,1531219550509,2179007,0.00001239,4476.00000000,0
1531219553200,1531219553195,2179008,0.00001238,4476.00000000,1
1531219556010,1531219556005,2179009,0.00001239,4472.00000000,0
1531219558106,1531219558101,2179010,0.00001238,4472.00000000,1
1531219560991,1531219560987,2179011,0.00001239,4469.00000000,0
1531219563310,1531219563306,2179012,0.00001238,4469.00000000,1
1531219578953,1531219578948,2179013,0.00001238,7670.00000000,1
1531219580051,1531219580046,2179014,0.00001237,3977.00000000,0
1531219581546,1531219581542,2179015,0.00001237,1929.00000000,1
1531219581563,1531219581557,2179016,0.00001237,234.00000000,1
1531219595021,1531219595016,2179017,0.00001238,4465.00000000,0
1531219611014,1531219611009,2179018,0.00001237,4465.00000000,1
1531219644254,1531219644249,2179019,0.00001238,807.00000000,0
1531219672960,1531219672956,2179020,0.00001238,4465.00000000,0
1531219676035,1531219676031,2179021,0.00001237,4465.00000000,1
1531219687309,1531219687304,2179022,0.00001238,117.00000000,0
1531219707899,1531219707895,2179023,0.00001238,5545.00000000,0
1531219793538,1531219793532,2179024,0.00001237,3604.00000000,1
1531219793538,1531219793532,2179025,0.00001236,5375.00000000,1
1531219793538,1531219793532,2179026,0.00001234,2846.00000000,1
1531219847554,1531219847550,2179027,0.00001237,1430.00000000,1
1531219865007,1531219865002,2179028,0.00001235,134.00000000,1
1531219868371,1531219868366,2179029,0.00001236,3479.00000000,0
1531219871953,1531219871948,2179030,0.00001236,43.00000000,0
1531219875658,1531219875654,2179031,0.00001237,133.00000000,0
1531219877177,1531219877170,2179032,0.00001237,124.00000000,0
1531219883442,1531219883438,2179033,0.00001236,133.00000000,1
1531219883715,1531219883710,2179034,0.00001237,4465.00000000,0
1531219884306,1531219884301,2179035,0.00001236,4146.00000000,1
1531219884306,1531219884301,2179036,0.00001234,1551.00000000,1
1531219884306,1531219884301,2179037,0.00001233,5388.00000000,1
1531219884306,1531219884301,2179038,0.00001231,16167.00000000,1
1531219900459,1531219900454,2179039,0.00001235,4439.00000000,0
1531219904458,1531219904453,2179040,0.00001235,767.00000000,0
1531219908467,1531219908462,2179041,0.00001235,3166.00000000,0
1531219915990,1531219915986,2179042,0.00001235,357.00000000,0
1531219915990,1531219915986,2179043,0.00001236,452.00000000,0
1531219919553,1531219919548,2179044,0.00001234,1173.00000000,1
1531219922098,1531219922094,2179045,0.00001234,845.00000000,1
1531219927178,1531219927173,2179046,0.00001235,133.00000000,0
1531219941618,1531219941613,2179047,0.00001234,133.00000000,1
1531219942424,1531219942420,2179048,0.00001234,761.00000000,1
1531219955682,1531219955678,2179049,0.00001232,4465.00000000,1
1531219961843,1531219961842,2179050,0.00001232,239.00000000,1
1531219961854,1531219961848,2179051,0.00001232,3603.00000000,0
1531219963777,1531219963773,2179052,0.00001234,3931.00000000,0
1531219963780,1531219963778,2179053,0.00001234,672.00000000,0
1531219975039,1531219975034,2179054,0.00001234,133.00000000,0
1531219996986,1531219996981,2179055,0.00001234,5151.00000000,0
1531220004680,1531220004674,2179056,0.00001234,729.00000000,0
1531220006587,1531220006583,2179057,0.00001233,1934.00000000,1
1531220023421,1531220023416,2179058,0.00001233,6268.00000000,0
1531220023555,1531220023551,2179059,0.00001234,4603.00000000,0
1531220032911,1531220032905,2179060,0.00001234,670.00000000,1
1531220045112,1531220045108,2179061,0.00001234,133.00000000,1
1531220055454,1531220055448,2179062,0.00001235,133.00000000,0
1531220062496,1531220062493,2179063,0.00001234,133.00000000,1
1531220073102,1531220073097,2179064,0.00001235,133.00000000,0
1531220081216,1531220081210,2179065,0.00001234,132.00000000,1
1531220087549,1531220087544,2179066,0.00001235,23654.00000000,0
1531220088549,1531220088544,2179067,0.00001236,2426.00000000,0
1531220088977,1531220088972,2179068,0.00001235,1237.00000000,1
1531220090569,1531220090564,2179069,0.00001236,6369.00000000,0
1531220090609,1531220090605,2179070,0.00001237,9795.00000000,0
1531220092988,1531220092983,2179071,0.00001237,3479.00000000,1
1531220093528,1531220093523,2179072,0.00001237,1810.00000000,1
1531220093528,1531220093523,2179073,0.00001236,1199.00000000,1
1531220094553,1531220094547,2179074,0.00001235,883.00000000,0
1531220094553,1531220094547,2179075,0.00001236,1594.00000000,0
1531220113397,1531220113392,2179076,0.00001237,7689.00000000,0
1531220117087,1531220117082,2179077,0.00001238,3209.00000000,1
1531220118197,1531220118192,2179078,0.00001238,317.00000000,1
1531220118197,1531220118192,2179079,0.00001237,4286.00000000,1
1531220119780,1531220119776,2179080,0.00001238,131.00000000,1
1531220120909,1531220120904,2179081,0.00001238,3603.00000000,1
1531220121072,1531220121068,2179082,0.00001237,3252.00000000,1
1531220130560,1531220130556,2179083,0.00001237,18589.00000000,1
1531220130589,1531220130585,2179084,0.00001236,4603.00000000,1
1531220131561,1531220131555,2179085,0.00001235,935.00000000,1
1531220131578,1531220131573,2179086,0.00001234,776.00000000,1
1531220132067,1531220132063,2179087,0.00001236,2600.00000000,0
1531220132556,1531220132551,2179088,0.00001236,2003.00000000,1
1531220133554,1531220133549,2179089,0.00001234,467.00000000,1
1531220135558,1531220135553,2179090,0.00001235,6140.00000000,1
1531220157555,1531220157550,2179091,0.00001236,9878.00000000,0
1531220171561,1531220171555,2179092,0.00001236,8242.00000000,0
1531220172558,1531220172551,2179093,0.00001236,1820.00000000,0
1531220181802,1531220181801,2179094,0.00001236,387.00000000,0
1531220202083,1531220202079,2179095,0.00001236,131.00000000,0
1531220217409,1531220217403,2179096,0.00001235,131.00000000,1
1531220220223,1531220220217,2179097,0.00001235,5240.00000000,1
1531220220636,1531220220632,2179098,0.00001235,1758.00000000,1
1531220236475,1531220236471,2179099,0.00001235,550.00000000,1
1531220279250,1531220279249,2179100,0.00001236,148.00000000,0
1531220292775,1531220292773,2179101,0.00001236,117.00000000,0
1531220344349,1531220344344,2179102,0.00001236,131.00000000,0
1531220365255,1531220365252,2179103,0.00001235,131.00000000,1
1531220382122,1531220382118,2179104,0.00001236,131.00000000,0
1531220392686,1531220392682,2179105,0.00001235,131.00000000,1
1531220402118,1531220402112,2179106,0.00001235,10777.00000000,1
1531220405267,1531220405261,2179107,0.00001234,910.00000000,0
1531220405267,1531220405261,2179108,0.00001235,3693.00000000,0
1531220407978,1531220407973,2179109,0.00001234,4603.00000000,0
1531220411146,1531220411142,2179110,0.00001234,36.00000000,0
1531220423127,1531220423122,2179111,0.00001235,1117.00000000,0
1531220453947,1531220453945,2179112,0.00001234,6268.00000000,1
1531220474059,1531220474054,2179113,0.00001235,131.00000000,0
1531220520018,1531220520014,2179114,0.00001235,2813.00000000,0
1531220568599,1531220568594,2179115,0.00001236,8725.00000000,0
1531220570603,1531220570599,2179116,0.00001236,5673.00000000,0
1531220573611,1531220573606,2179117,0.00001236,5138.00000000,0
1531220577600,1531220577595,2179118,0.00001236,4871.00000000,0
1531220580599,1531220580594,2179119,0.00001236,4737.00000000,0
1531220606607,1531220606603,2179120,0.00001236,131.00000000,0
1531220619604,1531220619600,2179121,0.00001237,4603.00000000,0
1531220622601,1531220622595,2179122,0.00001237,4603.00000000,0
1531220684283,1531220684278,2179123,0.00001237,21631.00000000,0
1531220684614,1531220684609,2179124,0.00001237,4391.00000000,0
1531220743676,1531220743670,2179125,0.00001236,9777.00000000,1
1531220749755,1531220749750,2179126,0.00001236,732.00000000,1
1531220754625,1531220754620,2179127,0.00001236,8393.00000000,1
1531220754625,1531220754620,2179128,0.00001235,15835.00000000,1
1531220758115,1531220758111,2179129,0.00001235,2520.00000000,0
1531220758570,1531220758566,2179130,0.00001236,1199.00000000,0
1531220758613,1531220758608,2179131,0.00001235,2083.00000000,1
1531220761842,1531220761840,2179132,0.00001235,8127.00000000,1
1531220764542,1531220764537,2179133,0.00001235,6371.00000000,1
1531220764542,1531220764537,2179134,0.00001233,221.00000000,1
1531220764542,1531220764537,2179135,0.00001231,12056.00000000,1
1531220765668,1531220765662,2179136,0.00001234,588.00000000,0
1531220765730,1531220765725,2179137,0.00001234,221.00000000,0
1531220771618,1531220771614,2179138,0.00001234,2712.00000000,0
1531220788633,1531220788628,2179139,0.00001234,4407.00000000,0
1531220789617,1531220789612,2179140,0.00001234,2203.00000000,0
1531220790623,1531220790619,2179141,0.00001234,1102.00000000,0
1531220791616,1531220791610,2179142,0.00001234,551.00000000,0
1531220826022,1531220826016,2179143,0.00001234,275.00000000,0
1531220831523,1531220831518,2179144,0.00001235,4741.00000000,0
1531220835451,1531220835446,2179145,0.00001235,202.00000000,0
1531220835623,1531220835619,2179146,0.00001235,4401.00000000,0
1531220837428,1531220837419,2179147,0.00001236,218.00000000,1
1531220837709,1531220837704,2179148,0.00001236,4603.00000000,1
1531220838858,1531220838854,2179149,0.00001236,2088.00000000,1
1531220841180,1531220841172,2179150,0.00001236,3511.00000000,1
1531220865995,1531220865993,2179151,0.00001236,1.00000000,0
1531220975243,1531220975236,2179152,0.00001235,969.00000000,1
1531220990419,1531220990415,2179153,0.00001235,5391.00000000,1
1531220991173,1531220991169,2179154,0.00001235,3166.00000000,0
1531220995026,1531220995021,2179155,0.00001235,4603.00000000,0
1531220995167,1531220995159,2179156,0.00001235,3166.00000000,0
1531221034343,1531221034339,2179157,0.00001234,19127.00000000,1
1531221035274,1531221035268,2179158,0.00001235,3297.00000000,0
1531221044654,1531221044649,2179159,0.00001234,4705.00000000,1
1531221048359,1531221048353,2179160,0.00001235,117.00000000,0
1531221052638,1531221052628,2179161,0.00001234,5102.00000000,1
1531221054836,1531221054830,2179162,0.00001235,308.00000000,0
1531221066777,1531221066772,2179163,0.00001234,964.00000000,1
1531221070387,1531221070381,2179164,0.00001234,4910.00000000,1
1531221071744,1531221071740,2179165,0.00001233,4603.00000000,0
1531221074902,1531221074897,2179166,0.00001233,1554.00000000,0
1531221075383,1531221075380,2179167,0.00001234,1554.00000000,0
1531221090923,1531221090919,2179168,0.00001233,807.00000000,1
1531221126660,1531221126654,2179169,0.00001233,6981.00000000,1
1531221129651,1531221129647,2179170,0.00001233,6650.00000000,1
1531221136153,1531221136147,2179171,0.00001233,3949.00000000,1
1531221142499,1531221142495,2179172,0.00001234,324.00000000,0
1531221180612,1531221180607,2179173,0.00001233,1480.00000000,1
1531221223155,1531221223150,2179174,0.00001234,279.00000000,0
1531221279953,1531221279951,2179175,0.00001234,387.00000000,0
1531221379786,1531221379782,2179176,0.00001234,243.00000000,0
1531221408649,1531221408644,2179177,0.00001234,122.00000000,0
1531221431417,1531221431412,2179178,0.00001233,10073.00000000,1
1531221436279,1531221436274,2179179,0.00001232,3166.00000000,0
1531221437677,1531221437673,2179180,0.00001232,639.00000000,0
1531221441302,1531221441298,2179181,0.00001232,3297.00000000,0
1531221444173,1531221444135,2179182,0.00001232,1328.00000000,0
1531221444671,1531221444667,2179183,0.00001233,6150.00000000,0
1531221444699,1531221444695,2179184,0.00001234,4613.00000000,0
1531221447669,1531221447664,2179185,0.00001234,6925.00000000,0
1531221448399,1531221448395,2179186,0.00001233,3297.00000000,1
1531221450676,1531221450672,2179187,0.00001234,5769.00000000,0
1531221456413,1531221456407,2179188,0.00001233,1168.00000000,1
1531221478371,1531221478365,2179189,0.00001233,4225.00000000,1
1531221497575,1531221497571,2179190,0.00001232,6725.00000000,1
1531221500533,1531221500528,2179191,0.00001231,1697.00000000,0
1531221500813,1531221500809,2179192,0.00001232,4080.00000000,0
1531221500848,1531221500845,2179193,0.00001232,533.00000000,1
1531221501673,1531221501669,2179194,0.00001231,4598.00000000,0
1531221508452,1531221508448,2179195,0.00001232,2565.00000000,0
1531221509673,1531221509668,2179196,0.00001232,1283.00000000,0
1531221510668,1531221510664,2179197,0.00001232,641.00000000,0
1531221511666,1531221511661,2179198,0.00001232,321.00000000,0
1531221512684,1531221512679,2179199,0.00001232,160.00000000,0
1531221559084,1531221559078,2179200,0.00001233,5796.00000000,0
1531221561360,1531221561356,2179201,0.00001234,1060.00000000,1
1531221561360,1531221561356,2179202,0.00001233,3553.00000000,1
1531221564227,1531221564221,2179203,0.00001234,4613.00000000,1
1531221567238,1531221567234,2179204,0.00001234,1800.00000000,1
1531221568561,1531221568556,2179205,0.00001234,2813.00000000,0
1531221568678,1531221568672,2179206,0.00001233,3253.00000000,1
1531221568690,1531221568686,2179207,0.00001234,2612.00000000,0
1531221599032,1531221599028,2179208,0.00001234,2181.00000000,0
1531221599689,1531221599686,2179209,0.00001234,330.00000000,0
1531221634529,1531221634525,2179210,0.00001234,1255.00000000,0
1531221639017,1531221639011,2179211,0.00001235,810.00000000,0
1531221736721,1531221736716,2179212,0.00001235,5241.00000000,0
1531221739719,1531221739715,2179213,0.00001235,4927.00000000,0
1531221741729,1531221741724,2179214,0.00001235,4613.00000000,0
1531221745731,1531221745727,2179215,0.00001235,157.00000000,0
1531221756038,1531221756032,2179216,0.00001234,672.00000000,1
1531221756570,1531221756567,2179217,0.00001236,117.00000000,0
1531221757719,1531221757715,2179218,0.00001235,414.00000000,0
1531221758735,1531221758730,2179219,0.00001235,207.00000000,0
1531221760727,1531221760722,2179220,0.00001235,104.00000000,0
1531221891726,1531221891722,2179221,0.00001235,334.00000000,0
1531221987785,1531221987781,2179222,0.00001234,8105.00000000,1
1531221988564,1531221988559,2179223,0.00001234,4497.00000000,0
1531221988564,1531221988559,2179224,0.00001236,4613.00000000,0
1531221989743,1531221989737,2179225,0.00001237,3166.00000000,1
1531221990753,1531221990747,2179226,0.00001237,2048.00000000,1
1531221993755,1531221993749,2179227,0.00001237,2605.00000000,1
1531221995924,1531221995920,2179228,0.00001237,1305.00000000,1
1531222025760,1531222025755,2179229,0.00001236,4313.00000000,1
1531222026746,1531222026741,2179230,0.00001236,325.00000000,1
1531222027749,1531222027745,2179231,0.00001236,163.00000000,1
1531222028767,1531222028763,2179232,0.00001236,4695.00000000,1
1531222032759,1531222032754,2179233,0.00001236,4613.00000000,1
1531222048841,1531222048836,2179234,0.00001237,10973.00000000,0
1531222049749,1531222049744,2179235,0.00001237,10818.00000000,1
1531222049881,1531222049876,2179236,0.00001235,3166.00000000,1
1531222050760,1531222050755,2179237,0.00001236,1611.00000000,1
1531222052525,1531222052521,2179238,0.00001236,52.00000000,1
1531222110786,1531222110781,2179239,0.00001236,754.00000000,1
1531222120522,1531222120517,2179240,0.00001235,700.00000000,1
1531222127782,1531222127778,2179241,0.00001235,5016.00000000,1
1531222131779,1531222131775,2179242,0.00001235,4814.00000000,1
1531222135805,1531222135801,2179243,0.00001235,4715.00000000,1
1531222162798,1531222162794,2179244,0.00001234,4613.00000000,1
1531222165800,1531222165798,2179245,0.00001234,4613.00000000,1
1531222366303,1531222366299,2179246,0.00001234,10227.00000000,1
1531222367305,1531222367300,2179247,0.00001233,6610.00000000,0
1531222367305,1531222367300,2179248,0.00001234,2656.00000000,0
1531222368817,1531222368812,2179249,0.00001233,3658.00000000,0
1531222369424,1531222369419,2179250,0.00001234,1632.00000000,0
1531222369915,1531222369911,2179251,0.00001236,52.00000000,0
1531222370671,1531222370666,2179252,0.00001235,3358.00000000,1
1531222436330,1531222436326,2179253,0.00001235,7206.00000000,0
1531222438882,1531222438878,2179254,0.00001235,3166.00000000,1
1531222439630,1531222439626,2179255,0.00001235,4613.00000000,1
1531222439830,1531222439825,2179256,0.00001235,3038.00000000,1
1531222498141,1531222498137,2179257,0.00001234,7884.00000000,1
1531222499961,1531222499956,2179258,0.00001233,2211.00000000,0
1531222499961,1531222499956,2179259,0.00001234,2402.00000000,0
1531222515598,1531222515593,2179260,0.00001232,221.00000000,1
1531222517712,1531222517709,2179261,0.00001233,117.00000000,0
1531222518971,1531222518966,2179262,0.00001233,3209.00000000,0
1531222537141,1531222537135,2179263,0.00001232,2312.00000000,1
1531222539007,1531222539003,2179264,0.00001232,3253.00000000,0
1531222543038,1531222543034,2179265,0.00001232,3166.00000000,0
1531222552841,1531222552836,2179266,0.00001232,12456.00000000,0
1531222585764,1531222585759,2179267,0.00001231,3552.00000000,1
1531222590487,1531222590484,2179268,0.00001232,1.00000000,0
1531222597722,1531222597719,2179269,0.00001231,41.00000000,1
1531222598194,1531222598193,2179270,0.00001231,4647.00000000,0
1531222600828,1531222600824,2179271,0.00001233,8102.00000000,0
1531222600845,1531222600841,2179272,0.00001233,18.00000000,0
1531222602840,1531222602836,2179273,0.00001233,6366.00000000,0
1531222603823,1531222603821,2179274,0.00001233,877.00000000,0
1531222605827,1531222605824,2179275,0.00001233,5051.00000000,0
1531222609836,1531222609832,2179276,0.00001233,4832.00000000,0
1531222612839,1531222612835,2179277,0.00001233,110.00000000,0
1531222695332,1531222695318,2179278,0.00001232,22047.00000000,1
1531222695332,1531222695318,2179279,0.00001231,9403.00000000,1
1531222695332,1531222695318,2179280,0.00001230,14813.00000000,1
1531222695332,1531222695318,2179281,0.00001229,485.00000000,1
1531222695332,1531222695318,2179282,0.00001228,602.00000000,1
1531222695332,1531222695318,2179283,0.00001227,254.00000000,1
1531222695332,1531222695318,2179284,0.00001226,913.00000000,1
1531222695332,1531222695318,2179285,0.00001225,1574.00000000,1
1531222695332,1531222695318,2179286,0.00001224,378.00000000,1
1531222695332,1531222695318,2179287,0.00001223,653.00000000,1
1531222695332,1531222695318,2179288,0.00001222,5039.00000000,1
1531222695332,1531222695318,2179289,0.00001221,1807.00000000,1
1531222695332,1531222695318,2179290,0.00001220,1005.00000000,1
1531222695332,1531222695318,2179291,0.00001219,1544.00000000,1
1531222695332,1531222695318,2179292,0.00001218,578.00000000,1
1531222695332,1531222695318,2179293,0.00001217,5717.00000000,1
1531222695332,1531222695318,2179294,0.00001216,944.00000000,1
1531222695332,1531222695318,2179295,0.00001214,1701.00000000,1
1531222695332,1531222695318,2179296,0.00001213,3948.00000000,1
1531222695332,1531222695318,2179297,0.00001212,221.00000000,1
1531222695332,1531222695318,2179298,0.00001211,2791.00000000,1
1531222695332,1531222695318,2179299,0.00001211,788.00000000,1
1531222695332,1531222695318,2179300,0.00001211,7931.00000000,1
1531222695332,1531222695318,2179301,0.00001211,954.00000000,1
1531222695343,1531222695341,2179302,0.00001216,1258.00000000,0
1531222695343,1531222695341,2179303,0.00001220,274.00000000,0
1531222695361,1531222695358,2179304,0.00001220,226.00000000,0
1531222695371,1531222695367,2179305,0.00001234,1258.00000000,0
1531222695454,1531222695450,2179306,0.00001226,370.00000000,0
1531222695736,1531222695732,2179307,0.00001224,163.00000000,0
1531222696194,1531222696190,2179308,0.00001225,138.00000000,1
1531222696224,1531222696219,2179309,0.00001227,471.00000000,0
1531222696244,1531222696240,2179310,0.00001225,4475.00000000,1
1531222696272,1531222696268,2179311,0.00001226,472.00000000,0
1531222696374,1531222696370,2179312,0.00001227,1.00000000,0
1531222696471,1531222696469,2179313,0.00001229,697.00000000,0
1531222696487,1531222696482,2179314,0.00001229,697.00000000,0
1531222697364,1531222697361,2179315,0.00001227,175.00000000,0
1531222699348,1531222699346,2179316,0.00001227,1808.00000000,0
1531222699419,1531222699414,2179317,0.00001228,1808.00000000,0
1531222700392,1531222700388,2179318,0.00001226,171.00000000,1
1531222701764,1531222701759,2179319,0.00001226,833.00000000,1
1531222701830,1531222701826,2179320,0.00001227,207.00000000,0
1531222705678,1531222705675,2179321,0.00001227,1500.00000000,1
1531222707835,1531222707831,2179322,0.00001227,3734.00000000,1
1531222707853,1531222707850,2179323,0.00001226,4234.00000000,1
1531222707875,1531222707872,2179324,0.00001226,379.00000000,1
1531222709292,1531222709288,2179325,0.00001228,190.00000000,0
1531222713965,1531222713960,2179326,0.00001228,747.00000000,0
1531222717032,1531222717027,2179327,0.00001228,1093.00000000,0
1531222717869,1531222717865,2179328,0.00001228,171.00000000,0
1531222717886,1531222717883,2179329,0.00001227,774.00000000,1
1531222718190,1531222718185,2179330,0.00001227,774.00000000,1
1531222720007,1531222720005,2179331,0.00001227,2787.00000000,1
1531222720831,1531222720827,2179332,0.00001226,7451.00000000,1
1531222722842,1531222722839,2179333,0.00001226,6037.00000000,1
1531222724160,1531222724156,2179334,0.00001222,83.00000000,1
1531222725830,1531222725826,2179335,0.00001226,708.00000000,1
1531222726838,1531222726835,2179336,0.00001226,352.00000000,1
1531222726838,1531222726835,2179337,0.00001225,4613.00000000,1
1531222741389,1531222741386,2179338,0.00001225,177.00000000,1
1531222741389,1531222741386,2179339,0.00001224,71.00000000,1
1531222741445,1531222741441,2179340,0.00001224,207.00000000,1
1531222741638,1531222741635,2179341,0.00001224,83.00000000,1
1531222742840,1531222742836,2179342,0.00001225,89.00000000,1
1531222744898,1531222744895,2179343,0.00001224,4204.00000000,0
1531222761939,1531222761935,2179344,0.00001223,82.00000000,1
1531222771958,1531222771954,2179345,0.00001223,1083.00000000,1
