event_time,trade_time,trade_id,price,quantity,maker
1531210404891,1531210404886,2223534,0.00020803,191.00000000,1
1531210426834,1531210426829,2223535,0.00020802,60.00000000,1
1531210430974,1531210430969,2223536,0.00020843,17.00000000,0
1531210435961,1531210435957,2223537,0.00020799,73.00000000,1
1531210435961,1531210435957,2223538,0.00020732,6.00000000,1
1531210446259,1531210446253,2223539,0.00020840,6.00000000,0
1531210526933,1531210526928,2223540,0.00020739,53.00000000,1
1531210542044,1531210542037,2223541,0.00020834,8.00000000,0
1531210542044,1531210542037,2223542,0.00020835,13.00000000,0
1531210542044,1531210542037,2223543,0.00020836,49.00000000,0
1531210542044,1531210542037,2223544,0.00020838,13.00000000,0
1531210542044,1531210542037,2223545,0.00020853,16.00000000,0
1531210548013,1531210548010,2223546,0.00020853,1.00000000,0
1531210549500,1531210549496,2223547,0.00020853,400.00000000,0
1531210574064,1531210574057,2223548,0.00020763,83.00000000,1
1531210574064,1531210574057,2223549,0.00020761,32.00000000,1
1531210574064,1531210574057,2223550,0.00020734,78.00000000,1
1531210574064,1531210574057,2223551,0.00020733,73.00000000,1
1531210574064,1531210574057,2223552,0.00020690,1217.00000000,1
1531210574064,1531210574057,2223553,0.00020689,830.00000000,1
1531210583813,1531210583809,2223554,0.00020700,64.00000000,1
1531210583813,1531210583809,2223555,0.00020698,14.00000000,1
1531210583813,1531210583809,2223556,0.00020688,1086.00000000,1
1531210617871,1531210617871,2223557,0.00020833,1.00000000,0
1531210685194,1531210685190,2223558,0.00020708,176.00000000,1
1531210685221,1531210685217,2223559,0.00020708,93.00000000,1
1531210831235,1531210831230,2223560,0.00020820,32.00000000,0
1531210831235,1531210831230,2223561,0.00020826,10.00000000,0
1531210831235,1531210831230,2223562,0.00020832,6.00000000,0
1531210896434,1531210896430,2223563,0.00020798,370.00000000,0
1531210896444,1531210896440,2223564,0.00020775,153.00000000,1
1531210945261,1531210945256,2223565,0.00020768,296.00000000,1
1531210960400,1531210960399,2223566,0.00020789,284.00000000,0
1531210960415,1531210960411,2223567,0.00020768,107.00000000,1
1531210979174,1531210979170,2223568,0.00020810,88.00000000,0
1531210979174,1531210979170,2223569,0.00020818,76.00000000,0
1531211006653,1531211006648,2223570,0.00020792,145.00000000,0
1531211006664,1531211006660,2223571,0.00020770,54.00000000,1
1531211044484,1531211044458,2223572,0.00020787,1849.00000000,0
1531211044484,1531211044467,2223573,0.00020770,706.00000000,1
1531211074426,1531211074422,2223574,0.00020797,18.00000000,0
1531211083177,1531211083173,2223575,0.00020797,13.00000000,0
1531211127740,1531211127736,2223576,0.00020789,688.00000000,0
1531211127749,1531211127746,2223577,0.00020776,302.00000000,1
1531211171670,1531211171666,2223578,0.00020779,854.00000000,0
1531211171682,1531211171678,2223579,0.00020776,678.00000000,1
1531211210602,1531211210599,2223580,0.00020777,1606.00000000,0
1531211210612,1531211210612,2223581,0.00020776,323.00000000,1
1531211210640,1531211210635,2223582,0.00020776,758.00000000,1
1531211245979,1531211245974,2223583,0.00020776,171.00000000,1
1531211251772,1531211251768,2223584,0.00020775,740.00000000,1
1531211346626,1531211346622,2223585,0.00020770,316.00000000,0
1531211354479,1531211354475,2223586,0.00020770,34.00000000,0
1531211384068,1531211384064,2223587,0.00020769,10.00000000,1
1531211384602,1531211384597,2223588,0.00020767,21.00000000,1
1531211384602,1531211384597,2223589,0.00020766,43.00000000,1
1531211384602,1531211384597,2223590,0.00020710,10.00000000,1
1531211384602,1531211384597,2223591,0.00020708,20.00000000,1
1531211384602,1531211384597,2223592,0.00020707,327.00000000,1
1531211384602,1531211384597,2223593,0.00020651,5.00000000,1
1531211384602,1531211384597,2223594,0.00020615,412.00000000,1
1531211384602,1531211384597,2223595,0.00020614,713.00000000,1
1531211415157,1531211415153,2223596,0.00020762,1.00000000,0
1531211454981,1531211454977,2223597,0.00020644,211.00000000,1
1531211476809,1531211476805,2223598,0.00020696,1.00000000,0
1531211505860,1531211505855,2223599,0.00020620,33.00000000,1
1531211505860,1531211505855,2223600,0.00020619,70.00000000,1
1531211507281,1531211507277,2223601,0.00020657,939.00000000,0
1531211507292,1531211507288,2223602,0.00020619,309.00000000,1
1531211509984,1531211509980,2223603,0.00020619,5.00000000,0
1531211526022,1531211526017,2223604,0.00020614,139.00000000,1
1531211526042,1531211526038,2223605,0.00020614,81.00000000,1
1531211526064,1531211526060,2223606,0.00020619,65.00000000,0
1531211528635,1531211528630,2223607,0.00020692,1.00000000,0
1531211562897,1531211562892,2223608,0.00020679,50.00000000,0
1531211563895,1531211563890,2223609,0.00020678,96.00000000,0
1531211568297,1531211568293,2223610,0.00020614,14.00000000,1
1531211568297,1531211568293,2223611,0.00020613,5.00000000,1
1531211574926,1531211574926,2223612,0.00020673,1.00000000,0
1531211594784,1531211594779,2223613,0.00020641,1272.00000000,0
1531211594804,1531211594799,2223614,0.00020614,624.00000000,1
1531211615657,1531211615652,2223615,0.00020662,2.00000000,0
1531211615877,1531211615873,2223616,0.00020662,2.00000000,0
1531211626288,1531211626284,2223617,0.00020623,363.00000000,0
1531211626300,1531211626296,2223618,0.00020614,319.00000000,1
1531211655583,1531211655579,2223619,0.00020616,6.00000000,0
1531211655603,1531211655598,2223620,0.00020614,5.00000000,1
1531211694866,1531211694862,2223621,0.00020616,169.00000000,0
1531211731224,1531211731221,2223622,0.00020616,494.00000000,0
1531211765316,1531211765311,2223623,0.00020615,919.00000000,0
1531211765327,1531211765322,2223624,0.00020614,306.00000000,1
1531211765350,1531211765346,2223625,0.00020614,365.00000000,1
1531211796844,1531211796838,2223626,0.00020615,1.00000000,0
1531211827998,1531211827995,2223627,0.00020614,766.00000000,1
1531211828013,1531211828008,2223628,0.00020614,346.00000000,0
1531211828022,1531211828017,2223629,0.00020614,310.00000000,1
1531211828042,1531211828038,2223630,0.00020614,456.00000000,1
1531211836627,1531211836622,2223631,0.00020615,54.00000000,0
1531211849359,1531211849354,2223632,0.00020614,274.00000000,1
1531211867103,1531211867099,2223633,0.00020615,169.00000000,0
1531211868336,1531211868332,2223634,0.00020611,1562.00000000,0
1531211868342,1531211868340,2223635,0.00020608,680.00000000,1
1531211868359,1531211868354,2223636,0.00020608,562.00000000,1
1531211894755,1531211894752,2223637,0.00020609,27.00000000,0
1531211894755,1531211894752,2223638,0.00020610,215.00000000,0
1531211896289,1531211896285,2223639,0.00020609,1001.00000000,0
1531211896306,1531211896302,2223640,0.00020608,762.00000000,1
1531211896326,1531211896321,2223641,0.00020608,421.00000000,1
1531211930082,1531211930078,2223642,0.00020609,4.00000000,0
1531211932560,1531211932554,2223643,0.00020609,3.00000000,0
1531211945199,1531211945194,2223644,0.00020608,318.00000000,0
1531211949218,1531211949213,2223645,0.00020607,60.00000000,1
1531211980986,1531211980981,2223646,0.00020608,199.00000000,0
1531211980987,1531211980983,2223647,0.00020608,199.00000000,0
1531211981378,1531211981374,2223648,0.00020608,6.00000000,0
1531212041290,1531212041286,2223649,0.00020608,9.00000000,0
1531212120115,1531212120112,2223650,0.00020608,169.00000000,0
1531212123861,1531212123858,2223651,0.00020607,8.00000000,1
1531212123861,1531212123858,2223652,0.00020600,5.00000000,1
1531212123861,1531212123858,2223653,0.00020583,73.00000000,1
1531212167452,1531212167448,2223654,0.00020583,240.00000000,1
1531212167473,1531212167468,2223655,0.00020583,404.00000000,1
1531212208406,1531212208401,2223656,0.00020582,5.00000000,1
1531212238587,1531212238581,2223657,0.00020583,3.00000000,0
1531212258046,1531212258043,2223658,0.00020582,3831.00000000,1
1531212329118,1531212329114,2223659,0.00020583,2468.00000000,0
1531212333522,1531212333519,2223660,0.00020583,75.00000000,1
1531212418611,1531212418606,2223661,0.00020583,1.00000000,0
1531212438816,1531212438813,2223662,0.00020582,1.00000000,1
1531212464423,1531212464419,2223663,0.00020572,390.00000000,1
1531212464423,1531212464419,2223664,0.00020571,15.00000000,1
1531212472208,1531212472204,2223665,0.00020569,41.00000000,0
1531212472306,1531212472302,2223666,0.00020569,42.00000000,0
1531212490891,1531212490884,2223667,0.00020539,23.00000000,1
1531212490891,1531212490884,2223668,0.00020537,306.00000000,1
1531212490891,1531212490884,2223669,0.00020530,12.00000000,1
1531212490891,1531212490884,2223670,0.00020508,6.00000000,1
1531212490891,1531212490884,2223671,0.00020500,190.00000000,1
1531212490918,1531212490914,2223672,0.00020500,1230.00000000,0
1531212490927,1531212490922,2223673,0.00020500,6.00000000,0
1531212490941,1531212490936,2223674,0.00020500,1230.00000000,0
1531212490944,1531212490940,2223675,0.00020500,23.00000000,0
1531212491904,1531212491900,2223676,0.00020497,14.00000000,1
1531212493287,1531212493282,2223677,0.00020497,1.00000000,1
1531212502777,1531212502772,2223678,0.00020497,227.00000000,1
1531212515351,1531212515345,2223679,0.00020441,109.00000000,1
1531212515351,1531212515345,2223680,0.00020440,253.00000000,1
1531212515351,1531212515345,2223681,0.00020438,5.00000000,1
1531212515351,1531212515345,2223682,0.00020432,10.00000000,1
1531212515351,1531212515345,2223683,0.00020426,10.00000000,1
1531212515375,1531212515369,2223684,0.00020400,242.00000000,0
1531212515378,1531212515374,2223685,0.00020400,60.00000000,0
1531212515406,1531212515398,2223686,0.00020400,60.00000000,0
1531212515410,1531212515405,2223687,0.00020400,60.00000000,0
1531212515410,1531212515406,2223688,0.00020400,279.00000000,0
1531212515442,1531212515439,2223689,0.00020400,220.00000000,0
1531212520374,1531212520369,2223690,0.00020388,1.00000000,1
1531212525454,1531212525450,2223691,0.00020397,6.00000000,0
1531212526126,1531212526122,2223692,0.00020387,2462.00000000,1
1531212530888,1531212530877,2223693,0.00020363,11.00000000,1
1531212530888,1531212530877,2223694,0.00020311,29.00000000,1
1531212530888,1531212530877,2223695,0.00020306,29.00000000,1
1531212530888,1531212530877,2223696,0.00020300,12.00000000,1
1531212530888,1531212530877,2223697,0.00020299,18.00000000,1
1531212530888,1531212530877,2223698,0.00020292,5.00000000,1
1531212530888,1531212530877,2223699,0.00020289,6.00000000,1
1531212530888,1531212530877,2223700,0.00020264,10.00000000,1
1531212530888,1531212530877,2223701,0.00020262,24.00000000,1
1531212530888,1531212530877,2223702,0.00020256,103.00000000,1
1531212530888,1531212530877,2223703,0.00020250,793.00000000,1
1531212530888,1531212530877,2223704,0.00020240,1580.00000000,1
1531212530888,1531212530877,2223705,0.00020234,29.00000000,1
1531212530888,1531212530877,2223706,0.00020233,8.00000000,1
1531212530888,1531212530877,2223707,0.00020232,49.00000000,1
1531212530888,1531212530877,2223708,0.00020223,8.00000000,1
1531212530888,1531212530877,2223709,0.00020221,9.00000000,1
1531212530888,1531212530877,2223710,0.00020216,24.00000000,1
1531212530888,1531212530877,2223711,0.00020215,20.00000000,1
1531212530888,1531212530877,2223712,0.00020212,53.00000000,1
1531212530888,1531212530877,2223713,0.00020209,33.00000000,1
1531212530888,1531212530877,2223714,0.00020208,5.00000000,1
1531212530888,1531212530877,2223715,0.00020206,117.00000000,1
1531212530888,1531212530877,2223716,0.00020200,79.00000000,1
1531212530901,1531212530896,2223717,0.00020200,575.00000000,0
1531212530933,1531212530929,2223718,0.00020200,84.00000000,0
1531212530936,1531212530932,2223719,0.00020199,11.00000000,1
1531212530938,1531212530935,2223720,0.00020200,11.00000000,0
1531212530941,1531212530936,2223721,0.00020200,575.00000000,0
1531212530942,1531212530938,2223722,0.00020200,11.00000000,0
1531212531305,1531212531302,2223723,0.00020200,495.00000000,0
1531212531868,1531212531863,2223724,0.00020200,203.00000000,0
1531212532813,1531212532810,2223725,0.00020200,292.00000000,0
1531212533816,1531212533812,2223726,0.00020199,760.00000000,1
1531212534191,1531212534186,2223727,0.00020200,128.00000000,0
1531212535813,1531212535809,2223728,0.00020200,64.00000000,0
1531212536037,1531212536032,2223729,0.00020174,11.00000000,1
1531212537418,1531212537413,2223730,0.00020180,11.00000000,0
1531212537418,1531212537413,2223731,0.00020229,1.00000000,0
1531212544168,1531212544165,2223732,0.00020228,14.00000000,0
1531212545103,1531212545101,2223733,0.00020176,1.00000000,1
1531212546053,1531212546049,2223734,0.00020228,14.00000000,0
1531212546053,1531212546049,2223735,0.00020229,8.00000000,0
1531212546053,1531212546049,2223736,0.00020231,7.00000000,0
1531212546120,1531212546114,2223737,0.00020234,1.00000000,1
1531212546152,1531212546147,2223738,0.00020272,16.00000000,0
1531212546152,1531212546147,2223739,0.00020273,9.00000000,0
1531212546152,1531212546147,2223740,0.00020277,4.00000000,0
1531212546845,1531212546841,2223741,0.00020177,117.00000000,1
1531212547445,1531212547440,2223742,0.00020277,13.00000000,0
1531212550191,1531212550186,2223743,0.00020201,30.00000000,1
1531212550805,1531212550800,2223744,0.00020195,30.00000000,0
1531212551801,1531212551796,2223745,0.00020201,29.00000000,1
1531212551985,1531212551980,2223746,0.00020201,43.00000000,1
1531212551986,1531212551981,2223747,0.00020201,18.00000000,1
1531212552470,1531212552464,2223748,0.00020193,43.00000000,0
1531212552470,1531212552464,2223749,0.00020275,110.00000000,0
1531212552470,1531212552464,2223750,0.00020276,34.00000000,0
1531212552470,1531212552464,2223751,0.00020277,7.00000000,0
1531212553248,1531212553242,2223752,0.00020179,39.00000000,1
1531212554182,1531212554181,2223753,0.00020179,43.00000000,1
1531212554246,1531212554242,2223754,0.00020179,15.00000000,1
1531212556073,1531212556067,2223755,0.00020179,33.00000000,1
1531212556073,1531212556067,2223756,0.00020174,4.00000000,1
1531212556073,1531212556067,2223757,0.00020171,6.00000000,1
1531212562080,1531212562076,2223758,0.00020211,106.00000000,1
1531212565802,1531212565799,2223759,0.00020225,100.00000000,0
1531212565890,1531212565885,2223760,0.00020225,67.00000000,0
1531212567817,1531212567813,2223761,0.00020226,10.00000000,0
1531212569132,1531212569129,2223762,0.00020212,43.00000000,1
1531212581892,1531212581887,2223763,0.00020224,50.00000000,0
1531212590241,1531212590236,2223764,0.00020257,409.00000000,0
1531212597288,1531212597283,2223765,0.00020196,7.00000000,1
1531212597801,1531212597796,2223766,0.00020211,50.00000000,0
1531212613790,1531212613786,2223767,0.00020196,6.00000000,1
1531212616579,1531212616573,2223768,0.00020237,6.00000000,0
1531212616604,1531212616600,2223769,0.00020237,6.00000000,1
1531212616628,1531212616624,2223770,0.00020237,28.00000000,1
1531212617973,1531212617947,2223771,0.00020239,85.00000000,0
1531212619819,1531212619815,2223772,0.00020248,117.00000000,0
1531212621820,1531212621814,2223773,0.00020254,29.00000000,0
1531212623119,1531212623115,2223774,0.00020255,10.00000000,0
1531212624055,1531212624050,2223775,0.00020282,17.00000000,0
1531212627467,1531212627462,2223776,0.00020245,29.00000000,1
1531212627844,1531212627841,2223777,0.00020245,8.00000000,0
1531212627957,1531212627951,2223778,0.00020245,3.00000000,0
1531212633706,1531212633701,2223779,0.00020259,1386.00000000,0
1531212633721,1531212633716,2223780,0.00020281,478.00000000,0
1531212634908,1531212634904,2223781,0.00020262,25.00000000,0
1531212647483,1531212647478,2223782,0.00020282,3.00000000,0
1531212650823,1531212650819,2223783,0.00020285,10.00000000,0
1531212652964,1531212652960,2223784,0.00020282,8.00000000,1
1531212655613,1531212655608,2223785,0.00020305,6.00000000,0
1531212659425,1531212659422,2223786,0.00020282,17.00000000,1
1531212664255,1531212664249,2223787,0.00020304,442.00000000,0
1531212666960,1531212666955,2223788,0.00020305,1.00000000,0
1531212676956,1531212676949,2223789,0.00020282,113.00000000,1
1531212681912,1531212681908,2223790,0.00020301,46.00000000,0
1531212691319,1531212691315,2223791,0.00020291,150.00000000,0
1531212705227,1531212705222,2223792,0.00020262,9.00000000,1
1531212734104,1531212734099,2223793,0.00020241,7.00000000,1
1531212738457,1531212738453,2223794,0.00020242,5.00000000,1
1531212759833,1531212759828,2223795,0.00020280,10.00000000,0
1531212787934,1531212787929,2223796,0.00020279,677.00000000,0
1531212807308,1531212807304,2223797,0.00020242,16.00000000,1
1531212810600,1531212810594,2223798,0.00020279,84.00000000,0
1531212810615,1531212810609,2223799,0.00020279,743.00000000,0
1531212828506,1531212828502,2223800,0.00020279,300.00000000,0
1531212828524,1531212828519,2223801,0.00020279,578.00000000,0
1531212835999,1531212835995,2223802,0.00020280,74.00000000,0
1531212854825,1531212854819,2223803,0.00020290,85.00000000,0
1531212854825,1531212854819,2223804,0.00020291,13.00000000,0
1531212854825,1531212854819,2223805,0.00020304,51.00000000,0
1531212886132,1531212886129,2223806,0.00020305,5.00000000,0
1531212913957,1531212913952,2223807,0.00020305,1.00000000,0
1531212931324,1531212931319,2223808,0.00020304,307.00000000,0
1531212955837,1531212955833,2223809,0.00020301,190.00000000,0
1531212963273,1531212963269,2223810,0.00020267,22.00000000,1
1531212963273,1531212963269,2223811,0.00020249,14.00000000,1
1531212963273,1531212963269,2223812,0.00020248,764.00000000,1
1531212999677,1531212999672,2223813,0.00020304,14.00000000,0
1531212999677,1531212999672,2223814,0.00020305,13.00000000,0
1531213019501,1531213019496,2223815,0.00020274,341.00000000,0
1531213019515,1531213019511,2223816,0.00020299,364.00000000,0
1531213019529,1531213019524,2223817,0.00020299,231.00000000,0
1531213068449,1531213068445,2223818,0.00020250,84.00000000,1
1531213144776,1531213144769,2223819,0.00020261,13.00000000,0
1531213159376,1531213159369,2223820,0.00020258,61.00000000,0
1531213159376,1531213159369,2223821,0.00020303,9.00000000,0
1531213159376,1531213159369,2223822,0.00020305,431.00000000,0
1531213159376,1531213159369,2223823,0.00020313,19.00000000,0
1531213161610,1531213161607,2223824,0.00020313,6.00000000,0
1531213177480,1531213177475,2223825,0.00020311,466.00000000,0
1531213201629,1531213201624,2223826,0.00020311,23.00000000,0
1531213201629,1531213201624,2223827,0.00020312,223.00000000,0
1531213202051,1531213202046,2223828,0.00020312,12.00000000,0
1531213204464,1531213204461,2223829,0.00020258,5.00000000,1
1531213248184,1531213248180,2223830,0.00020249,9.00000000,1
1531213248184,1531213248180,2223831,0.00020248,2.00000000,1
1531213249691,1531213249686,2223832,0.00020299,5.00000000,0
1531213249691,1531213249686,2223833,0.00020300,950.00000000,0
1531213249691,1531213249686,2223834,0.00020312,45.00000000,0
1531213255634,1531213255629,2223835,0.00020311,9.00000000,0
1531213255634,1531213255629,2223836,0.00020312,130.00000000,0
1531213269548,1531213269543,2223837,0.00020310,1.00000000,0
1531213279212,1531213279206,2223838,0.00020310,9.00000000,0
1531213279386,1531213279382,2223839,0.00020311,200.00000000,1
1531213287752,1531213287746,2223840,0.00020310,261.00000000,0
1531213307298,1531213307294,2223841,0.00020309,422.00000000,0
1531213324897,1531213324894,2223842,0.00020284,29.00000000,1
1531213366895,1531213366891,2223843,0.00020261,16.00000000,1
1531213366895,1531213366891,2223844,0.00020258,7.00000000,1
1531213366895,1531213366891,2223845,0.00020252,7.00000000,1
1531213371454,1531213371450,2223846,0.00020252,3.00000000,1
1531213384917,1531213384913,2223847,0.00020244,29.00000000,0
1531213406413,1531213406409,2223848,0.00020244,1.00000000,0
1531213410324,1531213410321,2223849,0.00020244,16.00000000,0
1531213410353,1531213410347,2223850,0.00020244,29.00000000,0
1531213410473,1531213410467,2223851,0.00020240,29.00000000,1
1531213412078,1531213412073,2223852,0.00020244,12.00000000,0
1531213433228,1531213433225,2223853,0.00020301,10.00000000,0
1531213433228,1531213433225,2223854,0.00020303,17.00000000,0
1531213444918,1531213444914,2223855,0.00020299,1.00000000,0
1531213448998,1531213448994,2223856,0.00020299,9.00000000,0
1531213452026,1531213452021,2223857,0.00020292,9.00000000,0
1531213455251,1531213455247,2223858,0.00020300,65.00000000,0
1531213460111,1531213460107,2223859,0.00020272,902.00000000,0
1531213460125,1531213460121,2223860,0.00020300,415.00000000,0
1531213460702,1531213460697,2223861,0.00020300,10.00000000,1
1531213460952,1531213460947,2223862,0.00020300,55.00000000,1
1531213466541,1531213466536,2223863,0.00020292,2.00000000,0
1531213468247,1531213468243,2223864,0.00020301,5.00000000,0
1531213468384,1531213468379,2223865,0.00020301,5.00000000,0
1531213470083,1531213470076,2223866,0.00020246,47.00000000,1
1531213470083,1531213470076,2223867,0.00020245,203.00000000,1
1531213470083,1531213470076,2223868,0.00020244,10.00000000,1
1531213470083,1531213470076,2223869,0.00020242,20.00000000,1
1531213470083,1531213470076,2223870,0.00020240,41.00000000,1
1531213470083,1531213470076,2223871,0.00020238,496.00000000,1
1531213514259,1531213514255,2223872,0.00020238,364.00000000,1
1531213514294,1531213514289,2223873,0.00020238,28.00000000,0
1531213525969,1531213525965,2223874,0.00020237,790.00000000,1
1531213532155,1531213532150,2223875,0.00020238,49.00000000,0
1531213535403,1531213535398,2223876,0.00020237,63.00000000,1
1531213543638,1531213543633,2223877,0.00020238,110.00000000,0
1531213543638,1531213543633,2223878,0.00020279,41.00000000,0
1531213543638,1531213543633,2223879,0.00020280,33.00000000,0
1531213543638,1531213543633,2223880,0.00020288,666.00000000,0
1531213545339,1531213545335,2223881,0.00020288,1.00000000,0
1531213562205,1531213562199,2223882,0.00020238,336.00000000,1
1531213600532,1531213600529,2223883,0.00020238,1.00000000,0
1531213605225,1531213605222,2223884,0.00020238,628.00000000,0
1531213620755,1531213620752,2223885,0.00020238,1.00000000,0
1531213650516,1531213650511,2223886,0.00020288,51.00000000,0
1531213650516,1531213650511,2223887,0.00020299,897.00000000,0
1531213650516,1531213650511,2223888,0.00020303,12.00000000,0
1531213650516,1531213650511,2223889,0.00020308,40.00000000,0
1531213659564,1531213659561,2223890,0.00020307,10.00000000,0
1531213697448,1531213697443,2223891,0.00020299,1.00000000,0
1531213760733,1531213760727,2223892,0.00020300,1.00000000,0
1531213761699,1531213761695,2223893,0.00020300,20.00000000,0
1531213765543,1531213765538,2223894,0.00020300,5.00000000,0
1531213770300,1531213770296,2223895,0.00020299,67.00000000,1
1531213825467,1531213825461,2223896,0.00020252,1830.00000000,0
1531213825473,1531213825470,2223897,0.00020267,796.00000000,0
1531213831984,1531213831981,2223898,0.00020268,5.00000000,0
1531213847427,1531213847422,2223899,0.00020256,611.00000000,0
1531213847453,1531213847449,2223900,0.00020256,647.00000000,0
1531213871099,1531213871093,2223901,0.00020268,16.00000000,0
1531213871099,1531213871093,2223902,0.00020269,144.00000000,0
1531213885786,1531213885781,2223903,0.00020269,500.00000000,0
1531213931162,1531213931157,2223904,0.00020250,375.00000000,1
1531213954720,1531213954716,2223905,0.00020250,14.00000000,1
1531213970685,1531213970680,2223906,0.00020250,6.00000000,0
1531213974221,1531213974217,2223907,0.00020250,7.00000000,0
1531214011939,1531214011934,2223908,0.00020250,30.00000000,0
1531214017031,1531214017026,2223909,0.00020250,200.00000000,0
1531214026636,1531214026631,2223910,0.00020250,224.00000000,0
1531214026656,1531214026651,2223911,0.00020250,84.00000000,0
1531214032799,1531214032796,2223912,0.00020248,5.00000000,1
1531214060984,1531214060980,2223913,0.00020249,775.00000000,0
1531214066879,1531214066875,2223914,0.00020250,3.00000000,0
1531214082392,1531214082389,2223915,0.00020250,56.00000000,0
1531214084613,1531214084609,2223916,0.00020250,6.00000000,0
1531214093425,1531214093420,2223917,0.00020250,32.00000000,1
1531214105145,1531214105140,2223918,0.00020249,155.00000000,0
1531214107822,1531214107816,2223919,0.00020248,20.00000000,1
1531214107840,1531214107836,2223920,0.00020248,670.00000000,0
1531214107852,1531214107848,2223921,0.00020249,491.00000000,0
1531214107865,1531214107860,2223922,0.00020249,177.00000000,0
1531214110611,1531214110606,2223923,0.00020250,51.00000000,0
1531214118339,1531214118335,2223924,0.00020250,49.00000000,0
1531214127969,1531214127963,2223925,0.00020238,43.00000000,1
1531214129565,1531214129561,2223926,0.00020248,122.00000000,0
1531214136000,1531214135996,2223927,0.00020247,37.00000000,0
1531214142248,1531214142245,2223928,0.00020238,1.00000000,1
1531214159305,1531214159300,2223929,0.00020238,101.00000000,1
1531214172401,1531214172397,2223930,0.00020237,168.00000000,1
1531214182202,1531214182199,2223931,0.00020237,50.00000000,1
1531214191032,1531214191028,2223932,0.00020240,2.00000000,0
1531214193308,1531214193304,2223933,0.00020237,31.00000000,1
1531214259007,1531214259001,2223934,0.00020238,7.00000000,0
1531214265359,1531214265356,2223935,0.00020238,150.00000000,0
1531214413399,1531214413395,2223936,0.00020237,10.00000000,1
1531214413399,1531214413395,2223937,0.00020207,5.00000000,1
1531214413399,1531214413395,2223938,0.00020201,5.00000000,1
1531214413399,1531214413395,2223939,0.00020200,464.00000000,1
1531214421168,1531214421164,2223940,0.00020199,92.00000000,0
1531214424109,1531214424106,2223941,0.00020199,73.00000000,0
1531214429108,1531214429104,2223942,0.00020199,217.00000000,0
1531214429743,1531214429740,2223943,0.00020199,149.00000000,1
1531214445473,1531214445469,2223944,0.00020200,31.00000000,0
1531214452671,1531214452667,2223945,0.00020200,223.00000000,0
1531214474942,1531214474938,2223946,0.00020199,16.00000000,1
1531214474956,1531214474953,2223947,0.00020199,375.00000000,0
1531214474971,1531214474968,2223948,0.00020199,16.00000000,1
1531214497577,1531214497571,2223949,0.00020190,46.00000000,1
1531214497577,1531214497571,2223950,0.00020182,66.00000000,1
1531214497577,1531214497571,2223951,0.00020177,10.00000000,1
1531214497577,1531214497571,2223952,0.00020167,347.00000000,1
1531214502018,1531214502013,2223953,0.00020198,224.00000000,0
1531214536700,1531214536697,2223954,0.00020167,43.00000000,1
1531214550862,1531214550859,2223955,0.00020181,224.00000000,0
1531214561048,1531214561043,2223956,0.00020169,410.00000000,1
1531214561048,1531214561043,2223957,0.00020155,3626.00000000,1
1531214562224,1531214562219,2223958,0.00020153,27.00000000,1
1531214563062,1531214563056,2223959,0.00020153,2.00000000,1
1531214563062,1531214563056,2223960,0.00020150,22.00000000,1
1531214563064,1531214563059,2223961,0.00020150,28.00000000,1
1531214563115,1531214563111,2223962,0.00020150,24.00000000,1
1531214563409,1531214563404,2223963,0.00020150,24.00000000,1
1531214564601,1531214564596,2223964,0.00020155,2.00000000,0
1531214569934,1531214569929,2223965,0.00020155,50.00000000,0
1531214589108,1531214589105,2223966,0.00020152,1099.00000000,0
1531214589129,1531214589125,2223967,0.00020154,447.00000000,0
1531214589634,1531214589631,2223968,0.00020150,11.00000000,1
1531214597257,1531214597254,2223969,0.00020158,180.00000000,0
1531214598858,1531214598852,2223970,0.00020158,224.00000000,0
1531214612075,1531214612070,2223971,0.00020152,793.00000000,0
1531214612093,1531214612089,2223972,0.00020151,585.00000000,1
1531214612117,1531214612113,2223973,0.00020151,522.00000000,1
1531214612173,1531214612169,2223974,0.00020153,1.00000000,0
1531214625665,1531214625662,2223975,0.00020150,340.00000000,1
1531214634985,1531214634981,2223976,0.00020150,3.00000000,0
1531214652676,1531214652671,2223977,0.00020150,114.00000000,1
1531214668519,1531214668515,2223978,0.00020151,214.00000000,0
1531214668537,1531214668532,2223979,0.00020151,784.00000000,0
1531214677406,1531214677402,2223980,0.00020150,151.00000000,1
1531214684060,1531214684056,2223981,0.00020151,82.00000000,1
1531214684060,1531214684056,2223982,0.00020150,569.00000000,1
1531214693079,1531214693074,2223983,0.00020151,50.00000000,1
1531214693079,1531214693074,2223984,0.00020150,139.00000000,1
1531214698865,1531214698861,2223985,0.00020150,17.00000000,0
1531214716541,1531214716536,2223986,0.00020139,47.00000000,1
1531214722107,1531214722104,2223987,0.00020151,651.00000000,0
1531214722444,1531214722438,2223988,0.00020151,52.00000000,1
1531214722444,1531214722438,2223989,0.00020140,849.00000000,1
1531214722444,1531214722438,2223990,0.00020139,336.00000000,1
1531214722444,1531214722438,2223991,0.00020122,57.00000000,1
1531214754158,1531214754152,2223992,0.00020136,1199.00000000,0
1531214754169,1531214754166,2223993,0.00020150,612.00000000,0
1531214766083,1531214766079,2223994,0.00020143,160.00000000,0
1531214766094,1531214766089,2223995,0.00020143,121.00000000,0
1531214791681,1531214791677,2223996,0.00020126,14.00000000,1
1531214791681,1531214791677,2223997,0.00020125,5.00000000,1
1531214791681,1531214791677,2223998,0.00020123,12.00000000,1
1531214791681,1531214791677,2223999,0.00020122,468.00000000,1
1531214829875,1531214829872,2224000,0.00020139,119.00000000,1
1531214841674,1531214841671,2224001,0.00020123,6.00000000,0
1531214843684,1531214843679,2224002,0.00020122,570.00000000,1
1531214850168,1531214850165,2224003,0.00020123,10.00000000,0
1531214865238,1531214865234,2224004,0.00020210,104.00000000,0
1531214868318,1531214868312,2224005,0.00020209,84.00000000,0
1531214873989,1531214873986,2224006,0.00020125,35.00000000,1
1531214873989,1531214873986,2224007,0.00020122,203.00000000,1
1531214887611,1531214887606,2224008,0.00020123,85.00000000,1
1531214887611,1531214887606,2224009,0.00020122,35.00000000,1
1531214887611,1531214887606,2224010,0.00020103,356.00000000,1
1531214887611,1531214887606,2224011,0.00020102,86.00000000,1
1531214887611,1531214887606,2224012,0.00020100,293.00000000,1
1531214887611,1531214887606,2224013,0.00020100,28.00000000,1
1531214887611,1531214887606,2224014,0.00020058,38.00000000,1
1531214892964,1531214892959,2224015,0.00020093,11.00000000,0
1531214894953,1531214894948,2224016,0.00020199,8.00000000,0
1531214909046,1531214909042,2224017,0.00020192,195.00000000,0
1531214927150,1531214927145,2224018,0.00020133,35.00000000,0
1531214927150,1531214927145,2224019,0.00020134,5.00000000,0
1531215034169,1531215034166,2224020,0.00020140,2.00000000,0
1531215051627,1531215051623,2224021,0.00020133,60.00000000,0
1531215051627,1531215051623,2224022,0.00020134,49.00000000,0
1531215051627,1531215051623,2224023,0.00020140,8.00000000,0
1531215059329,1531215059324,2224024,0.00020145,10.00000000,1
1531215062159,1531215062154,2224025,0.00020141,14.00000000,1
1531215062159,1531215062154,2224026,0.00020140,52.00000000,1
1531215067126,1531215067119,2224027,0.00020086,10.00000000,1
1531215067126,1531215067119,2224028,0.00020072,10.00000000,1
1531215067126,1531215067119,2224029,0.00020070,224.00000000,1
1531215067126,1531215067119,2224030,0.00020058,22.00000000,1
1531215067126,1531215067119,2224031,0.00020054,24.00000000,1
1531215067126,1531215067119,2224032,0.00020051,119.00000000,1
1531215072100,1531215072096,2224033,0.00020138,7.00000000,0
1531215084936,1531215084932,2224034,0.00020133,2.00000000,0
1531215102323,1531215102318,2224035,0.00020056,6.00000000,0
1531215108666,1531215108662,2224036,0.00020076,658.00000000,0
1531215115968,1531215115964,2224037,0.00020076,446.00000000,0
1531215126622,1531215126617,2224038,0.00020126,1.00000000,0
1531215129378,1531215129373,2224039,0.00020065,175.00000000,1
1531215129378,1531215129373,2224040,0.00020063,3325.00000000,1
1531215148448,1531215148443,2224041,0.00020119,8.00000000,0
1531215151462,1531215151458,2224042,0.00020123,6.00000000,0
1531215195099,1531215195095,2224043,0.00020081,45.00000000,1
1531215195099,1531215195095,2224044,0.00020071,2160.00000000,1
1531215195118,1531215195114,2224045,0.00020071,24.00000000,0
1531215239224,1531215239220,2224046,0.00020124,114.00000000,0
1531215239224,1531215239220,2224047,0.00020125,76.00000000,0
1531215243845,1531215243841,2224048,0.00020125,741.00000000,0
1531215243867,1531215243862,2224049,0.00020125,662.00000000,0
1531215244081,1531215244077,2224050,0.00020127,10.00000000,0
1531215262089,1531215262084,2224051,0.00020125,10.00000000,1
1531215267919,1531215267915,2224052,0.00020144,777.00000000,0
1531215267935,1531215267931,2224053,0.00020125,66.00000000,1
1531215277022,1531215277018,2224054,0.00020081,10.00000000,1
1531215277170,1531215277165,2224055,0.00020123,10.00000000,0
1531215277170,1531215277165,2224056,0.00020125,672.00000000,0
1531215287599,1531215287596,2224057,0.00020132,333.00000000,0
1531215294600,1531215294596,2224058,0.00020132,28.00000000,0
1531215300041,1531215300036,2224059,0.00020130,10.00000000,0
1531215300041,1531215300036,2224060,0.00020132,18.00000000,0
1531215305011,1531215305007,2224061,0.00020133,15.00000000,1
1531215309231,1531215309226,2224062,0.00020113,838.00000000,0
1531215309245,1531215309242,2224063,0.00020144,66.00000000,0
1531215309265,1531215309262,2224064,0.00020144,306.00000000,0
1531215323510,1531215323506,2224065,0.00020145,1.00000000,0
1531215325218,1531215325215,2224066,0.00020145,19.00000000,0
1531215335017,1531215335014,2224067,0.00020157,22.00000000,0
1531215346163,1531215346160,2224068,0.00020199,100.00000000,0
1531215359007,1531215359001,2224069,0.00020196,24.00000000,0
1531215369561,1531215369556,2224070,0.00020157,106.00000000,1
1531215377449,1531215377444,2224071,0.00020149,337.00000000,0
1531215395152,1531215395147,2224072,0.00020147,2.00000000,0
1531215396897,1531215396892,2224073,0.00020147,8.00000000,0
1531215396897,1531215396892,2224074,0.00020150,103.00000000,0
1531215413495,1531215413491,2224075,0.00020145,10.00000000,0
1531215413495,1531215413491,2224076,0.00020150,4.00000000,0
1531215414414,1531215414409,2224077,0.00020150,10.00000000,0
1531215415963,1531215415957,2224078,0.00020150,10.00000000,0
1531215418057,1531215418054,2224079,0.00020150,28.00000000,0
1531215444734,1531215444730,2224080,0.00020147,6.00000000,0
1531215447370,1531215447366,2224081,0.00020129,863.00000000,0
1531215447390,1531215447384,2224082,0.00020147,514.00000000,0
1531215452486,1531215452480,2224083,0.00020148,10.00000000,0
1531215452486,1531215452480,2224084,0.00020150,161.00000000,0
1531215452509,1531215452505,2224085,0.00020150,170.00000000,0
1531215455612,1531215455609,2224086,0.00020147,6.00000000,1
1531215464749,1531215464744,2224087,0.00020150,663.00000000,0
1531215473244,1531215473239,2224088,0.00020151,48.00000000,1
1531215473244,1531215473239,2224089,0.00020150,63.00000000,1
1531215475177,1531215475169,2224090,0.00020150,10.00000000,0
1531215509669,1531215509664,2224091,0.00020130,1298.00000000,0
1531215509681,1531215509677,2224092,0.00020150,782.00000000,0
1531215553280,1531215553277,2224093,0.00020123,711.00000000,0
1531215553296,1531215553292,2224094,0.00020137,576.00000000,0
1531215553318,1531215553315,2224095,0.00020137,624.00000000,0
1531215570532,1531215570528,2224096,0.00020138,25.00000000,0
1531215576237,1531215576232,2224097,0.00020132,6.00000000,0
1531215584569,1531215584560,2224098,0.00020130,33.00000000,0
1531215585771,1531215585767,2224099,0.00020130,1.00000000,0
1531215585771,1531215585767,2224100,0.00020131,178.00000000,0
1531215585771,1531215585767,2224101,0.00020132,19.00000000,0
1531215587180,1531215587161,2224102,0.00020132,2.00000000,0
1531215587180,1531215587161,2224103,0.00020138,531.00000000,0
1531215593998,1531215593995,2224104,0.00020138,5.00000000,0
1531215594261,1531215594255,2224105,0.00020097,63.00000000,1
1531215595602,1531215595598,2224106,0.00020093,31.00000000,1
1531215595602,1531215595598,2224107,0.00020092,10.00000000,1
1531215596029,1531215596024,2224108,0.00020087,22.00000000,1
1531215596509,1531215596505,2224109,0.00020083,10.00000000,1
1531215596910,1531215596907,2224110,0.00020085,7.00000000,1
1531215597321,1531215597318,2224111,0.00020082,10.00000000,1
1531215597766,1531215597762,2224112,0.00020075,88.00000000,1
1531215598167,1531215598162,2224113,0.00020067,89.00000000,1
1531215598563,1531215598558,2224114,0.00020052,10.00000000,1
1531215598563,1531215598558,2224115,0.00020050,82.00000000,1
1531215598698,1531215598694,2224116,0.00020138,8.00000000,0
1531215598953,1531215598949,2224117,0.00020049,41.00000000,1
1531215598953,1531215598949,2224118,0.00020048,24.00000000,1
1531215599338,1531215599335,2224119,0.00020027,681.00000000,1
1531215599338,1531215599335,2224120,0.00020026,80.00000000,1
1531215599735,1531215599729,2224121,0.00020049,30.00000000,1
1531215599735,1531215599729,2224122,0.00020028,10.00000000,1
1531215600149,1531215600146,2224123,0.00020026,54.00000000,1
1531215600554,1531215600549,2224124,0.00020025,25.00000000,1
1531215600952,1531215600948,2224125,0.00020026,141.00000000,1
1531215601447,1531215601443,2224126,0.00020023,2771.00000000,1
1531215603878,1531215603875,2224127,0.00020024,24.00000000,1
1531215614630,1531215614626,2224128,0.00020026,50.00000000,1
1531215614630,1531215614626,2224129,0.00020023,148.00000000,1
1531215614630,1531215614626,2224130,0.00020022,10.00000000,1
1531215614630,1531215614626,2224131,0.00020021,2105.00000000,1
1531215622470,1531215622466,2224132,0.00020120,10.00000000,0
1531215623699,1531215623693,2224133,0.00020024,15.00000000,1
1531215623699,1531215623693,2224134,0.00020021,20.00000000,1
1531215623699,1531215623693,2224135,0.00020013,105.00000000,1
1531215623699,1531215623693,2224136,0.00020012,22.00000000,1
1531215623699,1531215623693,2224137,0.00020011,500.00000000,1
1531215623699,1531215623693,2224138,0.00020010,80.00000000,1
1531215623699,1531215623693,2224139,0.00020007,8.00000000,1
1531215623699,1531215623693,2224140,0.00020006,5.00000000,1
1531215623699,1531215623693,2224141,0.00020005,6.00000000,1
1531215623699,1531215623693,2224142,0.00020001,775.00000000,1
1531215623699,1531215623693,2224143,0.00020000,1548.00000000,1
1531215626440,1531215626432,2224144,0.00020001,103.00000000,1
1531215626440,1531215626432,2224145,0.00020000,2223.00000000,1
1531215629353,1531215629349,2224146,0.00020000,773.00000000,1
1531215630479,1531215630474,2224147,0.00020000,1015.00000000,1
1531215630578,1531215630574,2224148,0.00020000,246.00000000,0
1531215630593,1531215630589,2224149,0.00020000,100.00000000,0
1531215630617,1531215630613,2224150,0.00020000,295.00000000,0
1531215630774,1531215630770,2224151,0.00020000,132.00000000,0
1531215653373,1531215653368,2224152,0.00020063,35.00000000,0
1531215665066,1531215665063,2224153,0.00019994,41.00000000,1
1531215681556,1531215681552,2224154,0.00019999,19.00000000,0
1531215681556,1531215681552,2224155,0.00020000,16.00000000,0
1531215683607,1531215683603,2224156,0.00019998,76.00000000,0
1531215686223,1531215686219,2224157,0.00019996,904.00000000,0
1531215687224,1531215687219,2224158,0.00019994,43.00000000,0
1531215687295,1531215687291,2224159,0.00019994,80.00000000,0
1531215687527,1531215687523,2224160,0.00019998,102.00000000,0
1531215687884,1531215687880,2224161,0.00019998,243.00000000,0
1531215688077,1531215688074,2224162,0.00019998,243.00000000,0
1531215688083,1531215688079,2224163,0.00019998,199.00000000,0
1531215688097,1531215688095,2224164,0.00019998,1580.00000000,0
1531215688224,1531215688219,2224165,0.00019998,195.00000000,0
1531215691238,1531215691234,2224166,0.00019990,88.00000000,1
1531215691238,1531215691234,2224167,0.00019987,6.00000000,1
1531215693459,1531215693455,2224168,0.00019947,6.00000000,1
1531215693459,1531215693455,2224169,0.00019931,38.00000000,1
1531215694901,1531215694897,2224170,0.00019995,6.00000000,0
1531215701460,1531215701456,2224171,0.00019995,43.00000000,0
1531215702221,1531215702216,2224172,0.00019994,81.00000000,0
1531215702221,1531215702216,2224173,0.00019995,7.00000000,0
1531215714568,1531215714564,2224174,0.00019993,25.00000000,0
1531215754811,1531215754808,2224175,0.00019957,510.00000000,0
1531215754825,1531215754822,2224176,0.00019933,297.00000000,1
1531215757625,1531215757621,2224177,0.00019980,7.00000000,0
1531215760365,1531215760360,2224178,0.00019979,50.00000000,0
1531215768900,1531215768896,2224179,0.00019974,6.00000000,0
1531215777484,1531215777480,2224180,0.00019932,15.00000000,1
1531215777895,1531215777891,2224181,0.00019932,8.00000000,0
1531215784409,1531215784405,2224182,0.00019932,7.00000000,0
1531215788126,1531215788122,2224183,0.00019931,12.00000000,1
1531215788126,1531215788122,2224184,0.00019914,66.00000000,1
1531215788126,1531215788122,2224185,0.00019909,100.00000000,1
1531215792454,1531215792450,2224186,0.00019900,10.00000000,1
1531215792562,1531215792558,2224187,0.00019903,6.00000000,0
1531215792562,1531215792558,2224188,0.00019908,27.00000000,0
1531215797979,1531215797975,2224189,0.00019900,19.00000000,1
1531215804743,1531215804739,2224190,0.00019894,6.00000000,1
1531215810149,1531215810145,2224191,0.00019864,9.00000000,1
1531215810149,1531215810145,2224192,0.00019862,17.00000000,1
1531215810149,1531215810145,2224193,0.00019854,24.00000000,1
1531215813452,1531215813448,2224194,0.00019855,25.00000000,1
1531215813452,1531215813448,2224195,0.00019854,36.00000000,1
1531215813452,1531215813448,2224196,0.00019853,56.00000000,1
1531215813452,1531215813448,2224197,0.00019806,6.00000000,1
1531215813452,1531215813448,2224198,0.00019800,100.00000000,1
1531215813467,1531215813463,2224199,0.00019800,132.00000000,0
1531215813472,1531215813467,2224200,0.00019800,140.00000000,0
1531215813474,1531215813470,2224201,0.00019800,132.00000000,0
1531215813483,1531215813478,2224202,0.00019800,132.00000000,0
1531215815107,1531215815102,2224203,0.00019799,12.00000000,1
1531215815762,1531215815759,2224204,0.00019799,26.00000000,0
1531215815802,1531215815799,2224205,0.00019799,25.00000000,0
1531215816715,1531215816710,2224206,0.00019766,12.00000000,1
1531215816715,1531215816710,2224207,0.00019760,17.00000000,1
1531215820880,1531215820876,2224208,0.00019776,8.00000000,0
1531215822030,1531215822025,2224209,0.00019760,33.00000000,1
1531215822030,1531215822025,2224210,0.00019756,107.00000000,1
1531215825144,1531215825139,2224211,0.00019756,31.00000000,1
1531215825144,1531215825139,2224212,0.00019750,120.00000000,1
1531215825144,1531215825139,2224213,0.00019735,148.00000000,1
1531215825144,1531215825139,2224214,0.00019701,1.00000000,1
1531215825401,1531215825396,2224215,0.00019772,794.00000000,0
1531215826517,1531215826511,2224216,0.00019701,29.00000000,1
1531215836547,1531215836542,2224217,0.00019767,35.00000000,0
1531215840241,1531215840235,2224218,0.00019764,10.00000000,0
1531215840311,1531215840307,2224219,0.00019764,555.00000000,0
1531215840338,1531215840332,2224220,0.00019764,404.00000000,0
1531215840338,1531215840332,2224221,0.00019765,44.00000000,0
1531215840338,1531215840332,2224222,0.00019767,281.00000000,0
1531215840350,1531215840345,2224223,0.00019767,111.00000000,0
1531215840350,1531215840345,2224224,0.00019768,10.00000000,0
1531215840350,1531215840345,2224225,0.00019776,34.00000000,0
1531215841852,1531215841848,2224226,0.00019787,726.00000000,1
1531215841852,1531215841848,2224227,0.00019701,87.00000000,1
1531215841852,1531215841848,2224228,0.00019700,58.00000000,1
1531215841852,1531215841848,2224229,0.00019666,10.00000000,1
1531215841852,1531215841848,2224230,0.00019643,783.00000000,1
1531215841852,1531215841848,2224231,0.00019642,136.00000000,1
1531215841866,1531215841861,2224232,0.00019640,202.00000000,0
1531215841868,1531215841865,2224233,0.00019640,187.00000000,0
1531215841907,1531215841904,2224234,0.00019640,176.00000000,0
1531215841910,1531215841906,2224235,0.00019632,8.00000000,1
1531215841910,1531215841906,2224236,0.00019629,10.00000000,1
1531215841910,1531215841906,2224237,0.00019618,24.00000000,1
1531215841910,1531215841906,2224238,0.00019608,49.00000000,1
1531215841910,1531215841906,2224239,0.00019602,12.00000000,1
1531215841910,1531215841906,2224240,0.00019601,12.00000000,1
1531215841910,1531215841906,2224241,0.00019600,15.00000000,1
1531215841910,1531215841906,2224242,0.00019593,46.00000000,1
1531215841917,1531215841912,2224243,0.00019640,496.00000000,0
1531215842417,1531215842413,2224244,0.00019640,177.00000000,0
1531215842482,1531215842477,2224245,0.00019640,10.00000000,0
1531215843442,1531215843437,2224246,0.00019640,20.00000000,0
1531215844660,1531215844656,2224247,0.00019605,14.00000000,1
1531215844833,1531215844828,2224248,0.00019605,48.00000000,1
1531215845101,1531215845096,2224249,0.00019640,300.00000000,0
1531215845307,1531215845303,2224250,0.00019640,3280.00000000,0
1531215847204,1531215847198,2224251,0.00019653,23.00000000,0
1531215847359,1531215847354,2224252,0.00019653,5.00000000,0
1531215848291,1531215848287,2224253,0.00019653,755.00000000,0
1531215849072,1531215849067,2224254,0.00019711,2.00000000,0
1531215849324,1531215849311,2224255,0.00019711,6.00000000,0
1531215849961,1531215849956,2224256,0.00019736,15.00000000,0
1531215849961,1531215849956,2224257,0.00019737,12.00000000,0
1531215849961,1531215849956,2224258,0.00019741,12.00000000,0
1531215849961,1531215849956,2224259,0.00019756,18.00000000,0
1531215849961,1531215849956,2224260,0.00019779,18.00000000,0
1531215850088,1531215850084,2224261,0.00019653,6.00000000,1
1531215850088,1531215850084,2224262,0.00019606,41.00000000,1
1531215850486,1531215850482,2224263,0.00019608,47.00000000,1
1531215850714,1531215850710,2224264,0.00019654,33.00000000,1
1531215851744,1531215851739,2224265,0.00019777,88.00000000,0
1531215851744,1531215851739,2224266,0.00019778,41.00000000,0
1531215851744,1531215851739,2224267,0.00019779,15.00000000,0
1531215851946,1531215851942,2224268,0.00019608,52.00000000,1
1531215852312,1531215852308,2224269,0.00019778,25.00000000,0
1531215853782,1531215853779,2224270,0.00019688,10.00000000,0
1531215855722,1531215855717,2224271,0.00019778,7.00000000,0
1531215856164,1531215856161,2224272,0.00019676,29.00000000,1
1531215857339,1531215857336,2224273,0.00019765,497.00000000,1
1531215859900,1531215859896,2224274,0.00019683,1.00000000,1
1531215860398,1531215860395,2224275,0.00019776,10.00000000,0
1531215861545,1531215861542,2224276,0.00019774,161.00000000,0
1531215861595,1531215861590,2224277,0.00019774,40.00000000,0
1531215867913,1531215867909,2224278,0.00019686,1.00000000,1
1531215869536,1531215869531,2224279,0.00019686,26.00000000,1
1531215871012,1531215871006,2224280,0.00019686,6.00000000,1
1531215871610,1531215871606,2224281,0.00019707,35.00000000,0
1531215871610,1531215871606,2224282,0.00019773,64.00000000,0
1531215871610,1531215871606,2224283,0.00019777,154.00000000,0
1531215871610,1531215871606,2224284,0.00019780,136.00000000,0
1531215871610,1531215871606,2224285,0.00019800,110.00000000,0
1531215872400,1531215872397,2224286,0.00019688,4.00000000,1
1531215873156,1531215873152,2224287,0.00019778,10.00000000,1
1531215875659,1531215875655,2224288,0.00019799,15.00000000,0
1531215876925,1531215876922,2224289,0.00019690,5.00000000,1
1531215877048,1531215877045,2224290,0.00019690,20.00000000,1
1531215885568,1531215885564,2224291,0.00019700,11.00000000,1
1531215885568,1531215885564,2224292,0.00019699,33.00000000,1
1531215885568,1531215885564,2224293,0.00019698,203.00000000,1
1531215885568,1531215885564,2224294,0.00019693,1896.00000000,1
1531215888114,1531215888109,2224295,0.00019768,18.00000000,0
1531215888114,1531215888109,2224296,0.00019769,33.00000000,0
1531215888114,1531215888109,2224297,0.00019771,10.00000000,0
1531215888140,1531215888136,2224298,0.00019775,8.00000000,1
1531215888493,1531215888490,2224299,0.00019775,40.00000000,1
1531215888507,1531215888504,2224300,0.00019775,29.00000000,1
1531215889153,1531215889150,2224301,0.00019775,254.00000000,1
1531215891077,1531215891073,2224302,0.00019775,6.00000000,1
1531215905262,1531215905259,2224303,0.00019800,10.00000000,0
1531215908355,1531215908349,2224304,0.00019776,701.00000000,1
1531215908395,1531215908391,2224305,0.00019800,162.00000000,0
1531215911238,1531215911235,2224306,0.00019737,11.00000000,1
1531215911828,1531215911825,2224307,0.00019737,8.00000000,1
1531215913043,1531215913038,2224308,0.00019775,19.00000000,0
1531215913043,1531215913038,2224309,0.00019776,6.00000000,0
1531215913043,1531215913038,2224310,0.00019799,15.00000000,0
1531215913043,1531215913038,2224311,0.00019800,2.00000000,0
1531215913043,1531215913038,2224312,0.00019819,12.00000000,0
1531215913043,1531215913038,2224313,0.00019831,12.00000000,0
1531215913043,1531215913038,2224314,0.00019836,18.00000000,0
1531215913819,1531215913814,2224315,0.00019836,5.00000000,0
1531215913819,1531215913814,2224316,0.00019862,22.00000000,0
1531215913819,1531215913814,2224317,0.00019874,23.00000000,0
1531215913819,1531215913814,2224318,0.00019886,50.00000000,0
1531215913819,1531215913814,2224319,0.00019904,399.00000000,0
1531215917013,1531215917010,2224320,0.00019904,35.00000000,0
1531215918660,1531215918655,2224321,0.00019903,35.00000000,0
1531215918838,1531215918835,2224322,0.00019903,693.00000000,0
1531215922826,1531215922823,2224323,0.00019752,57.00000000,1
1531215922826,1531215922823,2224324,0.00019749,64.00000000,1
1531215923620,1531215923615,2224325,0.00019907,27.00000000,0
1531215929806,1531215929801,2224326,0.00019903,14.00000000,0
1531215937390,1531215937387,2224327,0.00019900,30.00000000,0
1531215937390,1531215937387,2224328,0.00019909,10.00000000,0
1531215942049,1531215942044,2224329,0.00019905,7.00000000,0
1531215946969,1531215946966,2224330,0.00019855,6.00000000,1
1531215950157,1531215950153,2224331,0.00019860,6.00000000,0
1531215950157,1531215950153,2224332,0.00019906,19.00000000,0
1531215951731,1531215951726,2224333,0.00019856,756.00000000,1
1531215955808,1531215955803,2224334,0.00019903,50.00000000,0
1531215955808,1531215955803,2224335,0.00019904,81.00000000,0
1531215955808,1531215955803,2224336,0.00019906,6.00000000,0
1531215955808,1531215955803,2224337,0.00019909,362.00000000,0
1531215959378,1531215959374,2224338,0.00019856,15.00000000,1
1531215960481,1531215960477,2224339,0.00019854,15.00000000,1
1531215961378,1531215961375,2224340,0.00019854,15.00000000,1
1531215962280,1531215962277,2224341,0.00019855,15.00000000,1
1531215963331,1531215963328,2224342,0.00019854,15.00000000,1
1531215964048,1531215964045,2224343,0.00019897,38.00000000,1
1531215964229,1531215964226,2224344,0.00019897,15.00000000,1
1531215965133,1531215965130,2224345,0.00019897,15.00000000,1
1531215966133,1531215966129,2224346,0.00019908,15.00000000,0
1531215966184,1531215966178,2224347,0.00019908,15.00000000,1
1531215967088,1531215967084,2224348,0.00019908,4.00000000,1
1531215967088,1531215967084,2224349,0.00019897,11.00000000,1
1531215967985,1531215967982,2224350,0.00019897,15.00000000,1
1531215971640,1531215971636,2224351,0.00019902,26.00000000,1
1531215971640,1531215971636,2224352,0.00019897,380.00000000,1
1531215984693,1531215984690,2224353,0.00019907,2.00000000,0
1531215985429,1531215985424,2224354,0.00019897,26.00000000,1
1531215995573,1531215995568,2224355,0.00019874,120.00000000,1
1531215997350,1531215997344,2224356,0.00019896,656.00000000,0
1531215997374,1531215997371,2224357,0.00019896,617.00000000,0
1531216004230,1531216004226,2224358,0.00019874,4.00000000,1
1531216004872,1531216004869,2224359,0.00019874,10.00000000,1
1531216007438,1531216007435,2224360,0.00019879,8.00000000,1
1531216009395,1531216009391,2224361,0.00019893,60.00000000,1
1531216009555,1531216009550,2224362,0.00019893,65.00000000,1
1531216009880,1531216009875,2224363,0.00019893,111.00000000,1
1531216037729,1531216037725,2224364,0.00019893,39.00000000,1
1531216037767,1531216037763,2224365,0.00019893,6.00000000,1
1531216038455,1531216038451,2224366,0.00019894,1.00000000,0
1531216050301,1531216050298,2224367,0.00019893,1.00000000,1
1531216052590,1531216052585,2224368,0.00019896,1.00000000,0
1531216069568,1531216069565,2224369,0.00019893,40.00000000,1
1531216087627,1531216087622,2224370,0.00019895,660.00000000,0
1531216102060,1531216102055,2224371,0.00019896,5.00000000,0
1531216105821,1531216105818,2224372,0.00019895,6.00000000,1
1531216116762,1531216116759,2224373,0.00019895,62.00000000,0
1531216126173,1531216126167,2224374,0.00019896,2.00000000,0
1531216144484,1531216144479,2224375,0.00019895,18.00000000,1
1531216150267,1531216150264,2224376,0.00019895,273.00000000,1
1531216170140,1531216170137,2224377,0.00019896,33.00000000,0
1531216180141,1531216180136,2224378,0.00019895,22.00000000,1
1531216198610,1531216198606,2224379,0.00019895,106.00000000,1
1531216200742,1531216200739,2224380,0.00019896,15.00000000,0
1531216205064,1531216205060,2224381,0.00019895,8.00000000,1
1531216205669,1531216205665,2224382,0.00019896,8.00000000,0
1531216211961,1531216211957,2224383,0.00019896,226.00000000,0
1531216215898,1531216215892,2224384,0.00019895,13.00000000,1
1531216222971,1531216222967,2224385,0.00019896,3.00000000,0
1531216228735,1531216228731,2224386,0.00019895,50.00000000,1
1531216232465,1531216232461,2224387,0.00019895,53.00000000,1
1531216259166,1531216259162,2224388,0.00019896,1.00000000,0
1531216264271,1531216264268,2224389,0.00019896,15.00000000,0
1531216280110,1531216280107,2224390,0.00019895,10.00000000,1
1531216295190,1531216295186,2224391,0.00019896,41.00000000,0
1531216303706,1531216303702,2224392,0.00019895,17.00000000,1
1531216304715,1531216304709,2224393,0.00019895,1884.00000000,1
1531216304715,1531216304709,2224394,0.00019894,398.00000000,1
1531216311766,1531216311762,2224395,0.00019896,353.00000000,0
1531216329335,1531216329332,2224396,0.00019896,271.00000000,1
1531216371556,1531216371552,2224397,0.00019897,5.00000000,0
1531216389000,1531216388995,2224398,0.00019896,154.00000000,1
1531216413732,1531216413727,2224399,0.00019896,940.00000000,1
1531216413732,1531216413727,2224400,0.00019895,1443.00000000,1
1531216423121,1531216423118,2224401,0.00019895,887.00000000,1
1531216430597,1531216430593,2224402,0.00019896,520.00000000,1
1531216430597,1531216430593,2224403,0.00019895,569.00000000,1
1531216451401,1531216451397,2224404,0.00019895,445.00000000,1
1531216451426,1531216451421,2224405,0.00019896,646.00000000,0
1531216451442,1531216451439,2224406,0.00019896,282.00000000,0
1531216465178,1531216465174,2224407,0.00019896,678.00000000,1
1531216465196,1531216465191,2224408,0.00019896,525.00000000,1
1531216470924,1531216470919,2224409,0.00019895,2270.00000000,1
1531216470924,1531216470919,2224410,0.00019894,12.00000000,1
1531216473363,1531216473359,2224411,0.00019897,1163.00000000,0
1531216493998,1531216493987,2224412,0.00019895,286.00000000,1
1531216494019,1531216494015,2224413,0.00019896,149.00000000,0
1531216503036,1531216503032,2224414,0.00019897,777.00000000,0
1531216503176,1531216503171,2224415,0.00019897,348.00000000,0
1531216504181,1531216504176,2224416,0.00019901,6.00000000,0
1531216511683,1531216511679,2224417,0.00019988,15.00000000,0
1531216511758,1531216511754,2224418,0.00019988,5.00000000,1
1531216549213,1531216549208,2224419,0.00019951,315.00000000,1
1531216549478,1531216549474,2224420,0.00019989,8.00000000,0
1531216549507,1531216549503,2224421,0.00019989,5.00000000,1
1531216555270,1531216555267,2224422,0.00019998,1352.00000000,0
1531216555289,1531216555283,2224423,0.00020007,583.00000000,0
1531216561183,1531216561179,2224424,0.00019990,175.00000000,1
1531216561214,1531216561209,2224425,0.00020008,27.00000000,0
1531216596093,1531216596089,2224426,0.00020009,9.00000000,1
1531216600597,1531216600592,2224427,0.00019953,10.00000000,1
1531216603987,1531216603984,2224428,0.00020083,1.00000000,0
1531216606233,1531216606228,2224429,0.00020083,6.00000000,0
1531216614086,1531216614082,2224430,0.00019961,2.00000000,1
1531216736878,1531216736873,2224431,0.00020044,10.00000000,0
1531216736878,1531216736873,2224432,0.00020045,35.00000000,0
1531216736878,1531216736873,2224433,0.00020092,9.00000000,0
1531216736878,1531216736873,2224434,0.00020094,6.00000000,0
1531216736878,1531216736873,2224435,0.00020105,7.00000000,0
1531216738209,1531216738205,2224436,0.00020000,249.00000000,0
1531216743283,1531216743279,2224437,0.00019995,81.00000000,1
1531216750228,1531216750224,2224438,0.00020130,5.00000000,0
1531216757647,1531216757644,2224439,0.00020000,2.00000000,1
1531216758128,1531216758122,2224440,0.00020000,2.00000000,1
1531216758320,1531216758317,2224441,0.00020000,45.00000000,1
1531216758320,1531216758317,2224442,0.00019999,50.00000000,1
1531216758320,1531216758317,2224443,0.00019985,30.00000000,1
1531216758552,1531216758548,2224444,0.00019985,2.00000000,1
1531216761357,1531216761354,2224445,0.00019986,45.00000000,1
1531216835889,1531216835885,2224446,0.00019988,20.00000000,1
1531216836930,1531216836926,2224447,0.00019988,20.00000000,1
1531216837833,1531216837829,2224448,0.00019988,20.00000000,1
1531216838727,1531216838723,2224449,0.00019988,20.00000000,1
1531216839630,1531216839626,2224450,0.00019988,20.00000000,1
1531216840525,1531216840521,2224451,0.00019988,20.00000000,1
1531216840931,1531216840927,2224452,0.00020038,14.00000000,0
1531216841426,1531216841421,2224453,0.00019988,20.00000000,1
1531216842323,1531216842319,2224454,0.00019989,20.00000000,1
1531216843229,1531216843225,2224455,0.00019989,20.00000000,1
1531216844269,1531216844266,2224456,0.00019989,20.00000000,1
1531216844320,1531216844315,2224457,0.00019989,1.00000000,1
1531216847622,1531216847619,2224458,0.00020011,139.00000000,0
1531216847637,1531216847632,2224459,0.00019989,120.00000000,1
1531216874735,1531216874731,2224460,0.00020017,7.00000000,0
1531216876018,1531216876013,2224461,0.00020016,29.00000000,0
1531216876759,1531216876754,2224462,0.00020016,11.00000000,1
1531216877385,1531216877381,2224463,0.00020016,27.00000000,0
1531216888248,1531216888245,2224464,0.00020007,5.00000000,0
1531216941489,1531216941485,2224465,0.00020023,19.00000000,0
1531216941585,1531216941581,2224466,0.00020023,31.00000000,0
1531216949250,1531216949247,2224467,0.00020024,81.00000000,0
1531216966228,1531216966225,2224468,0.00020080,206.00000000,0
1531217024452,1531217024446,2224469,0.00020080,6.00000000,1
1531217033260,1531217033255,2224470,0.00020082,16.00000000,0
1531217037203,1531217037199,2224471,0.00020106,1092.00000000,0
1531217037223,1531217037220,2224472,0.00020081,628.00000000,1
1531217044460,1531217044455,2224473,0.00020081,235.00000000,1
1531217050214,1531217050210,2224474,0.00020081,223.00000000,1
1531217050214,1531217050210,2224475,0.00020080,95.00000000,1
1531217056373,1531217056368,2224476,0.00020081,223.00000000,1
1531217059187,1531217059182,2224477,0.00020081,528.00000000,1
1531217063876,1531217063872,2224478,0.00020080,223.00000000,1
1531217088506,1531217088502,2224479,0.00020129,6.00000000,0
1531217143995,1531217143991,2224480,0.00020027,25.00000000,1
1531217150829,1531217150825,2224481,0.00020121,1.00000000,0
1531217161456,1531217161452,2224482,0.00020097,1.00000000,0
1531217179659,1531217179656,2224483,0.00020092,6.00000000,0
1531217181382,1531217181378,2224484,0.00020003,42.00000000,1
1531217181384,1531217181381,2224485,0.00020003,174.00000000,1
1531217193245,1531217193241,2224486,0.00020003,330.00000000,1
1531217193287,1531217193283,2224487,0.00019992,6.00000000,1
1531217193287,1531217193283,2224488,0.00019987,2111.00000000,1
1531217193302,1531217193297,2224489,0.00019987,174.00000000,1
1531217193472,1531217193468,2224490,0.00020089,23.00000000,0
1531217194277,1531217194273,2224491,0.00020089,27.00000000,1
1531217209109,1531217209104,2224492,0.00020066,1.00000000,0
1531217211213,1531217211208,2224493,0.00020066,8.00000000,0
1531217215435,1531217215431,2224494,0.00019989,32.00000000,1
1531217215435,1531217215431,2224495,0.00019987,2718.00000000,1
1531217216280,1531217216276,2224496,0.00019986,114.00000000,1
1531217218285,1531217218281,2224497,0.00019966,50.00000000,1
1531217220272,1531217220268,2224498,0.00019965,7.00000000,1
1531217221287,1531217221283,2224499,0.00019964,6.00000000,1
1531217225550,1531217225546,2224500,0.00020056,584.00000000,0
1531217225550,1531217225546,2224501,0.00020058,52.00000000,0
1531217225599,1531217225594,2224502,0.00020059,32.00000000,1
1531217226417,1531217226412,2224503,0.00020059,586.00000000,1
1531217230578,1531217230574,2224504,0.00020059,10.00000000,1
1531217247514,1531217247510,2224505,0.00020062,241.00000000,0
1531217247526,1531217247522,2224506,0.00020065,334.00000000,0
1531217247546,1531217247542,2224507,0.00020065,195.00000000,0
1531217253510,1531217253505,2224508,0.00020066,218.00000000,0
1531217255060,1531217255057,2224509,0.00020067,1.00000000,0
1531217257674,1531217257669,2224510,0.00020067,18.00000000,0
1531217267907,1531217267901,2224511,0.00020066,10.00000000,0
1531217267907,1531217267901,2224512,0.00020068,11.00000000,0
1531217267907,1531217267901,2224513,0.00020100,55.00000000,0
1531217277019,1531217277013,2224514,0.00020032,903.00000000,0
1531217277029,1531217277025,2224515,0.00020099,437.00000000,0
1531217277051,1531217277047,2224516,0.00020099,502.00000000,0
1531217328809,1531217328805,2224517,0.00020098,42.00000000,0
1531217328820,1531217328816,2224518,0.00020098,461.00000000,0
1531217330328,1531217330323,2224519,0.00019997,67.00000000,1
1531217330328,1531217330323,2224520,0.00019997,6.00000000,1
1531217350451,1531217350447,2224521,0.00020090,55.00000000,0
1531217376654,1531217376651,2224522,0.00020011,32.00000000,1
1531217376711,1531217376708,2224523,0.00020011,9.00000000,0
1531217378477,1531217378472,2224524,0.00020006,10.00000000,1
1531217384125,1531217384121,2224525,0.00019997,34.00000000,1
1531217384125,1531217384121,2224526,0.00019969,512.00000000,1
1531217384881,1531217384876,2224527,0.00020006,8.00000000,0
1531217384881,1531217384876,2224528,0.00020011,2.00000000,0
1531217431058,1531217431054,2224529,0.00020006,1.00000000,0
1531217446322,1531217446317,2224530,0.00020005,149.00000000,0
1531217446336,1531217446331,2224531,0.00020005,387.00000000,0
1531217479632,1531217479627,2224532,0.00019967,15.00000000,1
1531217479632,1531217479627,2224533,0.00019966,50.00000000,1
1531217487310,1531217487306,2224534,0.00019964,94.00000000,1
1531217488880,1531217488875,2224535,0.00019962,10.00000000,1
1531217491424,1531217491420,2224536,0.00019961,25.00000000,1
1531217498454,1531217498450,2224537,0.00019961,841.00000000,1
1531217510490,1531217510486,2224538,0.00019961,134.00000000,1
1531217536859,1531217536855,2224539,0.00019960,81.00000000,0
1531217536859,1531217536855,2224540,0.00019965,19.00000000,0
1531217545871,1531217545867,2224541,0.00019959,481.00000000,0
1531217545879,1531217545873,2224542,0.00019964,165.00000000,0
1531217570479,1531217570475,2224543,0.00019964,489.00000000,0
1531217608154,1531217608149,2224544,0.00019959,1315.00000000,0
1531217608173,1531217608168,2224545,0.00019964,165.00000000,0
1531217608198,1531217608192,2224546,0.00019964,460.00000000,0
1531217615325,1531217615321,2224547,0.00019955,10.00000000,1
1531217615515,1531217615509,2224548,0.00019952,13.00000000,1
1531217617814,1531217617810,2224549,0.00019952,3.00000000,1
1531217621353,1531217621349,2224550,0.00019950,14.00000000,1
1531217632450,1531217632444,2224551,0.00019951,22.00000000,0
1531217632450,1531217632444,2224552,0.00019952,37.00000000,0
1531217632450,1531217632444,2224553,0.00019955,9.00000000,0
1531217632450,1531217632444,2224554,0.00019963,32.00000000,0
1531217661024,1531217661021,2224555,0.00019964,1.00000000,0
1531217661303,1531217661299,2224556,0.00019955,22.00000000,1
1531217677484,1531217677480,2224557,0.00019955,178.00000000,1
1531217686959,1531217686955,2224558,0.00019954,8.00000000,0
1531217688198,1531217688194,2224559,0.00019954,48.00000000,0
1531217691361,1531217691357,2224560,0.00019954,8.00000000,1
1531217691361,1531217691357,2224561,0.00019950,298.00000000,1
1531217692070,1531217692066,2224562,0.00019950,48.00000000,0
1531217701673,1531217701668,2224563,0.00019939,42.00000000,1
1531217701673,1531217701668,2224564,0.00019847,87.00000000,1
1531217701673,1531217701668,2224565,0.00019845,56.00000000,1
1531217701765,1531217701759,2224566,0.00019845,41.00000000,1
1531217709501,1531217709497,2224567,0.00019953,50.00000000,0
1531217716943,1531217716938,2224568,0.00019951,1920.00000000,0
1531217718424,1531217718420,2224569,0.00019950,21.00000000,1
1531217727876,1531217727870,2224570,0.00019950,26.00000000,1
1531217727908,1531217727904,2224571,0.00019951,20.00000000,0
1531217745827,1531217745822,2224572,0.00019950,279.00000000,1
1531217745827,1531217745822,2224573,0.00019818,12.00000000,1
1531217745827,1531217745822,2224574,0.00019816,140.00000000,1
1531217745827,1531217745822,2224575,0.00019815,128.00000000,1
1531217745901,1531217745896,2224576,0.00019817,65.00000000,1
1531217745901,1531217745896,2224577,0.00019815,109.00000000,1
1531217766115,1531217766110,2224578,0.00019816,81.00000000,1
1531217766115,1531217766110,2224579,0.00019815,219.00000000,1
1531217769349,1531217769345,2224580,0.00019815,22.00000000,1
1531217770248,1531217770244,2224581,0.00019815,22.00000000,1
1531217771156,1531217771152,2224582,0.00019815,22.00000000,1
1531217772059,1531217772056,2224583,0.00019815,22.00000000,1
1531217773102,1531217773097,2224584,0.00019815,22.00000000,1
1531217774010,1531217774006,2224585,0.00019815,22.00000000,1
1531217774913,1531217774908,2224586,0.00019815,22.00000000,1
1531217775972,1531217775968,2224587,0.00019815,22.00000000,1
1531217777012,1531217777009,2224588,0.00019815,22.00000000,1
1531217778138,1531217778134,2224589,0.00019815,22.00000000,1
1531217785412,1531217785408,2224590,0.00019865,1.00000000,0
1531217802116,1531217802110,2224591,0.00019815,4.00000000,1
1531217809227,1531217809222,2224592,0.00019815,899.00000000,1
1531217830488,1531217830483,2224593,0.00019823,22.00000000,1
1531217832475,1531217832470,2224594,0.00019815,25.00000000,1
1531217861578,1531217861572,2224595,0.00019819,134.00000000,1
1531217874796,1531217874792,2224596,0.00019836,32.00000000,0
1531217874796,1531217874792,2224597,0.00019837,81.00000000,0
1531217876464,1531217876460,2224598,0.00019839,139.00000000,0
1531217916318,1531217916313,2224599,0.00019890,15.00000000,0
1531217919299,1531217919294,2224600,0.00019890,63.00000000,1
1531217921384,1531217921380,2224601,0.00019839,3.00000000,1
1531217922366,1531217922361,2224602,0.00019839,12.00000000,1
1531217922366,1531217922361,2224603,0.00019837,63.00000000,1
1531217922366,1531217922361,2224604,0.00019831,563.00000000,1
1531217922366,1531217922361,2224605,0.00019818,938.00000000,1
1531217931480,1531217931476,2224606,0.00019820,31.00000000,1
1531217945464,1531217945460,2224607,0.00019884,5.00000000,0
1531217962235,1531217962204,2224608,0.00019878,26.00000000,0
1531217963465,1531217963462,2224609,0.00019880,52.00000000,1
1531217972709,1531217972704,2224610,0.00019877,10.00000000,0
1531217983298,1531217983293,2224611,0.00019878,35.00000000,1
1531217988476,1531217988471,2224612,0.00019878,26.00000000,1
1531217994832,1531217994828,2224613,0.00019883,1261.00000000,0
1531217994846,1531217994841,2224614,0.00019890,706.00000000,0
1531217994859,1531217994855,2224615,0.00019890,664.00000000,0
1531217994915,1531217994910,2224616,0.00019877,30.00000000,1
1531218004518,1531218004514,2224617,0.00019891,4.00000000,0
1531218015533,1531218015528,2224618,0.00019891,8.00000000,0
1531218090682,1531218090677,2224619,0.00019892,22.00000000,0
1531218090682,1531218090677,2224620,0.00019950,6.00000000,0
1531218130680,1531218130675,2224621,0.00019934,50.00000000,0
1531218130688,1531218130684,2224622,0.00019935,10.00000000,0
1531218130688,1531218130684,2224623,0.00019940,15.00000000,0
1531218130688,1531218130684,2224624,0.00019950,179.00000000,0
1531218132218,1531218132213,2224625,0.00019950,33.00000000,0
1531218135814,1531218135809,2224626,0.00019950,59.00000000,0
1531218135832,1531218135827,2224627,0.00019950,44.00000000,0
1531218135843,1531218135837,2224628,0.00019950,29.00000000,0
1531218135898,1531218135893,2224629,0.00019950,31.00000000,0
1531218135926,1531218135921,2224630,0.00019950,19.00000000,1
1531218135928,1531218135924,2224631,0.00019950,9.00000000,1
1531218135928,1531218135924,2224632,0.00019934,16.00000000,1
1531218137223,1531218137218,2224633,0.00019934,3.00000000,1
1531218137223,1531218137218,2224634,0.00019896,81.00000000,1
1531218137223,1531218137218,2224635,0.00019895,286.00000000,1
1531218137223,1531218137218,2224636,0.00019892,336.00000000,1
1531218167296,1531218167293,2224637,0.00019961,50.00000000,0
1531218177785,1531218177781,2224638,0.00019959,25.00000000,0
1531218209628,1531218209624,2224639,0.00019895,28.00000000,1
1531218209628,1531218209624,2224640,0.00019892,30.00000000,1
1531218215324,1531218215319,2224641,0.00019957,6.00000000,0
1531218223114,1531218223109,2224642,0.00019893,15.00000000,1
1531218223114,1531218223109,2224643,0.00019892,450.00000000,1
1531218231932,1531218231927,2224644,0.00019948,15.00000000,0
1531218231932,1531218231927,2224645,0.00019950,78.00000000,0
1531218231932,1531218231927,2224646,0.00019957,7.00000000,0
1531218255794,1531218255788,2224647,0.00019945,10.00000000,0
1531218255794,1531218255788,2224648,0.00019964,187.00000000,0
1531218255794,1531218255788,2224649,0.00020063,28.00000000,0
1531218255794,1531218255788,2224650,0.00020064,13.00000000,0
1531218255794,1531218255788,2224651,0.00020073,10.00000000,0
1531218255794,1531218255788,2224652,0.00020076,10.00000000,0
1531218255794,1531218255788,2224653,0.00020078,1092.00000000,0
1531218309496,1531218309491,2224654,0.00019957,119.00000000,1
1531218309496,1531218309491,2224655,0.00019956,50.00000000,1
1531218309496,1531218309491,2224656,0.00019952,13.00000000,1
1531218309496,1531218309491,2224657,0.00019943,10.00000000,1
1531218309496,1531218309491,2224658,0.00019901,92.00000000,1
1531218400573,1531218400569,2224659,0.00019915,97.00000000,1
1531218433017,1531218433012,2224660,0.00019973,17.00000000,0
1531218449577,1531218449573,2224661,0.00019940,586.00000000,0
1531218449586,1531218449582,2224662,0.00019971,224.00000000,0
1531218456393,1531218456388,2224663,0.00019971,15.00000000,0
1531218456393,1531218456388,2224664,0.00019972,10.00000000,0
1531218456393,1531218456388,2224665,0.00020040,728.00000000,0
1531218456393,1531218456388,2224666,0.00020041,81.00000000,0
1531218456393,1531218456388,2224667,0.00020042,620.00000000,0
1531218459503,1531218459499,2224668,0.00019969,10.00000000,0
1531218531421,1531218531417,2224669,0.00019969,27.00000000,0
1531218612115,1531218612111,2224670,0.00019960,10.00000000,1
1531218612115,1531218612111,2224671,0.00019959,15.00000000,1
1531218612115,1531218612111,2224672,0.00019958,59.00000000,1
1531218640230,1531218640225,2224673,0.00019995,887.00000000,0
1531218640248,1531218640243,2224674,0.00020032,396.00000000,0
1531218651669,1531218651663,2224675,0.00020042,12.00000000,0
1531218651669,1531218651663,2224676,0.00020045,10.00000000,0
1531218651669,1531218651663,2224677,0.00020052,13.00000000,0
1531218660963,1531218660957,2224678,0.00020024,10.00000000,0
1531218661420,1531218661415,2224679,0.00020052,37.00000000,1
1531218661805,1531218661800,2224680,0.00020052,4.00000000,1
1531218661805,1531218661800,2224681,0.00019935,59.00000000,1
1531218673761,1531218673756,2224682,0.00019964,1.00000000,1
1531218774847,1531218774843,2224683,0.00020060,59.00000000,0
1531218776319,1531218776314,2224684,0.00020068,10.00000000,0
1531218776319,1531218776314,2224685,0.00020079,11.00000000,0
1531218822135,1531218822130,2224686,0.00020078,1.00000000,0
1531218826921,1531218826915,2224687,0.00020077,5.00000000,0
1531218828600,1531218828594,2224688,0.00020078,8.00000000,0
1531218828669,1531218828662,2224689,0.00020078,38.00000000,0
1531218859498,1531218859494,2224690,0.00020077,5.00000000,0
1531218866376,1531218866371,2224691,0.00020077,1.00000000,0
1531218890434,1531218890429,2224692,0.00020077,398.00000000,0
1531218890682,1531218890678,2224693,0.00020077,74.00000000,0
1531218898424,1531218898420,2224694,0.00020077,1.00000000,0
1531218907375,1531218907371,2224695,0.00020071,433.00000000,0
1531218907389,1531218907384,2224696,0.00020076,278.00000000,0
1531218922589,1531218922585,2224697,0.00020077,1003.00000000,0
1531218924684,1531218924678,2224698,0.00020078,51.00000000,0
1531218927457,1531218927451,2224699,0.00020079,89.00000000,0
1531218929446,1531218929442,2224700,0.00020084,50.00000000,0
1531218932449,1531218932445,2224701,0.00020089,50.00000000,0
1531218939457,1531218939452,2224702,0.00020095,249.00000000,0
1531218939769,1531218939760,2224703,0.00020095,405.00000000,0
1531218939784,1531218939779,2224704,0.00020096,10.00000000,0
1531218939784,1531218939779,2224705,0.00020100,349.00000000,0
1531218941592,1531218941588,2224706,0.00020100,424.00000000,0
1531218983442,1531218983437,2224707,0.00020131,70.00000000,0
1531219073347,1531219073341,2224708,0.00020187,15.00000000,0
1531219073347,1531219073341,2224709,0.00020188,32.00000000,0
1531219073347,1531219073341,2224710,0.00020214,10.00000000,0
1531219073347,1531219073341,2224711,0.00020249,118.00000000,0
1531219085493,1531219085488,2224712,0.00020183,1310.00000000,0
1531219085502,1531219085496,2224713,0.00020248,592.00000000,0
1531219085524,1531219085518,2224714,0.00020248,618.00000000,0
1531219096578,1531219096574,2224715,0.00020249,69.00000000,0
1531219097767,1531219097762,2224716,0.00020249,55.00000000,0
1531219107938,1531219107934,2224717,0.00020138,6.00000000,1
1531219148515,1531219148510,2224718,0.00020140,14.00000000,1
1531219148515,1531219148510,2224719,0.00020139,10.00000000,1
1531219148515,1531219148510,2224720,0.00020137,76.00000000,1
1531219148573,1531219148569,2224721,0.00020137,77.00000000,1
1531219148573,1531219148569,2224722,0.00020078,81.00000000,1
1531219148573,1531219148569,2224723,0.00020077,723.00000000,1
1531219148585,1531219148579,2224724,0.00020077,77.00000000,1
1531219148585,1531219148579,2224725,0.00020065,20.00000000,1
1531219148585,1531219148579,2224726,0.00020060,632.00000000,1
1531219148613,1531219148608,2224727,0.00020060,555.00000000,1
1531219148798,1531219148794,2224728,0.00020060,91.00000000,1
1531219148880,1531219148876,2224729,0.00020060,147.00000000,1
1531219148915,1531219148910,2224730,0.00020060,91.00000000,1
1531219151441,1531219151436,2224731,0.00020061,30.00000000,1
1531219151441,1531219151436,2224732,0.00020060,353.00000000,1
1531219193927,1531219193924,2224733,0.00020062,2.00000000,1
1531219207866,1531219207862,2224734,0.00020063,69.00000000,1
1531219207885,1531219207881,2224735,0.00020063,357.00000000,1
1531219243621,1531219243617,2224736,0.00020102,6.00000000,0
1531219243621,1531219243617,2224737,0.00020103,10.00000000,0
1531219243621,1531219243617,2224738,0.00020112,14.00000000,0
1531219243621,1531219243617,2224739,0.00020120,81.00000000,0
1531219243621,1531219243617,2224740,0.00020131,20.00000000,0
1531219243621,1531219243617,2224741,0.00020197,19.00000000,0
1531219271334,1531219271328,2224742,0.00020196,32.00000000,0
1531219271462,1531219271460,2224743,0.00020196,42.00000000,1
1531219298142,1531219298135,2224744,0.00020087,33.00000000,1
1531219298142,1531219298135,2224745,0.00020084,50.00000000,1
1531219298142,1531219298135,2224746,0.00020082,12.00000000,1
1531219298142,1531219298135,2224747,0.00020079,10.00000000,1
1531219298142,1531219298135,2224748,0.00020067,189.00000000,1
1531219298142,1531219298135,2224749,0.00020063,10.00000000,1
1531219298142,1531219298135,2224750,0.00020062,1610.00000000,1
1531219298142,1531219298135,2224751,0.00020060,3162.00000000,1
1531219298142,1531219298135,2224752,0.00020050,498.00000000,1
1531219298142,1531219298135,2224753,0.00020038,256.00000000,1
1531219298142,1531219298135,2224754,0.00020014,39.00000000,1
1531219298142,1531219298135,2224755,0.00020013,20.00000000,1
1531219298155,1531219298149,2224756,0.00020000,365.00000000,0
1531219318885,1531219318879,2224757,0.00020132,2.00000000,0
1531219402497,1531219402491,2224758,0.00020012,79.00000000,1
1531219404631,1531219404625,2224759,0.00020008,14.00000000,1
1531219405492,1531219405487,2224760,0.00019996,6.00000000,1
1531219408491,1531219408485,2224761,0.00019994,6.00000000,1
1531219439870,1531219439864,2224762,0.00019977,7.00000000,1
1531219439870,1531219439864,2224763,0.00019961,345.00000000,1
1531219439870,1531219439864,2224764,0.00019960,46.00000000,1
1531219440917,1531219440912,2224765,0.00020033,3.00000000,0
1531219466721,1531219466717,2224766,0.00020012,59.00000000,1
1531219510631,1531219510626,2224767,0.00020000,16.00000000,1
1531219536112,1531219536107,2224768,0.00020005,10.00000000,0
1531219536112,1531219536107,2224769,0.00020009,16.00000000,0
1531219539038,1531219539032,2224770,0.00020009,76.00000000,0
1531219557851,1531219557845,2224771,0.00020003,10.00000000,0
1531219557851,1531219557845,2224772,0.00020011,14.00000000,0
1531219557851,1531219557845,2224773,0.00020064,40.00000000,0
1531219663012,1531219663007,2224774,0.00020049,45.00000000,0
1531219663095,1531219663090,2224775,0.00019985,15.00000000,1
1531219664503,1531219664498,2224776,0.00019984,26.00000000,1
1531219666499,1531219666495,2224777,0.00019983,45.00000000,1
1531219677962,1531219677958,2224778,0.00019985,5.00000000,0
1531219679494,1531219679490,2224779,0.00019962,20.00000000,1
1531219681718,1531219681713,2224780,0.00019960,12.00000000,1
1531219770054,1531219770051,2224781,0.00019916,16.00000000,1
1531219797577,1531219797573,2224782,0.00019954,6.00000000,0
1531219846198,1531219846193,2224783,0.00019917,43.00000000,1
1531219846198,1531219846193,2224784,0.00019916,957.00000000,1
1531219846647,1531219846642,2224785,0.00019916,344.00000000,1
1531219853101,1531219853096,2224786,0.00019896,39.00000000,1
1531219887219,1531219887214,2224787,0.00019897,3.00000000,1
1531219890530,1531219890525,2224788,0.00019897,558.00000000,1
1531219890545,1531219890539,2224789,0.00019897,314.00000000,1
1531219918378,1531219918374,2224790,0.00019896,1000.00000000,1
1531219918506,1531219918502,2224791,0.00019896,955.00000000,1
1531219919519,1531219919514,2224792,0.00019895,10.00000000,1
1531219936894,1531219936888,2224793,0.00019892,10.00000000,1
1531219936894,1531219936888,2224794,0.00019891,58.00000000,1
1531219936894,1531219936888,2224795,0.00019887,47.00000000,1
1531219936894,1531219936888,2224796,0.00019882,5.00000000,1
1531219948363,1531219948358,2224797,0.00019896,5.00000000,0
1531219948799,1531219948794,2224798,0.00019896,172.00000000,0
1531219948823,1531219948818,2224799,0.00019897,3.00000000,0
1531219968590,1531219968588,2224800,0.00019913,754.00000000,0
1531219968607,1531219968603,2224801,0.00019897,314.00000000,1
1531219972621,1531219972616,2224802,0.00019897,3.00000000,0
1531219998957,1531219998952,2224803,0.00019882,6.00000000,1
1531220025882,1531220025876,2224804,0.00019896,66.00000000,0
1531220025895,1531220025890,2224805,0.00019896,26.00000000,0
1531220025905,1531220025904,2224806,0.00019896,16.00000000,0
1531220026714,1531220026710,2224807,0.00019883,668.00000000,1
1531220086460,1531220086458,2224808,0.00019891,170.00000000,1
1531220086484,1531220086479,2224809,0.00019891,736.00000000,1
1531220098781,1531220098777,2224810,0.00019890,14.00000000,1
1531220112520,1531220112515,2224811,0.00019910,11.00000000,0
1531220140181,1531220140175,2224812,0.00019965,15.00000000,0
1531220140181,1531220140175,2224813,0.00019966,6.00000000,0
1531220140181,1531220140175,2224814,0.00020078,25.00000000,0
1531220140181,1531220140175,2224815,0.00020079,20.00000000,0
1531220140181,1531220140175,2224816,0.00020109,1.00000000,0
1531220205665,1531220205661,2224817,0.00020096,6.00000000,0
1531220223942,1531220223938,2224818,0.00020096,32.00000000,1
1531220223951,1531220223949,2224819,0.00020096,5.00000000,1
1531220224001,1531220223996,2224820,0.00020096,55.00000000,1
1531220224095,1531220224091,2224821,0.00020096,32.00000000,1
1531220224524,1531220224520,2224822,0.00020096,504.00000000,1
1531220225716,1531220225712,2224823,0.00020096,821.00000000,1
1531220244789,1531220244784,2224824,0.00020102,1.00000000,0
1531220252617,1531220252612,2224825,0.00020101,22.00000000,0
1531220260034,1531220260025,2224826,0.00020096,205.00000000,1
1531220284315,1531220284311,2224827,0.00020030,20.00000000,0
1531220284331,1531220284326,2224828,0.00020085,7.00000000,0
1531220325461,1531220325455,2224829,0.00020068,3.00000000,0
1531220351608,1531220351604,2224830,0.00020068,3.00000000,0
1531220351608,1531220351604,2224831,0.00020079,53.00000000,0
1531220393270,1531220393265,2224832,0.00020069,346.00000000,0
1531220429617,1531220429612,2224833,0.00020069,37.00000000,0
1531220472564,1531220472559,2224834,0.00020069,11.00000000,0
1531220502050,1531220502045,2224835,0.00020069,4.00000000,0
1531220544233,1531220544227,2224836,0.00020068,29.00000000,1
1531220553077,1531220553071,2224837,0.00020069,151.00000000,0
1531220555220,1531220555216,2224838,0.00020068,15.00000000,1
1531220555220,1531220555216,2224839,0.00019965,15.00000000,1
1531220555220,1531220555216,2224840,0.00019964,67.00000000,1
1531220555220,1531220555216,2224841,0.00019930,24.00000000,1
1531220555220,1531220555216,2224842,0.00019927,479.00000000,1
1531220601760,1531220601755,2224843,0.00019995,10.00000000,0
1531220612413,1531220612408,2224844,0.00019991,1.00000000,0
1531220641476,1531220641471,2224845,0.00019979,1.00000000,0
1531220683872,1531220683868,2224846,0.00019973,7.00000000,0
1531220690510,1531220690506,2224847,0.00019939,120.00000000,1
1531220751399,1531220751394,2224848,0.00019963,1.00000000,0
1531220755397,1531220755392,2224849,0.00019938,6.00000000,1
1531220755397,1531220755392,2224850,0.00019882,18.00000000,1
1531220785941,1531220785936,2224851,0.00019886,34.00000000,1
1531220788728,1531220788723,2224852,0.00019882,461.00000000,1
1531220811381,1531220811376,2224853,0.00019883,483.00000000,1
1531220811391,1531220811386,2224854,0.00019883,434.00000000,0
1531220811405,1531220811399,2224855,0.00019883,116.00000000,1
1531220811432,1531220811427,2224856,0.00019883,367.00000000,1
1531220826782,1531220826779,2224857,0.00019883,23.00000000,0
1531220832523,1531220832519,2224858,0.00019882,409.00000000,1
1531220841067,1531220841065,2224859,0.00019883,1.00000000,0
1531220846776,1531220846772,2224860,0.00019882,26.00000000,1
1531220855082,1531220855078,2224861,0.00019883,32.00000000,0
1531220862108,1531220862102,2224862,0.00019883,2716.00000000,0
1531220875179,1531220875174,2224863,0.00019883,31.00000000,1
1531220875179,1531220875174,2224864,0.00019882,1212.00000000,1
1531220876184,1531220876178,2224865,0.00019877,31.00000000,1
1531220887006,1531220887000,2224866,0.00019957,179.00000000,0
1531220887006,1531220887000,2224867,0.00019958,1202.00000000,0
1531220887006,1531220887000,2224868,0.00019968,980.00000000,0
1531220887423,1531220887418,2224869,0.00019956,13.00000000,0
1531220892978,1531220892973,2224870,0.00019955,12.00000000,0
1531220942631,1531220942625,2224871,0.00019945,32.00000000,0
1531220951042,1531220951038,2224872,0.00019945,453.00000000,0
1531220964640,1531220964635,2224873,0.00019883,33.00000000,1
1531221001419,1531221001414,2224874,0.00019880,13.00000000,1
1531221038238,1531221038232,2224875,0.00019880,81.00000000,0
1531221060766,1531221060762,2224876,0.00019906,33.00000000,0
1531221060766,1531221060762,2224877,0.00019907,754.00000000,0
1531221060777,1531221060772,2224878,0.00019907,234.00000000,0
1531221060777,1531221060772,2224879,0.00019908,50.00000000,0
1531221060790,1531221060786,2224880,0.00019908,207.00000000,0
1531221060790,1531221060786,2224881,0.00019910,307.00000000,0
1531221060790,1531221060786,2224882,0.00019942,273.00000000,0
1531221060792,1531221060788,2224883,0.00019942,28.00000000,0
1531221062416,1531221062411,2224884,0.00019907,55.00000000,1
1531221066428,1531221066422,2224885,0.00019907,1.00000000,1
1531221067845,1531221067841,2224886,0.00019923,566.00000000,0
1531221067857,1531221067852,2224887,0.00019907,80.00000000,1
1531221067880,1531221067875,2224888,0.00019907,182.00000000,1
1531221074219,1531221074214,2224889,0.00019906,33.00000000,1
1531221084350,1531221084344,2224890,0.00019898,218.00000000,1
1531221086742,1531221086739,2224891,0.00019898,189.00000000,1
1531221087462,1531221087457,2224892,0.00019897,63.00000000,1
1531221125623,1531221125618,2224893,0.00019880,8.00000000,1
1531221125811,1531221125806,2224894,0.00019880,11.00000000,1
1531221174031,1531221174026,2224895,0.00019885,22.00000000,1
1531221187571,1531221187566,2224896,0.00019893,15.00000000,0
1531221187592,1531221187587,2224897,0.00019893,31.00000000,0
1531221208934,1531221208930,2224898,0.00019886,58.00000000,0
1531221217784,1531221217778,2224899,0.00019885,155.00000000,1
1531221219388,1531221219383,2224900,0.00019879,10.00000000,1
1531221243851,1531221243845,2224901,0.00019876,15.00000000,0
1531221243851,1531221243845,2224902,0.00019877,126.00000000,0
1531221246676,1531221246670,2224903,0.00019852,2035.00000000,0
1531221246692,1531221246687,2224904,0.00019877,651.00000000,0
1531221253009,1531221253005,2224905,0.00019877,46.00000000,1
1531221273920,1531221273914,2224906,0.00019879,40.00000000,0
1531221273920,1531221273914,2224907,0.00019885,129.00000000,0
1531221273920,1531221273914,2224908,0.00019890,1287.00000000,0
1531221283291,1531221283285,2224909,0.00019892,750.00000000,0
1531221283298,1531221283294,2224910,0.00019894,533.00000000,0
1531221283311,1531221283307,2224911,0.00019894,469.00000000,0
1531221305881,1531221305876,2224912,0.00019897,390.00000000,0
1531221309634,1531221309629,2224913,0.00019897,30.00000000,0
1531221319045,1531221319039,2224914,0.00019897,1.00000000,0
1531221320107,1531221320103,2224915,0.00019897,46.00000000,0
1531221328533,1531221328528,2224916,0.00019896,476.00000000,0
1531221340511,1531221340506,2224917,0.00019896,1.00000000,0
1531221340889,1531221340885,2224918,0.00019893,432.00000000,0
1531221340903,1531221340898,2224919,0.00019896,250.00000000,0
1531221340926,1531221340922,2224920,0.00019896,337.00000000,0
1531221367567,1531221367562,2224921,0.00019896,1.00000000,1
1531221367583,1531221367578,2224922,0.00019896,604.00000000,0
1531221367593,1531221367589,2224923,0.00019896,1.00000000,1
1531221377054,1531221377049,2224924,0.00019892,117.00000000,0
1531221377070,1531221377066,2224925,0.00019895,705.00000000,0
1531221377092,1531221377088,2224926,0.00019895,58.00000000,0
1531221377112,1531221377106,2224927,0.00019896,337.00000000,0
1531221428419,1531221428413,2224928,0.00019895,78.00000000,1
1531221428419,1531221428413,2224929,0.00019890,59.00000000,1
1531221428419,1531221428413,2224930,0.00019840,342.00000000,1
1531221428419,1531221428413,2224931,0.00019827,10.00000000,1
1531221428419,1531221428413,2224932,0.00019815,176.00000000,1
1531221428419,1531221428413,2224933,0.00019797,6.00000000,1
1531221428419,1531221428413,2224934,0.00019743,24.00000000,1
1531221428419,1531221428413,2224935,0.00019741,408.00000000,1
1531221428419,1531221428413,2224936,0.00019737,780.00000000,1
1531221428419,1531221428413,2224937,0.00019736,137.00000000,1
1531221428419,1531221428413,2224938,0.00019726,118.00000000,1
1531221430405,1531221430400,2224939,0.00019897,7.00000000,0
1531221454654,1531221454649,2224940,0.00019872,780.00000000,0
1531221454654,1531221454649,2224941,0.00019873,402.00000000,0
1531221454654,1531221454649,2224942,0.00019876,3849.00000000,0
1531221467237,1531221467233,2224943,0.00019761,6.00000000,1
1531221479873,1531221479867,2224944,0.00019803,6.00000000,0
1531221496042,1531221496038,2224945,0.00019799,95.00000000,1
1531221496042,1531221496038,2224946,0.00019797,222.00000000,1
1531221500657,1531221500652,2224947,0.00019797,578.00000000,1
1531221500657,1531221500652,2224948,0.00019796,192.00000000,1
1531221504648,1531221504642,2224949,0.00019843,465.00000000,0
1531221504648,1531221504642,2224950,0.00019844,6.00000000,0
1531221527236,1531221527231,2224951,0.00019844,9.00000000,1
1531221527236,1531221527231,2224952,0.00019797,15.00000000,1
1531221581308,1531221581304,2224953,0.00019837,387.00000000,0
1531221581314,1531221581310,2224954,0.00019800,457.00000000,1
1531221581337,1531221581333,2224955,0.00019800,176.00000000,1
1531221608415,1531221608411,2224956,0.00019875,15.00000000,0
1531221608415,1531221608411,2224957,0.00019876,433.00000000,0
1531221613689,1531221613684,2224958,0.00019876,798.00000000,0
1531221613689,1531221613684,2224959,0.00019877,79.00000000,0
1531221629634,1531221629628,2224960,0.00019877,29.00000000,0
1531221646960,1531221646955,2224961,0.00019819,16.00000000,1
1531221646960,1531221646955,2224962,0.00019808,800.00000000,1
1531221646960,1531221646955,2224963,0.00019796,533.00000000,1
1531221649974,1531221649969,2224964,0.00019820,6.00000000,1
1531221669306,1531221669302,2224965,0.00019820,16.00000000,1
1531221718285,1531221718280,2224966,0.00019821,13.00000000,1
1531221718285,1531221718280,2224967,0.00019820,7.00000000,1
1531221731849,1531221731844,2224968,0.00019866,2.00000000,0
1531221732048,1531221732042,2224969,0.00019866,2.00000000,0
1531221734387,1531221734382,2224970,0.00019820,2.00000000,1
1531221761345,1531221761339,2224971,0.00019851,2.00000000,0
1531221762607,1531221762602,2224972,0.00019851,1.00000000,0
1531221767283,1531221767278,2224973,0.00019836,1101.00000000,0
1531221767296,1531221767291,2224974,0.00019821,648.00000000,1
1531221775048,1531221775043,2224975,0.00019851,1.00000000,0
1531221808149,1531221808144,2224976,0.00019837,333.00000000,0
1531221808161,1531221808158,2224977,0.00019853,517.00000000,0
1531221808171,1531221808166,2224978,0.00019853,249.00000000,0
1531221826029,1531221826025,2224979,0.00019853,29.00000000,0
1531221827562,1531221827558,2224980,0.00019837,376.00000000,0
1531221827572,1531221827567,2224981,0.00019853,361.00000000,0
1531221827600,1531221827594,2224982,0.00019853,154.00000000,0
1531221861069,1531221861065,2224983,0.00019853,29.00000000,1
1531221887862,1531221887857,2224984,0.00019846,752.00000000,0
1531221887889,1531221887884,2224985,0.00019846,590.00000000,0
1531221926939,1531221926934,2224986,0.00019854,29.00000000,0
1531221926939,1531221926934,2224987,0.00019869,29.00000000,0
1531221926939,1531221926934,2224988,0.00019886,6.00000000,0
1531221926939,1531221926934,2224989,0.00019897,158.00000000,0
1531221933248,1531221933245,2224990,0.00019858,1388.00000000,0
1531221933265,1531221933260,2224991,0.00019896,522.00000000,0
1531221946374,1531221946371,2224992,0.00019826,375.00000000,1
1531221979446,1531221979441,2224993,0.00019875,664.00000000,0
1531221979463,1531221979459,2224994,0.00019854,40.00000000,1
1531221979482,1531221979477,2224995,0.00019854,289.00000000,1
1531221987138,1531221987133,2224996,0.00019853,301.00000000,1
1531221987138,1531221987133,2224997,0.00019847,53.00000000,1
1531221987138,1531221987133,2224998,0.00019820,523.00000000,1
1531221998825,1531221998821,2224999,0.00019855,10.00000000,1
1531222013364,1531222013360,2225000,0.00019855,8.00000000,1
1531222048966,1531222048962,2225001,0.00019875,240.00000000,0
1531222048978,1531222048973,2225002,0.00019896,213.00000000,0
1531222049002,1531222048999,2225003,0.00019896,91.00000000,0
1531222062502,1531222062497,2225004,0.00019897,227.00000000,0
1531222081192,1531222081188,2225005,0.00019895,10.00000000,0
1531222081192,1531222081188,2225006,0.00019897,6.00000000,0
1531222085551,1531222085546,2225007,0.00019854,579.00000000,1
1531222115087,1531222115083,2225008,0.00019854,10.00000000,1
1531222115087,1531222115083,2225009,0.00019853,25.00000000,1
1531222129056,1531222129053,2225010,0.00019854,490.00000000,0
1531222129070,1531222129065,2225011,0.00019855,258.00000000,0
1531222129083,1531222129079,2225012,0.00019855,292.00000000,0
1531222148953,1531222148948,2225013,0.00019853,23.00000000,1
1531222148978,1531222148975,2225014,0.00019854,317.00000000,0
1531222148995,1531222148990,2225015,0.00019854,19.00000000,0
1531222170562,1531222170558,2225016,0.00019853,7.00000000,1
1531222210443,1531222210440,2225017,0.00019854,2436.00000000,0
1531222247297,1531222247292,2225018,0.00019854,1.00000000,0
1531222269791,1531222269786,2225019,0.00019854,1.00000000,0
1531222312745,1531222312740,2225020,0.00019854,93.00000000,0
1531222312745,1531222312740,2225021,0.00019855,429.00000000,0
1531222317263,1531222317258,2225022,0.00019855,5.00000000,0
1531222321289,1531222321284,2225023,0.00019855,1.00000000,0
1531222331577,1531222331572,2225024,0.00019854,6.00000000,1
1531222364705,1531222364699,2225025,0.00019854,35.00000000,1
1531222370513,1531222370509,2225026,0.00019854,692.00000000,1
1531222370527,1531222370523,2225027,0.00019854,728.00000000,0
1531222370539,1531222370535,2225028,0.00019854,244.00000000,1
1531222370564,1531222370559,2225029,0.00019854,448.00000000,1
1531222385565,1531222385561,2225030,0.00019853,97.00000000,1
1531222404387,1531222404384,2225031,0.00019821,742.00000000,1
1531222404401,1531222404397,2225032,0.00019821,120.00000000,1
1531222418525,1531222418521,2225033,0.00019820,49.00000000,1
1531222418525,1531222418521,2225034,0.00019755,83.00000000,1
1531222418525,1531222418521,2225035,0.00019754,800.00000000,1
1531222418525,1531222418521,2225036,0.00019750,1002.00000000,1
1531222418525,1531222418521,2225037,0.00019726,623.00000000,1
1531222446805,1531222446801,2225038,0.00019821,45.00000000,0
1531222462734,1531222462729,2225039,0.00019746,12.00000000,0
1531222462734,1531222462729,2225040,0.00019747,594.00000000,0
1531222467175,1531222467170,2225041,0.00019747,153.00000000,0
1531222472881,1531222472875,2225042,0.00019747,44.00000000,0
1531222474581,1531222474577,2225043,0.00019747,10.00000000,0
1531222504269,1531222504264,2225044,0.00019745,10.00000000,0
1531222509456,1531222509454,2225045,0.00019745,28.00000000,0
1531222509456,1531222509454,2225046,0.00019747,174.00000000,0
1531222528844,1531222528840,2225047,0.00019738,841.00000000,0
1531222528858,1531222528855,2225048,0.00019746,738.00000000,0
1531222536093,1531222536090,2225049,0.00019747,884.00000000,0
1531222538127,1531222538122,2225050,0.00019747,10.00000000,0
1531222538172,1531222538167,2225051,0.00019731,34.00000000,1
1531222540582,1531222540578,2225052,0.00019731,2.00000000,0
1531222547552,1531222547548,2225053,0.00019728,727.00000000,0
1531222547567,1531222547563,2225054,0.00019730,382.00000000,0
1531222547588,1531222547584,2225055,0.00019730,596.00000000,0
1531222554272,1531222554268,2225056,0.00019726,472.00000000,1
1531222554272,1531222554268,2225057,0.00019715,10.00000000,1
1531222558625,1531222558621,2225058,0.00019715,117.00000000,0
1531222564175,1531222564170,2225059,0.00019715,10.00000000,0
1531222582750,1531222582746,2225060,0.00019700,6.00000000,1
1531222614992,1531222614988,2225061,0.00019701,100.00000000,0
1531222616842,1531222616837,2225062,0.00019700,1.00000000,1
1531222628480,1531222628475,2225063,0.00019701,74.00000000,0
1531222628489,1531222628486,2225064,0.00019701,73.00000000,0
1531222660730,1531222660728,2225065,0.00019700,73.00000000,1
1531222690824,1531222690820,2225066,0.00019700,32.00000000,1
1531222690830,1531222690826,2225067,0.00019700,32.00000000,1
1531222707534,1531222707532,2225068,0.00019701,1.00000000,0
1531222719284,1531222719279,2225069,0.00019700,40.00000000,1
1531222723195,1531222723192,2225070,0.00019701,11.00000000,0
1531222742501,1531222742496,2225071,0.00019700,47.00000000,1
1531222743250,1531222743246,2225072,0.00019700,342.00000000,1
1531222751563,1531222751559,2225073,0.00019700,69.00000000,1
1531222757360,1531222757356,2225074,0.00019690,12.00000000,1
1531222759972,1531222759960,2225075,0.00019700,50.00000000,0
1531222761351,1531222761350,2225076,0.00019688,134.00000000,1
1531222766589,1531222766586,2225077,0.00019688,335.00000000,1
1531222770294,1531222770290,2225078,0.00019687,9.00000000,1
1531222775191,1531222775187,2225079,0.00019687,9.00000000,1
1531222781873,1531222781868,2225080,0.00019687,9.00000000,1
1531222782120,1531222782117,2225081,0.00019688,134.00000000,0
1531222791670,1531222791666,2225082,0.00019688,9.00000000,1
1531222793940,1531222793935,2225083,0.00019688,326.00000000,1
1531222793940,1531222793935,2225084,0.00019687,14.00000000,1
1531222793940,1531222793935,2225085,0.00019681,6.00000000,1
1531222793940,1531222793935,2225086,0.00019675,6.00000000,1
1531222793940,1531222793935,2225087,0.00019671,7.00000000,1
1531222793940,1531222793935,2225088,0.00019627,78.00000000,1
1531222819175,1531222819171,2225089,0.00019699,50.00000000,0
1531222831480,1531222831476,2225090,0.00019632,14.00000000,1
1531222831872,1531222831868,2225091,0.00019632,14.00000000,1
1531222848267,1531222848264,2225092,0.00019632,5.00000000,1
1531222848325,1531222848321,2225093,0.00019632,5.00000000,1
1531222848325,1531222848321,2225094,0.00019628,5.00000000,1
1531222850917,1531222850914,2225095,0.00019628,7.00000000,1
1531222852004,1531222852002,2225096,0.00019627,9.00000000,1
1531222854725,1531222854721,2225097,0.00019627,33.00000000,1
1531222895275,1531222895272,2225098,0.00019627,180.00000000,1
1531222903883,1531222903878,2225099,0.00019602,20.00000000,1
1531222903883,1531222903878,2225100,0.00019600,30.00000000,1
1531222903883,1531222903878,2225101,0.00019598,6.00000000,1
1531222903883,1531222903878,2225102,0.00019593,16.00000000,1
1531222903883,1531222903878,2225103,0.00019591,10.00000000,1
1531222903883,1531222903878,2225104,0.00019568,8.00000000,1
1531222903883,1531222903878,2225105,0.00019561,912.00000000,1
1531222904402,1531222904398,2225106,0.00019676,15.00000000,0
1531222904402,1531222904398,2225107,0.00019677,28.00000000,0
1531222904402,1531222904398,2225108,0.00019678,10.00000000,0
1531222904402,1531222904398,2225109,0.00019687,6.00000000,0
1531222904402,1531222904398,2225110,0.00019701,21.00000000,0
1531222920958,1531222920953,2225111,0.00019629,35.00000000,1
1531222920958,1531222920953,2225112,0.00019628,10.00000000,1
1531222920958,1531222920953,2225113,0.00019561,49.00000000,1
1531222928706,1531222928699,2225114,0.00019564,15.00000000,1
1531222928706,1531222928699,2225115,0.00019563,51.00000000,1
1531222928706,1531222928699,2225116,0.00019561,28.00000000,1
1531222929792,1531222929788,2225117,0.00019659,45.00000000,0
1531222936987,1531222936981,2225118,0.00019562,16.00000000,0
1531222947747,1531222947743,2225119,0.00019561,88.00000000,1
1531222953998,1531222953995,2225120,0.00019652,10.00000000,0
1531222955259,1531222955256,2225121,0.00019591,9.00000000,1
1531222955611,1531222955606,2225122,0.00019591,98.00000000,1
1531222955987,1531222955983,2225123,0.00019651,30.00000000,0
1531222958244,1531222958240,2225124,0.00019591,43.00000000,1
1531222960817,1531222960813,2225125,0.00019592,5.00000000,1
1531222963412,1531222963408,2225126,0.00019593,6.00000000,1
1531222969386,1531222969382,2225127,0.00019592,46.00000000,1
1531222988263,1531222988260,2225128,0.00019633,6.00000000,0
1531222988263,1531222988260,2225129,0.00019634,9.00000000,0
1531223004600,1531223004595,2225130,0.00019605,6.00000000,1
1531223013761,1531223013757,2225131,0.00019634,20.00000000,0
1531223015137,1531223015133,2225132,0.00019634,10.00000000,0
1531223021204,1531223021200,2225133,0.00019633,91.00000000,1
1531223026777,1531223026773,2225134,0.00019634,12.00000000,0
1531223038740,1531223038736,2225135,0.00019634,215.00000000,1
1531223058038,1531223058033,2225136,0.00019634,275.00000000,0
1531223083873,1531223083869,2225137,0.00019634,15.00000000,0
1531223090877,1531223090876,2225138,0.00019635,5.00000000,0
1531223093814,1531223093809,2225139,0.00019635,1.00000000,0
1531223093814,1531223093809,2225140,0.00019644,4.00000000,0
1531223104898,1531223104895,2225141,0.00019643,723.00000000,0
1531223110812,1531223110809,2225142,0.00019644,12.00000000,0
1531223123201,1531223123198,2225143,0.00019644,1.00000000,0
1531223133370,1531223133366,2225144,0.00019643,1248.00000000,0
1531223133370,1531223133366,2225145,0.00019644,375.00000000,0
1531223143862,1531223143860,2225146,0.00019644,16.00000000,0
1531223151077,1531223151073,2225147,0.00019644,125.00000000,0
1531223156589,1531223156585,2225148,0.00019676,6.00000000,0
1531223168050,1531223168046,2225149,0.00019642,31.00000000,1
1531223172514,1531223172511,2225150,0.00019700,1.00000000,0
1531223207948,1531223207945,2225151,0.00019700,12.00000000,0
1531223208080,1531223208076,2225152,0.00019694,104.00000000,0
1531223208099,1531223208096,2225153,0.00019688,214.00000000,1
1531223208129,1531223208124,2225154,0.00019688,39.00000000,1
1531223227142,1531223227139,2225155,0.00019694,1040.00000000,0
1531223227156,1531223227153,2225156,0.00019688,591.00000000,1
1531223235815,1531223235811,2225157,0.00019687,89.00000000,1
1531223235824,1531223235820,2225158,0.00019562,76.00000000,1
1531223244612,1531223244609,2225159,0.00019600,174.00000000,1
1531223244626,1531223244623,2225160,0.00019600,102.00000000,1
1531223251858,1531223251855,2225161,0.00019605,36.00000000,1
1531223251858,1531223251855,2225162,0.00019604,464.00000000,1
1531223256612,1531223256606,2225163,0.00019605,26.00000000,1
1531223256623,1531223256619,2225164,0.00019605,5.00000000,1
1531223256623,1531223256619,2225165,0.00019600,52.00000000,1
1531223256623,1531223256619,2225166,0.00019561,118.00000000,1
