event_time,trade_time,trade_id,price,quantity,maker
1531210472721,1531210472716,2615051,0.00103060,5.87000000,0
1531210536615,1531210536611,2615052,0.00102640,0.08000000,1
1531210591604,1531210591600,2615053,0.00102640,0.63000000,1
1531210592046,1531210592043,2615054,0.00102640,0.26000000,1
1531210592678,1531210592673,2615055,0.00102640,0.30000000,1
1531210593141,1531210593137,2615056,0.00102640,1.17000000,1
1531210593902,1531210593897,2615057,0.00102640,0.59000000,1
1531210594216,1531210594212,2615058,0.00102640,0.52000000,1
1531210594676,1531210594670,2615059,0.00102640,0.57000000,1
1531210595152,1531210595146,2615060,0.00102640,0.60000000,1
1531210595618,1531210595614,2615061,0.00102640,0.55000000,1
1531210596091,1531210596086,2615062,0.00102640,0.70000000,1
1531210596441,1531210596437,2615063,0.00102640,0.61000000,1
1531210597033,1531210597028,2615064,0.00102640,0.52000000,1
1531210597458,1531210597454,2615065,0.00102640,0.49000000,1
1531210598097,1531210598091,2615066,0.00102640,0.43000000,1
1531210598648,1531210598644,2615067,0.00102640,0.81000000,1
1531210599160,1531210599156,2615068,0.00102640,0.46000000,1
1531210599619,1531210599612,2615069,0.00102640,0.57000000,1
1531210600039,1531210600034,2615070,0.00102640,0.61000000,1
1531210600498,1531210600493,2615071,0.00102640,0.29000000,1
1531210601083,1531210601078,2615072,0.00102640,0.62000000,1
1531210601531,1531210601528,2615073,0.00102640,0.64000000,1
1531210601980,1531210601975,2615074,0.00102640,0.52000000,1
1531210602542,1531210602537,2615075,0.00102640,0.63000000,1
1531210603096,1531210603090,2615076,0.00102640,0.33000000,1
1531210603725,1531210603721,2615077,0.00102640,0.52000000,1
1531210604193,1531210604193,2615078,0.00102640,0.64000000,1
1531210604787,1531210604784,2615079,0.00102640,0.54000000,1
1531210605296,1531210605292,2615080,0.00102640,0.30000000,1
1531210605851,1531210605847,2615081,0.00102640,0.62000000,1
1531210606323,1531210606320,2615082,0.00102640,0.63000000,1
1531210606843,1531210606839,2615083,0.00102640,0.30000000,1
1531210607284,1531210607279,2615084,0.00102640,0.53000000,1
1531210607725,1531210607721,2615085,0.00102640,0.35000000,1
1531210608434,1531210608430,2615086,0.00102640,0.30000000,1
1531210608970,1531210608966,2615087,0.00102640,0.51000000,1
1531210609353,1531210609348,2615088,0.00102640,0.66000000,1
1531210609811,1531210609807,2615089,0.00102640,0.35000000,1
1531210610576,1531210610572,2615090,0.00102640,0.65000000,1
1531210610959,1531210610954,2615091,0.00102640,0.53000000,1
1531210611458,1531210611454,2615092,0.00102640,0.63000000,1
1531210688726,1531210688720,2615093,0.00102590,3.67000000,1
1531210688726,1531210688720,2615094,0.00102580,11.19000000,1
1531210937281,1531210937277,2615095,0.00103060,0.01000000,0
1531210953670,1531210953667,2615096,0.00103060,28.37000000,0
1531210953670,1531210953667,2615097,0.00103070,4.86000000,0
1531210953670,1531210953667,2615098,0.00103390,19.70000000,0
1531210953670,1531210953667,2615099,0.00103500,56.92000000,0
1531210953670,1531210953667,2615100,0.00103600,18.15000000,0
1531210956107,1531210956102,2615101,0.00103570,0.38000000,0
1531210964006,1531210964001,2615102,0.00102650,1.07000000,1
1531210964406,1531210964400,2615103,0.00102660,0.46000000,1
1531210964855,1531210964850,2615104,0.00102660,0.21000000,1
1531210965242,1531210965238,2615105,0.00102660,0.55000000,1
1531210965798,1531210965793,2615106,0.00102660,0.19000000,1
1531210966390,1531210966385,2615107,0.00102670,0.60000000,1
1531210967116,1531210967116,2615108,0.00102670,1.11000000,1
1531210967618,1531210967619,2615109,0.00102670,0.99000000,1
1531210968155,1531210968150,2615110,0.00102680,0.57000000,1
1531210968876,1531210968872,2615111,0.00102680,1.22000000,1
1531210969393,1531210969389,2615112,0.00102680,0.45000000,1
1531210969967,1531210969962,2615113,0.00102680,0.53000000,1
1531210970513,1531210970507,2615114,0.00102690,0.30000000,1
1531210971072,1531210971068,2615115,0.00102690,0.66000000,1
1531210971599,1531210971596,2615116,0.00102690,0.29000000,1
1531210972099,1531210972094,2615117,0.00102620,0.56000000,1
1531210972468,1531210972463,2615118,0.00102700,0.30000000,1
1531210972943,1531210972937,2615119,0.00102630,0.65000000,1
1531210973453,1531210973448,2615120,0.00102630,0.62000000,1
1531210973955,1531210973950,2615121,0.00102630,0.55000000,1
1531210973969,1531210973965,2615122,0.00102630,0.30000000,1
1531210974618,1531210974614,2615123,0.00102630,0.58000000,1
1531210975112,1531210975107,2615124,0.00102630,0.53000000,1
1531210975479,1531210975475,2615125,0.00102630,0.58000000,1
1531210976021,1531210976018,2615126,0.00102630,0.21000000,1
1531210976443,1531210976439,2615127,0.00102630,0.21000000,1
1531210976897,1531210976892,2615128,0.00102630,0.60000000,1
1531210977524,1531210977518,2615129,0.00102630,0.37000000,1
1531210977978,1531210977974,2615130,0.00102630,0.61000000,1
1531210978770,1531210978765,2615131,0.00102630,0.47000000,1
1531210979107,1531210979102,2615132,0.00102630,0.91000000,1
1531210979451,1531210979446,2615133,0.00102630,0.56000000,1
1531210980040,1531210980040,2615134,0.00102630,0.58000000,1
1531210980495,1531210980491,2615135,0.00102630,0.23000000,1
1531210981057,1531210981051,2615136,0.00102600,0.57000000,1
1531210981543,1531210981538,2615137,0.00102600,0.58000000,1
1531210981994,1531210981990,2615138,0.00102600,0.62000000,1
1531210982805,1531210982800,2615139,0.00102600,0.59000000,1
1531210983380,1531210983375,2615140,0.00102600,0.26000000,1
1531210983698,1531210983693,2615141,0.00102600,0.56000000,1
1531210984233,1531210984226,2615142,0.00102600,0.61000000,1
1531211044036,1531211044036,2615143,0.00102670,7.14000000,1
1531211044620,1531211044616,2615144,0.00102660,21.86000000,0
1531211045096,1531211045093,2615145,0.00103530,0.10000000,0
1531211048319,1531211048315,2615146,0.00102620,0.60000000,1
1531211048906,1531211048902,2615147,0.00102620,0.58000000,1
1531211049409,1531211049404,2615148,0.00102620,0.68000000,1
1531211049984,1531211049979,2615149,0.00102620,0.60000000,1
1531211050643,1531211050638,2615150,0.00102620,0.56000000,1
1531211051153,1531211051147,2615151,0.00102620,0.64000000,1
1531211051867,1531211051863,2615152,0.00102610,0.51000000,1
1531211052259,1531211052255,2615153,0.00102610,0.33000000,1
1531211053092,1531211053088,2615154,0.00102610,0.22000000,1
1531211053630,1531211053625,2615155,0.00102610,0.50000000,1
1531211054169,1531211054169,2615156,0.00102610,0.57000000,1
1531211054580,1531211054576,2615157,0.00102610,0.51000000,1
1531211054962,1531211054958,2615158,0.00102610,0.58000000,1
1531211055700,1531211055697,2615159,0.00102610,0.33000000,1
1531211055932,1531211055928,2615160,0.00102610,1.60000000,1
1531211056679,1531211056675,2615161,0.00102610,0.61000000,1
1531211057075,1531211057071,2615162,0.00102610,0.40000000,1
1531211057413,1531211057408,2615163,0.00102610,1.44000000,1
1531211057951,1531211057946,2615164,0.00102610,1.24000000,1
1531211058330,1531211058326,2615165,0.00102610,0.57000000,1
1531211058870,1531211058866,2615166,0.00102610,1.67000000,1
1531211059518,1531211059512,2615167,0.00102610,0.60000000,1
1531211060038,1531211060033,2615168,0.00102610,0.64000000,1
1531211060484,1531211060480,2615169,0.00102610,0.25000000,1
1531211060948,1531211060945,2615170,0.00102610,0.66000000,1
1531211061454,1531211061454,2615171,0.00102610,1.91000000,1
1531211061996,1531211061991,2615172,0.00102610,1.65000000,1
1531211062528,1531211062523,2615173,0.00102610,0.61000000,1
1531211063098,1531211063094,2615174,0.00102620,0.30000000,1
1531211063683,1531211063678,2615175,0.00102620,0.57000000,1
1531211064086,1531211064081,2615176,0.00102620,0.59000000,1
1531211064358,1531211064354,2615177,0.00102620,0.54000000,1
1531211064358,1531211064354,2615178,0.00102610,0.03000000,1
1531211065094,1531211065091,2615179,0.00102610,0.54000000,1
1531211065788,1531211065785,2615180,0.00102610,0.30000000,1
1531211066305,1531211066299,2615181,0.00102610,0.59000000,1
1531211066638,1531211066633,2615182,0.00102610,0.25000000,1
1531211067038,1531211067031,2615183,0.00102610,1.57000000,1
1531211067332,1531211067326,2615184,0.00102610,0.65000000,1
1531211067769,1531211067766,2615185,0.00102610,0.55000000,1
1531211068266,1531211068262,2615186,0.00102590,0.22000000,1
1531211142316,1531211142313,2615187,0.00102900,26.50000000,1
1531211156000,1531211155996,2615188,0.00102900,8.56000000,1
1531211156432,1531211156427,2615189,0.00102900,8.68000000,1
1531211230375,1531211230370,2615190,0.00102900,13.22000000,1
1531211245310,1531211245304,2615191,0.00103050,0.99000000,0
1531211467571,1531211467570,2615192,0.00103050,2.95000000,0
1531211482396,1531211482392,2615193,0.00102900,0.23000000,1
1531211587795,1531211587789,2615194,0.00103050,28.64000000,0
1531211587795,1531211587789,2615195,0.00103060,43.04000000,0
1531211587795,1531211587789,2615196,0.00103420,2.95000000,0
1531211588318,1531211588313,2615197,0.00103420,4.66000000,1
1531211588718,1531211588713,2615198,0.00103420,5.00000000,1
1531211588869,1531211588863,2615199,0.00103420,12.20000000,1
1531211589381,1531211589377,2615200,0.00102660,4.10000000,1
1531211592833,1531211592829,2615201,0.00102900,4.23000000,0
1531211593504,1531211593504,2615202,0.00102660,0.13000000,1
1531211595848,1531211595843,2615203,0.00102900,0.01000000,0
1531211602143,1531211602139,2615204,0.00102900,11.36000000,0
1531211946307,1531211946301,2615205,0.00102910,6.79000000,1
1531211946307,1531211946301,2615206,0.00102900,7.55000000,1
1531211946307,1531211946301,2615207,0.00102600,14.66000000,1
1531212260814,1531212260809,2615208,0.00103280,6.79000000,0
1531212260814,1531212260809,2615209,0.00103390,18.89000000,0
1531212260814,1531212260809,2615210,0.00103400,4.57000000,0
1531212267513,1531212267508,2615211,0.00102610,0.60000000,1
1531212267860,1531212267856,2615212,0.00102670,5.73000000,1
1531212268499,1531212268494,2615213,0.00102670,0.24000000,1
1531212268499,1531212268494,2615214,0.00102610,0.26000000,1
1531212269161,1531212269157,2615215,0.00102610,0.45000000,1
1531212269694,1531212269690,2615216,0.00102610,0.61000000,1
1531212269938,1531212269933,2615217,0.00102610,0.37000000,1
1531212270598,1531212270593,2615218,0.00102610,1.12000000,1
1531212271265,1531212271259,2615219,0.00102610,0.51000000,1
1531212271980,1531212271976,2615220,0.00102610,0.57000000,1
1531212272889,1531212272885,2615221,0.00102610,0.63000000,1
1531212275570,1531212275565,2615222,0.00102610,0.63000000,1
1531212276734,1531212276730,2615223,0.00102610,0.67000000,1
1531212277715,1531212277710,2615224,0.00102610,0.26000000,1
1531212278421,1531212278416,2615225,0.00102610,0.61000000,1
1531212278906,1531212278901,2615226,0.00102610,0.62000000,1
1531212279433,1531212279427,2615227,0.00102600,1.11000000,1
1531212279934,1531212279929,2615228,0.00102600,0.71000000,1
1531212280679,1531212280674,2615229,0.00102600,0.62000000,1
1531212280963,1531212280959,2615230,0.00102600,1.21000000,1
1531212281464,1531212281461,2615231,0.00102600,0.66000000,1
1531212281863,1531212281859,2615232,0.00102600,0.56000000,1
1531212282323,1531212282319,2615233,0.00102600,0.67000000,1
1531212282836,1531212282830,2615234,0.00102600,0.55000000,1
1531212283353,1531212283349,2615235,0.00102600,0.30000000,1
1531212283917,1531212283910,2615236,0.00102600,1.11000000,1
1531212284441,1531212284411,2615237,0.00102600,0.30000000,1
1531212285038,1531212285034,2615238,0.00102600,0.31000000,1
1531212285582,1531212285578,2615239,0.00102600,0.43000000,1
1531212286263,1531212286260,2615240,0.00102600,0.52000000,1
1531212286975,1531212286970,2615241,0.00102600,0.35000000,1
1531212287316,1531212287315,2615242,0.00102600,0.55000000,1
1531212287983,1531212287980,2615243,0.00102600,1.22000000,1
1531212288460,1531212288455,2615244,0.00102600,0.63000000,1
1531212288904,1531212288901,2615245,0.00102600,0.61000000,1
1531212289416,1531212289411,2615246,0.00102600,0.21000000,1
1531212289910,1531212289905,2615247,0.00102600,0.49000000,1
1531212290438,1531212290434,2615248,0.00102600,0.60000000,1
1531212290982,1531212290977,2615249,0.00102600,0.50000000,1
1531212291721,1531212291717,2615250,0.00102600,0.31000000,1
1531212292527,1531212292522,2615251,0.00102600,0.46000000,1
1531212313014,1531212313009,2615252,0.00102600,1.01000000,1
1531212444044,1531212444040,2615253,0.00102610,21.56000000,1
1531212550657,1531212550653,2615254,0.00102610,0.01000000,1
1531212554685,1531212554680,2615255,0.00103110,6.19000000,0
1531212554686,1531212554680,2615256,0.00103230,2.44000000,0
1531212554686,1531212554680,2615257,0.00103400,13.43000000,0
1531212554686,1531212554680,2615258,0.00103530,57.14000000,0
1531212554686,1531212554680,2615259,0.00103600,105.80000000,0
1531212554686,1531212554680,2615260,0.00103630,5.12000000,0
1531212554686,1531212554680,2615261,0.00103650,1.07000000,0
1531212554686,1531212554680,2615262,0.00103670,1.45000000,0
1531212554686,1531212554680,2615263,0.00103690,2.94000000,0
1531212554686,1531212554680,2615264,0.00103720,54.42000000,0
1531212567616,1531212567612,2615265,0.00103670,0.94000000,0
1531212568267,1531212568263,2615266,0.00103670,0.94000000,0
1531212569447,1531212569442,2615267,0.00103670,0.94000000,0
1531212570009,1531212570004,2615268,0.00103670,0.94000000,0
1531212571040,1531212571037,2615269,0.00103670,0.94000000,0
1531212572239,1531212572233,2615270,0.00103670,0.77000000,0
1531212572239,1531212572233,2615271,0.00103680,0.17000000,0
1531212574766,1531212574761,2615272,0.00103680,0.94000000,0
1531212576293,1531212576289,2615273,0.00103680,0.94000000,0
1531212577537,1531212577532,2615274,0.00103680,0.94000000,0
1531212579045,1531212579041,2615275,0.00103690,0.94000000,0
1531212608283,1531212608278,2615276,0.00102870,0.08000000,1
1531212613621,1531212613616,2615277,0.00102870,2.35000000,1
1531212613825,1531212613820,2615278,0.00102870,5.56000000,0
1531212613869,1531212613864,2615279,0.00102870,1.60000000,0
1531212803260,1531212803256,2615280,0.00103390,1.60000000,0
1531212803300,1531212803295,2615281,0.00103400,2.43000000,0
1531212815962,1531212815958,2615282,0.00103240,0.51000000,1
1531212816409,1531212816405,2615283,0.00103250,1.63000000,1
1531212817099,1531212817095,2615284,0.00103270,0.30000000,1
1531212817587,1531212817583,2615285,0.00103270,0.32000000,1
1531212817960,1531212817957,2615286,0.00103270,0.40000000,1
1531212818507,1531212818503,2615287,0.00103270,0.61000000,1
1531212819220,1531212819216,2615288,0.00103270,0.64000000,1
1531212819592,1531212819587,2615289,0.00103270,0.30000000,1
1531212820250,1531212820245,2615290,0.00103270,0.30000000,1
1531212820749,1531212820744,2615291,0.00103270,0.87000000,1
1531212821408,1531212821404,2615292,0.00103270,0.29000000,1
1531212821953,1531212821949,2615293,0.00103270,0.50000000,1
1531212848761,1531212848757,2615294,0.00103300,29.00000000,1
1531212971090,1531212971085,2615295,0.00103320,0.15000000,1
1531213100980,1531213100974,2615296,0.00103640,5.35000000,0
1531213129690,1531213129686,2615297,0.00103330,0.25000000,1
1531213178755,1531213178750,2615298,0.00103340,6.47000000,1
1531213178755,1531213178750,2615299,0.00103330,25.01000000,1
1531213257476,1531213257471,2615300,0.00103330,0.25000000,1
1531213469138,1531213469133,2615301,0.00103330,0.24000000,1
1531213469938,1531213469935,2615302,0.00103330,64.97000000,1
1531213584018,1531213584012,2615303,0.00103330,3.08000000,1
1531213715513,1531213715508,2615304,0.00103030,0.03000000,1
1531213744281,1531213744276,2615305,0.00103030,2.40000000,1
1531213752091,1531213752085,2615306,0.00103020,22.36000000,1
1531213752091,1531213752085,2615307,0.00103010,6.64000000,1
1531213899234,1531213899230,2615308,0.00103030,4.42000000,0
1531214156797,1531214156792,2615309,0.00103070,0.09000000,1
1531214209950,1531214209945,2615310,0.00103070,22.95000000,1
1531214209950,1531214209945,2615311,0.00103030,26.29000000,1
1531214507886,1531214507883,2615312,0.00102930,0.02000000,1
1531214524191,1531214524189,2615313,0.00102930,12.16000000,1
1531214624711,1531214624707,2615314,0.00102930,0.10000000,1
1531214624789,1531214624785,2615315,0.00102930,0.40000000,1
1531214641868,1531214641864,2615316,0.00102930,0.01000000,1
1531214655719,1531214655716,2615317,0.00102930,29.00000000,1
1531214710209,1531214710206,2615318,0.00102930,1.85000000,1
1531214795693,1531214795688,2615319,0.00102930,13.88000000,1
1531214795693,1531214795688,2615320,0.00102860,8.48000000,1
1531214851960,1531214851955,2615321,0.00102860,3.52000000,1
1531214901468,1531214901463,2615322,0.00102710,1.97000000,1
1531214918566,1531214918560,2615323,0.00103240,6.47000000,0
1531214918566,1531214918560,2615324,0.00103250,4.85000000,0
1531214918566,1531214918560,2615325,0.00103300,58.32000000,0
1531214918566,1531214918560,2615326,0.00103350,10.00000000,0
1531214918566,1531214918560,2615327,0.00103370,90.66000000,0
1531214918566,1531214918560,2615328,0.00103590,270.00000000,0
1531214918566,1531214918560,2615329,0.00103600,57.13000000,0
1531214918566,1531214918560,2615330,0.00103610,17.22000000,0
1531215034697,1531215034693,2615331,0.00103170,4.55000000,1
1531215194726,1531215194721,2615332,0.00103290,0.19000000,1
1531215195904,1531215195901,2615333,0.00103290,0.19000000,1
1531215280232,1531215280229,2615334,0.00103350,1.00000000,1
1531215300145,1531215300142,2615335,0.00103310,2.17000000,1
1531215334138,1531215334134,2615336,0.00103300,7.14000000,1
1531215431301,1531215431298,2615337,0.00103170,4.00000000,1
1531215559328,1531215559323,2615338,0.00102770,4.71000000,1
1531215559328,1531215559323,2615339,0.00102750,24.29000000,1
1531215705690,1531215705687,2615340,0.00103490,117.53000000,0
1531215712182,1531215712179,2615341,0.00102750,7.14000000,1
1531215734330,1531215734326,2615342,0.00103490,1.00000000,0
1531215798372,1531215798368,2615343,0.00103040,26.04000000,0
1531215906173,1531215906169,2615344,0.00102830,11.90000000,0
1531215908259,1531215908254,2615345,0.00102830,19.90000000,0
1531215965615,1531215965610,2615346,0.00102740,7.80000000,1
1531215965615,1531215965610,2615347,0.00102630,10.38000000,1
1531216011548,1531216011542,2615348,0.00102630,1.82000000,1
1531216012640,1531216012637,2615349,0.00102630,1.97000000,1
1531216013983,1531216013980,2615350,0.00102630,3.21000000,1
1531216094809,1531216094806,2615351,0.00102680,41.17000000,1
1531216094809,1531216094806,2615352,0.00102670,270.00000000,1
1531216094809,1531216094806,2615353,0.00102650,0.90000000,1
1531216212764,1531216212760,2615354,0.00102650,2.28000000,1
1531216236438,1531216236432,2615355,0.00103160,0.05000000,0
1531216462955,1531216462950,2615356,0.00102660,6.17000000,1
1531216462955,1531216462950,2615357,0.00102650,22.83000000,1
1531216465332,1531216465329,2615358,0.00102650,0.01000000,1
1531216485996,1531216485992,2615359,0.00102930,6.17000000,0
1531216489190,1531216489186,2615360,0.00102930,43.38000000,1
1531216762121,1531216762117,2615361,0.00102630,0.08000000,1
1531216763322,1531216763317,2615362,0.00102610,0.08000000,1
1531216782719,1531216782715,2615363,0.00102610,0.04000000,1
1531216808796,1531216808791,2615364,0.00102920,26.43000000,0
1531216938873,1531216938868,2615365,0.00102610,15.00000000,1
1531216954723,1531216954720,2615366,0.00102610,4.85000000,1
1531216969428,1531216969424,2615367,0.00102630,9.74000000,0
1531217045690,1531217045687,2615368,0.00102610,0.02000000,1
1531217065864,1531217065860,2615369,0.00102630,0.06000000,0
1531217107734,1531217107728,2615370,0.00102630,0.14000000,0
1531217131270,1531217131264,2615371,0.00102630,38.95000000,0
1531217131493,1531217131488,2615372,0.00102930,7.00000000,0
1531217133970,1531217133966,2615373,0.00102930,8.00000000,0
1531217146405,1531217146400,2615374,0.00102620,19.97000000,1
1531217366832,1531217366826,2615375,0.00102630,6.17000000,1
1531217366832,1531217366826,2615376,0.00102620,22.83000000,1
1531217503684,1531217503679,2615377,0.00102610,0.03000000,1
1531217519764,1531217519759,2615378,0.00102610,27.01000000,1
1531217538474,1531217538469,2615379,0.00102610,46.71000000,1
1531217538474,1531217538469,2615380,0.00102580,2.93000000,1
1531217538474,1531217538469,2615381,0.00102570,2.14000000,1
1531217538474,1531217538469,2615382,0.00102550,17.00000000,1
1531217538474,1531217538469,2615383,0.00102540,506.20000000,1
1531217567695,1531217567691,2615384,0.00102540,75.59000000,1
1531217569325,1531217569321,2615385,0.00102510,301.20000000,1
1531217569992,1531217569988,2615386,0.00102540,10.23000000,0
1531217572319,1531217572315,2615387,0.00102500,177.65000000,1
1531217573318,1531217573314,2615388,0.00102450,25.46000000,1
1531217577398,1531217577395,2615389,0.00102390,21.65000000,1
1531217579312,1531217579308,2615390,0.00102360,0.99000000,1
1531217579497,1531217579493,2615391,0.00102330,0.17000000,1
1531217607518,1531217607513,2615392,0.00102430,0.75000000,0
1531217607565,1531217607559,2615393,0.00102430,0.75000000,0
1531217607614,1531217607610,2615394,0.00102430,0.75000000,0
1531217607643,1531217607637,2615395,0.00102430,0.75000000,0
1531217608743,1531217608738,2615396,0.00102430,1.29000000,0
1531217609303,1531217609298,2615397,0.00102500,3.69000000,1
1531217610006,1531217610001,2615398,0.00102330,0.90000000,1
1531217610516,1531217610511,2615399,0.00102280,0.98000000,1
1531217614678,1531217614672,2615400,0.00102330,0.09000000,0
1531217614678,1531217614672,2615401,0.00102540,0.66000000,0
1531217614746,1531217614741,2615402,0.00102540,0.75000000,0
1531217614836,1531217614831,2615403,0.00102540,0.75000000,0
1531217614873,1531217614868,2615404,0.00102540,0.75000000,0
1531217614896,1531217614891,2615405,0.00102540,0.75000000,0
1531217614956,1531217614952,2615406,0.00102260,0.14000000,1
1531217615017,1531217615013,2615407,0.00102540,0.75000000,0
1531217620653,1531217620650,2615408,0.00102540,0.50000000,0
1531217620775,1531217620768,2615409,0.00102540,0.29000000,0
1531217620890,1531217620886,2615410,0.00102540,0.87000000,0
1531217620943,1531217620939,2615411,0.00102540,0.30000000,0
1531217621054,1531217621049,2615412,0.00102540,0.30000000,0
1531217621117,1531217621113,2615413,0.00102540,0.64000000,0
1531217621266,1531217621263,2615414,0.00102540,0.61000000,0
1531217621334,1531217621331,2615415,0.00102540,0.40000000,0
1531217621408,1531217621404,2615416,0.00102540,0.32000000,0
1531217621480,1531217621477,2615417,0.00102540,0.30000000,0
1531217621569,1531217621565,2615418,0.00102540,1.63000000,0
1531217621613,1531217621608,2615419,0.00102540,0.51000000,0
1531217857497,1531217857493,2615420,0.00102540,3.38000000,0
1531217871615,1531217871610,2615421,0.00102260,0.85000000,1
1531217876790,1531217876785,2615422,0.00102090,0.17000000,1
1531217902137,1531217902133,2615423,0.00102090,3.24000000,1
1531217908803,1531217908799,2615424,0.00102090,1.49000000,1
1531217982233,1531217982229,2615425,0.00102540,9.75000000,0
1531218005154,1531218005150,2615426,0.00102090,1.10000000,1
1531218005644,1531218005639,2615427,0.00102090,3.00000000,0
1531218007800,1531218007795,2615428,0.00101990,9.50000000,1
1531218013884,1531218013879,2615429,0.00101990,0.14000000,1
1531218031619,1531218031614,2615430,0.00101990,0.70000000,1
1531218032549,1531218032543,2615431,0.00102090,0.53000000,0
1531218032549,1531218032543,2615432,0.00102500,6.38000000,0
1531218085544,1531218085539,2615433,0.00102000,11.13000000,1
1531218085544,1531218085539,2615434,0.00101990,24.52000000,1
1531218114317,1531218114311,2615435,0.00102160,0.99000000,1
1531218259151,1531218259147,2615436,0.00102160,0.01000000,1
1531218290661,1531218290656,2615437,0.00102470,0.02000000,0
1531218443227,1531218443214,2615438,0.00102470,6.15000000,0
1531218443227,1531218443214,2615439,0.00102500,1.35000000,0
1531218547181,1531218547177,2615440,0.00102250,53.37000000,1
1531218547194,1531218547189,2615441,0.00102240,19.18000000,0
1531218547218,1531218547213,2615442,0.00102500,18.48000000,0
1531218547218,1531218547213,2615443,0.00102520,0.70000000,0
1531218611509,1531218611503,2615444,0.00102520,0.29000000,0
1531218611509,1531218611503,2615445,0.00102540,9.47000000,0
1531218611509,1531218611503,2615446,0.00102580,15.24000000,0
1531218709580,1531218709567,2615447,0.00102170,6.40000000,1
1531218709580,1531218709567,2615448,0.00102160,3.40000000,1
1531218709580,1531218709567,2615449,0.00102000,52.28000000,1
1531218709580,1531218709567,2615450,0.00101990,4.10000000,1
1531218709580,1531218709567,2615451,0.00101960,15.25000000,1
1531218709580,1531218709567,2615452,0.00101920,0.99000000,1
1531218709580,1531218709567,2615453,0.00101910,1.74000000,1
1531218709580,1531218709567,2615454,0.00101840,17.40000000,1
1531218709580,1531218709567,2615455,0.00101770,0.99000000,1
1531218709580,1531218709567,2615456,0.00101750,90.55000000,1
1531218709580,1531218709567,2615457,0.00101730,14.72000000,1
1531218709580,1531218709567,2615458,0.00101660,2.26000000,1
1531218709580,1531218709567,2615459,0.00101650,0.99000000,1
1531218709580,1531218709567,2615460,0.00101590,2.34000000,1
1531218709580,1531218709567,2615461,0.00101550,0.99000000,1
1531218709580,1531218709567,2615462,0.00101530,19.99000000,1
1531218709580,1531218709567,2615463,0.00101500,75.00000000,1
1531218709580,1531218709567,2615464,0.00101430,197.18000000,1
1531218709580,1531218709567,2615465,0.00101370,1.08000000,1
1531218709580,1531218709567,2615466,0.00101310,1.00000000,1
1531218709580,1531218709567,2615467,0.00101290,2.95000000,1
1531218709580,1531218709567,2615468,0.00101170,375.60000000,1
1531218709580,1531218709567,2615469,0.00101160,16.05000000,1
1531218709580,1531218709567,2615470,0.00101140,5.62000000,1
1531218709580,1531218709567,2615471,0.00101080,5.92000000,1
1531218709580,1531218709567,2615472,0.00101050,1.29000000,1
1531218709580,1531218709567,2615473,0.00101000,344.40000000,1
1531218709580,1531218709567,2615474,0.00100990,11.89000000,1
1531218709580,1531218709567,2615475,0.00100970,2.25000000,1
1531218709580,1531218709567,2615476,0.00100830,54.00000000,1
1531218709580,1531218709567,2615477,0.00100800,69.98000000,1
1531218709588,1531218709584,2615478,0.00101330,37.10000000,0
1531218709630,1531218709624,2615479,0.00102500,23.92000000,0
1531218709630,1531218709624,2615480,0.00102580,13.18000000,0
1531218709845,1531218709839,2615481,0.00102130,156.41000000,1
1531218709897,1531218709890,2615482,0.00102130,6.47000000,0
1531218710186,1531218710181,2615483,0.00102130,40.17000000,0
1531218710601,1531218710596,2615484,0.00102130,75.56000000,0
1531218711341,1531218711337,2615485,0.00101270,41.05000000,0
1531218711351,1531218711346,2615486,0.00101270,12.95000000,0
1531218712454,1531218712449,2615487,0.00102120,1.49000000,0
1531218712546,1531218712541,2615488,0.00102120,0.36000000,0
1531218714855,1531218714850,2615489,0.00101190,0.01000000,1
1531218715028,1531218715024,2615490,0.00101190,0.14000000,1
1531218715053,1531218715045,2615491,0.00101190,0.17000000,1
1531218715340,1531218715335,2615492,0.00101200,1.69000000,1
1531218729060,1531218729056,2615493,0.00101970,6.38000000,0
1531218729867,1531218729863,2615494,0.00101890,5.62000000,0
1531218731023,1531218731019,2615495,0.00101460,0.02000000,1
1531218732461,1531218732456,2615496,0.00101980,12.76000000,0
1531218737882,1531218737877,2615497,0.00101980,1.68000000,0
1531218740981,1531218740977,2615498,0.00101600,2.29000000,1
1531218741043,1531218741039,2615499,0.00101600,1.00000000,1
1531218751047,1531218751042,2615500,0.00101630,8.86000000,1
1531218751681,1531218751677,2615501,0.00101630,8.84000000,1
1531218760584,1531218760579,2615502,0.00101660,1.00000000,1
1531218760646,1531218760642,2615503,0.00101660,1.50000000,1
1531218760747,1531218760742,2615504,0.00101660,1.99000000,1
1531218760778,1531218760773,2615505,0.00101660,14.91000000,1
1531218761450,1531218761446,2615506,0.00101660,15.24000000,1
1531218761476,1531218761470,2615507,0.00101660,4.64000000,0
1531218761702,1531218761697,2615508,0.00101980,24.06000000,0
1531218764067,1531218764062,2615509,0.00101980,14.18000000,0
1531218764578,1531218764574,2615510,0.00101980,2.00000000,1
1531218765162,1531218765157,2615511,0.00101980,7.00000000,1
1531218766224,1531218766220,2615512,0.00101980,4.00000000,1
1531218766446,1531218766442,2615513,0.00101980,11.06000000,1
1531218801757,1531218801752,2615514,0.00101960,2.98000000,1
1531218843441,1531218843436,2615515,0.00102060,0.14000000,0
1531218870256,1531218870250,2615516,0.00102060,99.89000000,0
1531218897339,1531218897334,2615517,0.00102170,4.00000000,0
1531218914500,1531218914495,2615518,0.00102170,2.13000000,0
1531218942689,1531218942684,2615519,0.00101970,25.00000000,1
1531218996971,1531218996967,2615520,0.00101970,0.55000000,1
1531219047191,1531219047185,2615521,0.00102170,13.45000000,0
1531219047191,1531219047185,2615522,0.00102190,4.90000000,0
1531219047191,1531219047185,2615523,0.00102300,5.92000000,0
1531219073049,1531219073044,2615524,0.00102500,23.00000000,0
1531219124001,1531219123996,2615525,0.00102500,11.48000000,0
1531219146837,1531219146833,2615526,0.00102120,6.41000000,1
1531219151034,1531219151030,2615527,0.00101980,8.00000000,1
1531219175180,1531219175175,2615528,0.00102020,29.00000000,1
1531219176869,1531219176864,2615529,0.00102120,1.59000000,0
1531219241119,1531219241114,2615530,0.00102380,29.00000000,0
1531219350951,1531219350946,2615531,0.00102390,6.41000000,0
1531219421241,1531219421236,2615532,0.00102520,3.41000000,0
1531219421241,1531219421236,2615533,0.00102620,0.98000000,0
1531219421241,1531219421236,2615534,0.00102680,5.79000000,0
1531219424205,1531219424201,2615535,0.00102230,1.54000000,1
1531219430820,1531219430815,2615536,0.00102680,10.29000000,0
1531219430820,1531219430815,2615537,0.00102750,5.16000000,0
1531219430820,1531219430815,2615538,0.00102800,237.27000000,0
1531219435154,1531219435148,2615539,0.00102790,270.00000000,0
1531219439750,1531219439746,2615540,0.00102790,22.32000000,1
1531219439777,1531219439772,2615541,0.00102790,13.46000000,1
1531219439979,1531219439974,2615542,0.00102790,10.91000000,1
1531219441234,1531219441228,2615543,0.00102790,26.21000000,1
1531219441238,1531219441233,2615544,0.00102790,24.53000000,1
1531219442394,1531219442389,2615545,0.00102790,19.48000000,1
1531219707179,1531219707175,2615546,0.00102200,1.30000000,1
1531219777100,1531219777096,2615547,0.00102240,50.71000000,1
1531219777412,1531219777407,2615548,0.00102240,67.19000000,0
1531219777592,1531219777587,2615549,0.00102240,94.56000000,0
1531219792519,1531219792515,2615550,0.00102240,212.47000000,0
1531219793024,1531219793019,2615551,0.00102670,53.55000000,0
1531219793024,1531219793019,2615552,0.00102680,19.48000000,0
1531219821485,1531219821482,2615553,0.00102700,13.11000000,1
1531219830507,1531219830501,2615554,0.00102900,10.16000000,0
1531219833646,1531219833641,2615555,0.00102930,15.00000000,0
1531219835657,1531219835652,2615556,0.00102740,216.62000000,0
1531219839812,1531219839807,2615557,0.00102740,0.19000000,0
1531219840318,1531219840313,2615558,0.00103090,2.24000000,0
1531219840318,1531219840313,2615559,0.00103190,1.40000000,0
1531219844889,1531219844885,2615560,0.00102740,0.43000000,1
1531219845677,1531219845671,2615561,0.00102740,0.51000000,1
1531219846000,1531219845993,2615562,0.00102740,1.63000000,1
1531219846491,1531219846486,2615563,0.00102750,0.30000000,1
1531219847220,1531219847213,2615564,0.00102750,0.30000000,1
1531219847685,1531219847680,2615565,0.00102750,0.32000000,1
1531219848216,1531219848210,2615566,0.00102750,0.40000000,1
1531219848817,1531219848815,2615567,0.00102750,0.61000000,1
1531219849288,1531219849283,2615568,0.00102750,0.64000000,1
1531219849847,1531219849841,2615569,0.00102750,0.30000000,1
1531219850411,1531219850408,2615570,0.00102750,0.50000000,1
1531219851481,1531219851476,2615571,0.00102750,0.30000000,1
1531219851912,1531219851907,2615572,0.00102760,0.51000000,1
1531219851970,1531219851964,2615573,0.00102760,0.87000000,1
1531219852419,1531219852410,2615574,0.00102760,0.29000000,1
1531219852992,1531219852987,2615575,0.00102760,0.34000000,1
1531219853481,1531219853475,2615576,0.00102760,0.50000000,1
1531219859360,1531219859354,2615577,0.00102790,6.51000000,1
1531219861514,1531219861508,2615578,0.00102770,16.37000000,1
1531219861612,1531219861607,2615579,0.00102770,15.92000000,0
1531219861626,1531219861622,2615580,0.00102770,0.45000000,0
1531219866092,1531219866087,2615581,0.00102770,16.37000000,1
1531219873864,1531219873860,2615582,0.00103110,6.51000000,0
1531219884491,1531219884486,2615583,0.00102770,5.57000000,1
1531219937782,1531219937776,2615584,0.00103010,0.02000000,0
1531219994542,1531219994539,2615585,0.00102760,6.91000000,1
1531220077597,1531220077592,2615586,0.00102700,29.00000000,1
1531220094705,1531220094699,2615587,0.00103000,67.63000000,0
1531220094937,1531220094936,2615588,0.00103000,30.61000000,1
1531220095014,1531220095012,2615589,0.00103000,32.74000000,1
1531220098630,1531220098626,2615590,0.00103010,121.12000000,1
1531220100792,1531220100787,2615591,0.00103010,18.04000000,1
1531220114774,1531220114769,2615592,0.00103010,2.38000000,1
1531220122391,1531220122386,2615593,0.00103010,3.35000000,1
1531220129494,1531220129488,2615594,0.00103060,5.57000000,0
1531220180684,1531220180682,2615595,0.00103060,4.70000000,1
1531220187037,1531220187031,2615596,0.00103060,87.62000000,1
1531220300258,1531220300253,2615597,0.00103000,0.04000000,1
1531220316416,1531220316411,2615598,0.00103000,0.02000000,1
1531220476273,1531220476269,2615599,0.00103000,10.40000000,1
1531220564945,1531220564939,2615600,0.00103190,6.00000000,0
1531220594275,1531220594271,2615601,0.00103000,0.11000000,1
1531220637552,1531220637547,2615602,0.00103190,6.00000000,0
1531220659887,1531220659883,2615603,0.00103000,0.01000000,1
1531220692099,1531220692094,2615604,0.00103000,0.11000000,1
1531220751874,1531220751869,2615605,0.00103000,23.84000000,1
1531220799669,1531220799664,2615606,0.00103000,0.02000000,1
1531220890981,1531220890975,2615607,0.00103000,0.11000000,1
1531220913867,1531220913862,2615608,0.00103000,5.63000000,1
1531220979739,1531220979733,2615609,0.00103000,29.00000000,1
1531221047955,1531221047948,2615610,0.00103190,5.99000000,0
1531221050314,1531221050307,2615611,0.00103250,1.43000000,1
1531221336468,1531221336463,2615612,0.00103250,11.92000000,0
1531221394181,1531221394176,2615613,0.00103330,1.94000000,0
1531221429673,1531221429668,2615614,0.00103330,10.06000000,1
1531221523236,1531221523230,2615615,0.00103250,0.08000000,1
1531221523236,1531221523230,2615616,0.00103000,204.33000000,1
1531221530841,1531221530837,2615617,0.00102700,71.11000000,1
1531221539822,1531221539817,2615618,0.00102610,6.03000000,1
1531221539822,1531221539817,2615619,0.00102420,297.20000000,1
1531221545929,1531221545925,2615620,0.00102410,489.90000000,1
1531221551854,1531221551850,2615621,0.00102320,30.21000000,1
1531221551870,1531221551865,2615622,0.00102300,30.35000000,0
1531221551902,1531221551898,2615623,0.00102300,4.44000000,0
1531221553840,1531221553836,2615624,0.00102300,4.20000000,0
1531221553935,1531221553930,2615625,0.00102300,8.37000000,0
1531221556351,1531221556347,2615626,0.00102270,1.95000000,1
1531221564910,1531221564904,2615627,0.00102140,153.82000000,1
1531221610400,1531221610395,2615628,0.00102140,0.98000000,0
1531221626990,1531221626985,2615629,0.00102140,2.95000000,1
1531221710113,1531221710108,2615630,0.00102300,3.62000000,0
1531221710113,1531221710108,2615631,0.00103040,1.29000000,0
1531221734529,1531221734523,2615632,0.00102990,0.01000000,0
1531221758948,1531221758943,2615633,0.00102430,0.02000000,1
1531221760126,1531221760122,2615634,0.00102420,0.02000000,1
1531221823225,1531221823221,2615635,0.00102420,0.01000000,1
1531221881524,1531221881518,2615636,0.00102430,5.64000000,1
1531221881524,1531221881518,2615637,0.00102420,23.36000000,1
1531222067973,1531222067969,2615638,0.00102870,9.50000000,0
1531222085321,1531222085317,2615639,0.00102920,4.73000000,0
1531222086273,1531222086268,2615640,0.00103330,4.44000000,0
1531222115741,1531222115736,2615641,0.00103330,1.76000000,0
1531222115938,1531222115936,2615642,0.00103330,1.47000000,0
1531222117712,1531222117708,2615643,0.00103330,16.59000000,0
1531222117761,1531222117755,2615644,0.00103330,3.23000000,1
1531222134939,1531222134933,2615645,0.00103330,3.25000000,1
1531222151578,1531222151573,2615646,0.00103350,5.44000000,0
1531222253113,1531222253108,2615647,0.00103350,1.45000000,0
1531222299752,1531222299747,2615648,0.00103430,40.49000000,0
1531222398684,1531222398679,2615649,0.00102860,0.38000000,1
1531222400467,1531222400462,2615650,0.00102830,0.38000000,1
1531222531494,1531222531489,2615651,0.00103510,1.42000000,0
1531222531494,1531222531489,2615652,0.00103600,0.58000000,0
1531222692148,1531222692144,2615653,0.00102840,0.01000000,1
1531222786062,1531222786056,2615654,0.00102910,6.71000000,1
1531222786062,1531222786056,2615655,0.00102900,2.43000000,1
1531222786062,1531222786056,2615656,0.00102830,1.77000000,1
1531222786062,1531222786056,2615657,0.00102560,0.98000000,1
1531222786062,1531222786056,2615658,0.00102500,10.14000000,1
1531222786062,1531222786056,2615659,0.00102420,6.97000000,1
1531222821747,1531222821744,2615660,0.00102420,1.51000000,1
1531222846984,1531222846981,2615661,0.00102430,14.99000000,1
1531222879482,1531222879479,2615662,0.00103060,0.73000000,0
1531222896606,1531222896602,2615663,0.00103060,0.52000000,0
1531222984453,1531222984448,2615664,0.00103040,13.11000000,0
1531222992103,1531222992099,2615665,0.00103060,45.96000000,0
1531223140770,1531223140766,2615666,0.00103000,11.18000000,1
1531223141235,1531223141231,2615667,0.00102430,35.59000000,1
1531223272179,1531223272172,2615668,0.00102430,8.84000000,1
1531223272179,1531223272172,2615669,0.00102420,90.84000000,1
1531223272179,1531223272172,2615670,0.00102400,1.96000000,1
1531223272179,1531223272172,2615671,0.00102340,17.54000000,1
1531223272179,1531223272172,2615672,0.00101960,3.41000000,1
1531223272179,1531223272172,2615673,0.00101870,5.88000000,1
1531223272179,1531223272172,2615674,0.00101810,53.48000000,1
1531223272179,1531223272172,2615675,0.00101690,21.98000000,1
1531223272179,1531223272172,2615676,0.00101650,96.07000000,1
1531223274987,1531223274982,2615677,0.00101700,0.17000000,1
1531223306381,1531223306379,2615678,0.00102260,2.63000000,0
1531223308527,1531223308522,2615679,0.00101720,1.00000000,0
1531223327477,1531223327474,2615680,0.00101680,1.99000000,1
1531223332032,1531223332029,2615681,0.00102260,5.48000000,0
1531223340714,1531223340709,2615682,0.00102010,0.07000000,0
1531223419245,1531223419241,2615683,0.00102000,1.69000000,0
1531223449980,1531223449967,2615684,0.00102000,0.06000000,0
1531223489519,1531223489516,2615685,0.00102000,1.96000000,0
1531223623880,1531223623875,2615686,0.00102000,0.05000000,0
1531223689473,1531223689468,2615687,0.00101640,1.48000000,1
1531223689473,1531223689468,2615688,0.00101600,2.97000000,1
1531223689473,1531223689468,2615689,0.00101480,3.55000000,1
1531223689473,1531223689468,2615690,0.00101450,4.20000000,1
1531223689473,1531223689468,2615691,0.00101370,1.98000000,1
1531223689473,1531223689468,2615692,0.00101350,4.92000000,1
1531223689473,1531223689468,2615693,0.00101310,1.00000000,1
1531223689473,1531223689468,2615694,0.00101210,1.93000000,1
1531223689473,1531223689468,2615695,0.00101190,6.97000000,1
1531223691787,1531223691785,2615696,0.00101210,0.17000000,1
1531223706552,1531223706548,2615697,0.00101230,1.66000000,1
1531223706572,1531223706569,2615698,0.00101230,1.66000000,0
1531223706603,1531223706596,2615699,0.00101230,1.66000000,0
1531223706606,1531223706602,2615700,0.00101230,1.66000000,0
1531223706812,1531223706812,2615701,0.00101230,5.79000000,0
1531223731348,1531223731345,2615702,0.00101230,1.00000000,1
1531223731791,1531223731788,2615703,0.00101230,1.00000000,1
1531223743877,1531223743873,2615704,0.00101230,3.97000000,1
1531223752031,1531223752028,2615705,0.00101230,1.50000000,1
1531223792834,1531223792831,2615706,0.00101250,3.00000000,1
1531223812211,1531223812211,2615707,0.00101250,6.00000000,1
1531223845973,1531223845970,2615708,0.00101630,4.41000000,0
1531223845973,1531223845970,2615709,0.00101640,21.63000000,0
1531223845973,1531223845970,2615710,0.00102010,45.30000000,0
1531223855206,1531223855202,2615711,0.00102200,4.92000000,0
1531223858697,1531223858694,2615712,0.00102010,8.33000000,1
1531223869487,1531223869484,2615713,0.00102010,0.50000000,0
1531223869524,1531223869521,2615714,0.00102010,0.34000000,0
1531223869583,1531223869579,2615715,0.00102010,0.29000000,0
1531223869642,1531223869639,2615716,0.00102010,0.87000000,0
1531223869714,1531223869710,2615717,0.00102010,0.30000000,0
1531223869769,1531223869766,2615718,0.00102010,0.51000000,0
1531223869820,1531223869817,2615719,0.00102010,0.50000000,0
1531223869873,1531223869869,2615720,0.00102010,0.30000000,0
1531223869924,1531223869921,2615721,0.00102010,0.64000000,0
1531223870036,1531223870032,2615722,0.00102010,0.23000000,0
1531223870236,1531223870233,2615723,0.00102010,0.61000000,0
1531223870325,1531223870322,2615724,0.00102010,0.40000000,0
1531223870395,1531223870392,2615725,0.00102010,0.32000000,0
1531223870443,1531223870439,2615726,0.00102010,0.30000000,0
1531223870499,1531223870495,2615727,0.00102010,0.30000000,0
1531223870553,1531223870549,2615728,0.00102010,1.63000000,0
1531223870613,1531223870610,2615729,0.00102010,0.51000000,0
1531223870891,1531223870887,2615730,0.00102010,0.43000000,0
1531223870984,1531223870981,2615731,0.00102010,0.66000000,0
1531223871036,1531223871033,2615732,0.00102010,0.30000000,0
1531223871158,1531223871154,2615733,0.00102010,0.30000000,0
1531223871250,1531223871246,2615734,0.00102010,0.29000000,0
1531223937059,1531223937055,2615735,0.00102010,156.59000000,0
1531223964874,1531223964871,2615736,0.00102010,8.02000000,0
1531224000726,1531224000723,2615737,0.00101930,39.26000000,1
1531224000726,1531224000723,2615738,0.00101880,0.12000000,1
1531224015493,1531224015495,2615739,0.00101930,4.63000000,1
1531224059175,1531224059171,2615740,0.00102010,0.01000000,0
1531224059175,1531224059171,2615741,0.00102200,0.04000000,0
1531224083558,1531224083553,2615742,0.00102180,0.08000000,0
1531224201121,1531224201118,2615743,0.00102180,1.67000000,0
1531224201121,1531224201118,2615744,0.00102190,59.85000000,0
1531224201180,1531224201175,2615745,0.00102190,0.01000000,0
1531224201180,1531224201175,2615746,0.00102210,4.90000000,0
1531224201180,1531224201175,2615747,0.00102250,3.43000000,0
1531224278437,1531224278433,2615748,0.00102510,2.96000000,0
1531224289377,1531224289374,2615749,0.00102220,0.03000000,1
1531224290559,1531224290555,2615750,0.00102230,0.03000000,1
1531224310028,1531224310024,2615751,0.00102260,1.45000000,1
1531224313882,1531224313878,2615752,0.00102510,5.95000000,0
1531224315183,1531224315185,2615753,0.00102510,0.01000000,0
1531224315183,1531224315185,2615754,0.00102520,40.02000000,0
1531224315220,1531224315221,2615755,0.00102520,56.05000000,0
1531224317428,1531224317426,2615756,0.00102520,0.02000000,1
1531224352967,1531224352963,2615757,0.00102610,1.95000000,0
1531224352967,1531224352963,2615758,0.00102650,2.25000000,0
1531224352967,1531224352963,2615759,0.00102770,5.16000000,0
1531224352967,1531224352963,2615760,0.00102850,5.88000000,0
1531224352967,1531224352963,2615761,0.00103060,21.49000000,0
1531224355946,1531224355942,2615762,0.00103060,3.69000000,0
1531224360403,1531224360402,2615763,0.00102110,0.43000000,1
1531224361265,1531224361263,2615764,0.00102230,0.73000000,1
1531224362612,1531224362610,2615765,0.00102310,0.35000000,1
1531224363476,1531224363476,2615766,0.00102330,0.51000000,1
1531224364587,1531224364584,2615767,0.00102350,1.63000000,1
1531224365439,1531224365436,2615768,0.00102370,0.54000000,1
1531224366495,1531224366491,2615769,0.00102370,0.54000000,1
1531224367170,1531224367172,2615770,0.00102350,0.30000000,1
1531224368011,1531224368008,2615771,0.00102370,0.30000000,1
1531224368831,1531224368827,2615772,0.00102380,0.30000000,1
1531224369863,1531224369858,2615773,0.00102390,0.70000000,1
1531224370609,1531224370607,2615774,0.00102390,0.70000000,1
1531224371829,1531224371826,2615775,0.00102400,0.32000000,1
1531224372564,1531224372566,2615776,0.00102400,0.66000000,1
1531224373741,1531224373736,2615777,0.00102400,0.57000000,1
1531224373741,1531224373736,2615778,0.00102380,0.19000000,1
1531224374925,1531224374922,2615779,0.00102380,0.40000000,1
1531224376060,1531224376056,2615780,0.00102380,0.61000000,1
1531224376789,1531224376787,2615781,0.00102380,0.30000000,1
1531224377948,1531224377944,2615782,0.00102380,0.64000000,1
1531224378571,1531224378568,2615783,0.00102170,0.67000000,1
1531224379523,1531224379518,2615784,0.00102190,0.83000000,1
1531224380501,1531224380496,2615785,0.00102190,2.26000000,1
1531224381647,1531224381639,2615786,0.00102210,0.30000000,1
1531224382659,1531224382655,2615787,0.00102220,0.50000000,1
1531224383713,1531224383710,2615788,0.00102240,0.37000000,1
1531224384358,1531224384355,2615789,0.00102240,0.51000000,1
1531224385328,1531224385325,2615790,0.00102240,0.29000000,1
1531224386047,1531224386049,2615791,0.00102270,1.08000000,1
1531224386868,1531224386865,2615792,0.00102280,0.30000000,1
1531224387557,1531224387558,2615793,0.00102300,0.68000000,1
1531224388361,1531224388359,2615794,0.00102020,1.25000000,1
1531224389111,1531224389109,2615795,0.00102030,0.87000000,1
1531224390087,1531224390084,2615796,0.00102030,0.29000000,1
1531224390954,1531224390947,2615797,0.00102030,0.81000000,1
1531224391604,1531224391600,2615798,0.00102030,0.55000000,1
1531224392323,1531224392319,2615799,0.00102030,0.34000000,1
1531224393199,1531224393196,2615800,0.00102030,0.50000000,1
1531224534900,1531224534896,2615801,0.00102200,1.55000000,0
1531224591324,1531224591321,2615802,0.00102070,29.00000000,1
1531224619918,1531224619914,2615803,0.00102640,0.02000000,0
1531224634445,1531224634442,2615804,0.00102600,0.01000000,0
1531224638501,1531224638498,2615805,0.00102580,1.22000000,0
1531224702579,1531224702576,2615806,0.00102860,0.99000000,0
1531224759184,1531224759180,2615807,0.00102670,6.01000000,1
1531224759738,1531224759734,2615808,0.00102670,2.00000000,1
1531224763282,1531224763279,2615809,0.00102670,3.00000000,1
1531224868027,1531224868029,2615810,0.00102670,18.61000000,1
1531224869644,1531224869641,2615811,0.00102620,28.78000000,1
1531224871176,1531224871180,2615812,0.00102670,9.30000000,1
1531224899220,1531224899217,2615813,0.00102100,0.54000000,1
1531224900620,1531224900618,2615814,0.00102090,0.54000000,1
1531225041297,1531225041294,2615815,0.00102090,1.87000000,1
1531225041297,1531225041294,2615816,0.00102010,0.13000000,1
1531225082156,1531225082153,2615817,0.00102020,3.90000000,1
1531225082162,1531225082157,2615818,0.00102020,2.11000000,1
1531225082162,1531225082157,2615819,0.00102010,11.96000000,1
1531225082162,1531225082157,2615820,0.00101950,2.95000000,1
1531225082162,1531225082157,2615821,0.00101890,4.40000000,1
1531225082162,1531225082157,2615822,0.00101640,0.99000000,1
1531225082162,1531225082157,2615823,0.00101380,1.98000000,1
1531225082162,1531225082157,2615824,0.00101320,1.98000000,1
1531225082162,1531225082157,2615825,0.00101260,5.10000000,1
1531225082254,1531225082252,2615826,0.00101260,3.67000000,1
1531225082655,1531225082651,2615827,0.00101710,8.75000000,0
1531225083260,1531225083257,2615828,0.00101710,0.02000000,0
1531225100312,1531225100308,2615829,0.00102000,0.45000000,0
1531225100388,1531225100384,2615830,0.00102000,0.53000000,0
1531225100436,1531225100434,2615831,0.00102000,1.22000000,0
1531225100577,1531225100575,2615832,0.00102000,0.57000000,0
1531225126764,1531225126762,2615833,0.00101300,1.00000000,1
1531225147086,1531225147085,2615834,0.00101250,2.00000000,1
1531225150162,1531225150157,2615835,0.00101940,1.11000000,0
1531225150329,1531225150325,2615836,0.00101940,2.66000000,0
1531225150329,1531225150325,2615837,0.00101960,3.07000000,0
1531225150386,1531225150382,2615838,0.00101960,0.60000000,0
1531225150406,1531225150403,2615839,0.00101960,0.99000000,0
1531225150572,1531225150568,2615840,0.00101960,0.19000000,0
1531225150632,1531225150629,2615841,0.00101960,0.55000000,0
1531225150705,1531225150701,2615842,0.00101960,0.21000000,0
1531225150821,1531225150818,2615843,0.00101960,0.46000000,0
1531225233397,1531225233394,2615844,0.00101900,6.01000000,0
1531225233397,1531225233394,2615845,0.00101910,8.00000000,0
1531225233397,1531225233394,2615846,0.00101960,23.27000000,0
1531225328798,1531225328796,2615847,0.00101270,1.00000000,1
1531225421712,1531225421709,2615848,0.00101900,0.12000000,0
1531225495152,1531225495148,2615849,0.00101250,12.00000000,1
1531225495152,1531225495148,2615850,0.00101220,2.97000000,1
1531225495152,1531225495148,2615851,0.00101190,14.03000000,1
1531225533270,1531225533267,2615852,0.00101900,0.03000000,0
1531225577440,1531225577437,2615853,0.00101900,0.01000000,0
1531225665565,1531225665561,2615854,0.00101900,9.58000000,0
1531225665565,1531225665561,2615855,0.00101950,18.58000000,0
1531225684224,1531225684220,2615856,0.00101950,17.71000000,0
1531225721062,1531225721057,2615857,0.00102010,6.81000000,0
1531225721062,1531225721057,2615858,0.00102200,1.97000000,0
1531225721062,1531225721057,2615859,0.00102280,0.99000000,0
1531225721063,1531225721057,2615860,0.00102290,0.98000000,0
1531225721063,1531225721057,2615861,0.00102320,0.98000000,0
1531225721063,1531225721057,2615862,0.00102370,8.87000000,0
1531225721063,1531225721057,2615863,0.00102600,4.40000000,0
1531225721063,1531225721057,2615864,0.00102870,37.82000000,0
1531225725829,1531225725825,2615865,0.00102870,5.22000000,0
1531225781637,1531225781634,2615866,0.00101950,3.41000000,1
1531225781637,1531225781634,2615867,0.00101810,1.51000000,1
1531225808603,1531225808597,2615868,0.00101930,7.10000000,1
1531225808603,1531225808597,2615869,0.00101890,4.37000000,1
1531225808603,1531225808597,2615870,0.00101800,2.85000000,1
1531225985652,1531225985648,2615871,0.00102330,0.43000000,0
1531226013402,1531226013398,2615872,0.00102220,48.61000000,1
1531226015186,1531226015183,2615873,0.00102230,7.68000000,1
1531226024446,1531226024443,2615874,0.00102300,4.73000000,1
1531226027264,1531226027260,2615875,0.00102300,0.27000000,1
1531226032936,1531226032932,2615876,0.00102290,6.67000000,0
1531226032936,1531226032932,2615877,0.00102300,3.53000000,0
1531226033094,1531226033090,2615878,0.00102340,5.18000000,0
1531226041484,1531226041479,2615879,0.00102350,44.69000000,1
1531226088647,1531226088611,2615880,0.00102590,7.68000000,0
1531226088647,1531226088611,2615881,0.00102600,4.37000000,0
1531226129609,1531226129605,2615882,0.00102600,1.36000000,0
1531226168568,1531226168564,2615883,0.00101830,4.75000000,1
1531226179233,1531226179232,2615884,0.00101840,3.84000000,1
1531226193112,1531226193109,2615885,0.00102860,52.74000000,0
1531226195265,1531226195261,2615886,0.00102860,2.64000000,1
1531226195340,1531226195334,2615887,0.00102000,1.25000000,1
1531226319651,1531226319648,2615888,0.00102130,6.65000000,1
1531226319651,1531226319648,2615889,0.00102120,36.59000000,1
1531226399013,1531226399009,2615890,0.00102220,10.00000000,1
1531226399013,1531226399009,2615891,0.00101890,19.00000000,1
1531226458167,1531226458163,2615892,0.00102510,123.10000000,1
1531226683645,1531226683641,2615893,0.00102360,26.90000000,0
1531226683645,1531226683641,2615894,0.00102440,8.52000000,0
1531226743799,1531226743794,2615895,0.00102380,2.96000000,0
1531227035196,1531227035192,2615896,0.00102380,2.63000000,0
1531227035196,1531227035192,2615897,0.00102510,12.97000000,0
1531227057967,1531227057963,2615898,0.00102510,10.26000000,0
1531227123104,1531227123101,2615899,0.00102510,0.09000000,0
1531227179556,1531227179552,2615900,0.00102510,1.41000000,0
1531227179556,1531227179552,2615901,0.00102860,8.59000000,0
1531227293733,1531227293729,2615902,0.00102370,5.00000000,1
1531227302456,1531227302452,2615903,0.00102040,1.66000000,1
1531227302472,1531227302467,2615904,0.00102020,1.87000000,0
1531227302486,1531227302483,2615905,0.00102020,1.87000000,0
1531227302503,1531227302499,2615906,0.00102020,1.87000000,0
1531227302503,1531227302499,2615907,0.00102020,2.28000000,0
1531227303508,1531227303504,2615908,0.00102020,19.45000000,0
1531227462769,1531227462769,2615909,0.00102080,0.12000000,1
1531227531328,1531227531326,2615910,0.00102020,0.01000000,1
1531227591697,1531227591692,2615911,0.00102160,0.01000000,1
1531227600707,1531227600698,2615912,0.00102410,3.86000000,1
1531227600711,1531227600709,2615913,0.00102410,0.54000000,1
1531227600718,1531227600713,2615914,0.00102410,18.18000000,1
1531227663231,1531227663226,2615915,0.00102620,1.87000000,0
1531227664458,1531227664455,2615916,0.00102650,5.00000000,0
1531227664458,1531227664455,2615917,0.00102660,4.81000000,0
1531227666303,1531227666299,2615918,0.00102660,5.00000000,0
1531227675110,1531227675105,2615919,0.00102870,0.14000000,0
1531227684342,1531227684339,2615920,0.00102630,8.13000000,1
1531227684358,1531227684355,2615921,0.00102520,8.13000000,1
1531227728305,1531227728286,2615922,0.00102850,1.36000000,0
1531227728305,1531227728286,2615923,0.00102870,1.77000000,0
1531227728305,1531227728286,2615924,0.00102970,2.44000000,0
1531227728305,1531227728286,2615925,0.00103060,0.48000000,0
1531227728305,1531227728286,2615926,0.00103090,2.95000000,0
1531227728305,1531227728286,2615927,0.00103210,42.95000000,0
1531227728305,1531227728286,2615928,0.00103220,2.56000000,0
1531227728305,1531227728286,2615929,0.00103250,13.98000000,0
1531227728305,1531227728286,2615930,0.00103260,1.46000000,0
1531227728305,1531227728286,2615931,0.00103290,26.56000000,0
1531227728305,1531227728286,2615932,0.00103300,42.15000000,0
1531227728305,1531227728286,2615933,0.00103310,0.97000000,0
1531227728305,1531227728286,2615934,0.00103330,0.97000000,0
1531227728305,1531227728286,2615935,0.00103350,1.97000000,0
1531227728305,1531227728286,2615936,0.00103390,24.88000000,0
1531227728305,1531227728286,2615937,0.00103500,3.37000000,0
1531227728305,1531227728286,2615938,0.00103600,0.49000000,0
1531227728305,1531227728286,2615939,0.00103620,4.44000000,0
1531227728305,1531227728286,2615940,0.00103680,8.43000000,0
1531227728305,1531227728286,2615941,0.00103700,14.47000000,0
1531227728305,1531227728286,2615942,0.00103940,16.57000000,0
1531227728305,1531227728286,2615943,0.00104090,1.48000000,0
1531227728305,1531227728286,2615944,0.00104120,12.00000000,0
1531227728305,1531227728286,2615945,0.00104320,1.95000000,0
1531227728305,1531227728286,2615946,0.00104420,6.00000000,0
1531227728305,1531227728286,2615947,0.00104580,80.11000000,0
1531227728305,1531227728286,2615948,0.00104710,5.85000000,0
1531227728305,1531227728286,2615949,0.00104750,5.31000000,0
1531227728305,1531227728286,2615950,0.00105130,28.61000000,0
1531227728305,1531227728286,2615951,0.00105150,1.05000000,0
1531227728305,1531227728286,2615952,0.00105400,1.25000000,0
1531227728305,1531227728286,2615953,0.00105730,0.95000000,0
1531227728305,1531227728286,2615954,0.00105760,3.34000000,0
1531227728305,1531227728286,2615955,0.00105820,2.91000000,0
1531227728305,1531227728286,2615956,0.00106140,67.00000000,0
1531227728305,1531227728286,2615957,0.00106470,27.00000000,0
1531227728305,1531227728286,2615958,0.00106730,1.04000000,0
1531227728305,1531227728286,2615959,0.00106800,14.48000000,0
1531227728305,1531227728286,2615960,0.00106870,32.90000000,0
1531227728305,1531227728286,2615961,0.00107000,10.00000000,0
1531227728305,1531227728286,2615962,0.00107030,1.41000000,0
1531227728305,1531227728286,2615963,0.00107990,144.38000000,0
1531227728305,1531227728286,2615964,0.00108000,10.00000000,0
1531227728305,1531227728286,2615965,0.00108610,37.84000000,0
1531227728305,1531227728286,2615966,0.00109000,10.00000000,0
1531227728305,1531227728286,2615967,0.00109300,1.25000000,0
1531227728305,1531227728286,2615968,0.00109400,30.00000000,0
1531227728305,1531227728286,2615969,0.00109800,23.58000000,0
1531227728305,1531227728286,2615970,0.00110000,67.08000000,0
1531227728305,1531227728286,2615971,0.00110360,43.52000000,0
1531227728305,1531227728286,2615972,0.00111040,1.94000000,0
1531227728305,1531227728286,2615973,0.00111100,1.25000000,0
1531227728305,1531227728286,2615974,0.00111650,9.16000000,0
1531227728305,1531227728286,2615975,0.00112100,50.05000000,0
1531227728305,1531227728286,2615976,0.00112400,20.35000000,0
1531227728305,1531227728286,2615977,0.00112590,7.42000000,0
1531227728305,1531227728286,2615978,0.00113600,32.00000000,0
1531227728305,1531227728286,2615979,0.00113630,2.00000000,0
1531227728305,1531227728286,2615980,0.00113650,2.69000000,0
1531227728305,1531227728286,2615981,0.00113800,13.00000000,0
1531227728305,1531227728286,2615982,0.00113840,57.55000000,0
1531227728305,1531227728286,2615983,0.00113850,6.33000000,0
1531227728305,1531227728286,2615984,0.00114000,21.09000000,0
1531227728305,1531227728286,2615985,0.00114130,4.00000000,0
1531227728305,1531227728286,2615986,0.00114830,11.97000000,0
1531227728305,1531227728286,2615987,0.00114840,11.97000000,0
1531227728305,1531227728286,2615988,0.00114890,216.91000000,0
1531227728479,1531227728475,2615989,0.00103140,6.09000000,1
1531227728498,1531227728495,2615990,0.00103190,6.06000000,1
1531227728508,1531227728504,2615991,0.00103190,0.03000000,1
1531227728609,1531227728606,2615992,0.00107000,6.09000000,1
1531227728719,1531227728716,2615993,0.00107000,6.09000000,1
1531227728829,1531227728825,2615994,0.00107000,18.82000000,1
1531227729952,1531227729948,2615995,0.00106230,0.24000000,1
1531227731224,1531227731219,2615996,0.00106230,0.74000000,1
1531227731557,1531227731553,2615997,0.00107000,3.86000000,0
1531227731613,1531227731606,2615998,0.00106230,1.00000000,1
1531227731613,1531227731606,2615999,0.00106220,1.58000000,1
1531227731613,1531227731606,2616000,0.00106040,1.41000000,1
1531227731613,1531227731606,2616001,0.00105720,9.44000000,1
1531227731613,1531227731606,2616002,0.00105040,30.53000000,1
1531227731756,1531227731751,2616003,0.00105040,0.74000000,1
1531227731817,1531227731814,2616004,0.00105050,14.00000000,1
1531227732195,1531227732191,2616005,0.00106570,0.29000000,0
1531227732249,1531227732245,2616006,0.00106570,0.29000000,0
1531227732301,1531227732290,2616007,0.00106570,0.29000000,0
1531227732365,1531227732358,2616008,0.00106570,0.29000000,0
1531227732402,1531227732401,2616009,0.00106570,0.29000000,0
1531227732413,1531227732412,2616010,0.00106570,7.99000000,0
1531227732582,1531227732577,2616011,0.00106770,0.29000000,0
1531227732627,1531227732622,2616012,0.00106770,0.29000000,0
1531227732675,1531227732671,2616013,0.00106770,0.29000000,0
1531227732683,1531227732677,2616014,0.00106770,0.29000000,0
1531227734050,1531227734046,2616015,0.00106230,2.22000000,1
1531227734050,1531227734046,2616016,0.00106220,23.28000000,1
1531227734065,1531227734059,2616017,0.00106220,2.89000000,1
1531227734152,1531227734148,2616018,0.00106760,1.23000000,0
1531227735473,1531227735468,2616019,0.00106750,2.22000000,0
1531227735476,1531227735472,2616020,0.00106760,12.77000000,0
1531227735476,1531227735472,2616021,0.00106770,1.23000000,0
1531227735476,1531227735472,2616022,0.00106780,1.41000000,0
1531227736333,1531227736329,2616023,0.00107390,1.58000000,0
1531227736889,1531227736883,2616024,0.00107360,4.65000000,1
1531227737141,1531227737137,2616025,0.00114460,263.28000000,0
1531227737629,1531227737627,2616026,0.00107360,29.86000000,1
1531227737674,1531227737671,2616027,0.00114460,0.29000000,0
1531227737707,1531227737704,2616028,0.00114460,0.29000000,0
1531227737742,1531227737736,2616029,0.00114460,0.29000000,0
1531227737777,1531227737773,2616030,0.00114460,0.29000000,0
1531227737827,1531227737822,2616031,0.00107720,4.20000000,1
1531227737874,1531227737870,2616032,0.00114410,0.29000000,0
1531227737933,1531227737930,2616033,0.00114410,0.29000000,0
1531227737949,1531227737945,2616034,0.00114410,0.29000000,0
1531227738140,1531227738135,2616035,0.00114400,0.29000000,0
1531227738183,1531227738177,2616036,0.00114350,1.30000000,1
1531227738309,1531227738305,2616037,0.00114400,0.29000000,0
1531227738542,1531227738539,2616038,0.00114400,1.30000000,0
1531227738981,1531227738976,2616039,0.00108110,1.08000000,1
1531227738981,1531227738976,2616040,0.00107980,4.86000000,1
1531227739217,1531227739210,2616041,0.00107980,1.30000000,1
1531227739236,1531227739232,2616042,0.00107980,21.00000000,1
1531227739346,1531227739341,2616043,0.00108240,29.23000000,1
1531227739346,1531227739341,2616044,0.00107990,2.04000000,1
1531227739496,1531227739492,2616045,0.00107990,9.06000000,1
1531227739496,1531227739492,2616046,0.00107980,36.76000000,1
1531227739496,1531227739492,2616047,0.00107970,4.18000000,1
1531227739531,1531227739524,2616048,0.00107970,1.76000000,1
1531227739531,1531227739524,2616049,0.00107800,5.77000000,1
1531227739531,1531227739524,2616050,0.00107720,1.57000000,1
1531227739531,1531227739524,2616051,0.00107380,6.93000000,1
1531227739531,1531227739524,2616052,0.00107360,19.50000000,1
1531227739531,1531227739524,2616053,0.00107350,4.65000000,1
1531227739531,1531227739524,2616054,0.00107210,50.99000000,1
1531227739712,1531227739708,2616055,0.00107210,10.46000000,1
1531227740268,1531227740265,2616056,0.00107990,1.00000000,0
1531227740380,1531227740376,2616057,0.00107990,14.23000000,0
1531227740380,1531227740376,2616058,0.00108660,6.29000000,0
1531227740380,1531227740376,2616059,0.00108780,27.61000000,0
1531227740718,1531227740714,2616060,0.00108780,1.62000000,0
1531227740718,1531227740714,2616061,0.00109350,44.48000000,0
1531227741242,1531227741238,2616062,0.00108020,37.76000000,1
1531227742153,1531227742149,2616063,0.00108020,5.17000000,1
1531227742269,1531227742264,2616064,0.00109340,5.73000000,0
1531227742482,1531227742478,2616065,0.00108660,5.78000000,1
1531227742482,1531227742478,2616066,0.00108020,0.15000000,1
1531227742702,1531227742697,2616067,0.00108660,5.78000000,0
1531227743368,1531227743364,2616068,0.00109340,7.28000000,0
1531227743368,1531227743364,2616069,0.00109350,6.60000000,0
1531227745292,1531227745287,2616070,0.00109120,0.48000000,1
1531227746013,1531227746008,2616071,0.00108030,18.97000000,1
1531227746180,1531227746175,2616072,0.00108600,5.30000000,0
1531227746180,1531227746175,2616073,0.00108900,14.07000000,0
1531227746421,1531227746417,2616074,0.00108900,1.34000000,0
1531227746734,1531227746731,2616075,0.00108030,22.80000000,1
1531227746916,1531227746910,2616076,0.00108030,23.17000000,1
1531227746916,1531227746910,2616077,0.00108020,21.04000000,1
1531227747904,1531227747900,2616078,0.00108020,33.00000000,1
1531227747909,1531227747906,2616079,0.00108020,25.82000000,1
1531227747953,1531227747945,2616080,0.00107720,7.45000000,1
1531227747953,1531227747945,2616081,0.00107090,9.24000000,1
1531227747953,1531227747945,2616082,0.00106730,1.40000000,1
1531227747953,1531227747945,2616083,0.00104670,1.33000000,1
1531227747953,1531227747945,2616084,0.00104600,5.95000000,1
1531227747953,1531227747945,2616085,0.00104570,8.03000000,1
1531227749284,1531227749280,2616086,0.00105300,1.33000000,0
1531227749820,1531227749815,2616087,0.00105330,5.95000000,0
1531227750029,1531227750023,2616088,0.00105300,2.84000000,1
1531227750883,1531227750879,2616089,0.00104930,1.68000000,1
1531227750971,1531227750966,2616090,0.00105290,1.81000000,0
1531227752528,1531227752523,2616091,0.00107340,12.80000000,0
1531227753628,1531227753624,2616092,0.00107320,26.55000000,0
1531227753628,1531227753624,2616093,0.00107330,3.40000000,0
1531227753987,1531227753984,2616094,0.00107330,10.45000000,0
1531227754374,1531227754370,2616095,0.00107330,3.15000000,0
1531227754384,1531227754379,2616096,0.00107330,46.92000000,0
1531227754501,1531227754500,2616097,0.00107330,2.27000000,1
1531227754647,1531227754642,2616098,0.00107330,2.27000000,1
1531227754738,1531227754734,2616099,0.00107330,2.27000000,1
1531227754804,1531227754801,2616100,0.00107330,2.27000000,1
1531227754853,1531227754850,2616101,0.00107330,4.52000000,1
1531227756425,1531227756420,2616102,0.00105770,1.68000000,0
1531227759157,1531227759152,2616103,0.00105870,2.65000000,1
1531227759530,1531227759526,2616104,0.00106030,14.33000000,1
1531227760973,1531227760969,2616105,0.00106040,0.96000000,1
1531227760975,1531227760972,2616106,0.00106040,1.44000000,1
1531227761041,1531227761040,2616107,0.00106040,7.73000000,1
1531227762861,1531227762856,2616108,0.00106230,0.96000000,1
1531227764036,1531227764031,2616109,0.00106350,17.79000000,1
1531227764329,1531227764324,2616110,0.00106680,9.24000000,0
1531227765407,1531227765402,2616111,0.00106360,2.27000000,1
1531227765512,1531227765508,2616112,0.00106360,2.27000000,1
1531227765615,1531227765611,2616113,0.00106360,2.27000000,1
1531227765647,1531227765643,2616114,0.00106360,2.27000000,1
1531227765700,1531227765694,2616115,0.00106360,2.27000000,1
1531227768077,1531227768072,2616116,0.00106610,2.18000000,1
1531227768332,1531227768326,2616117,0.00106630,24.35000000,0
1531227768702,1531227768699,2616118,0.00106610,17.79000000,1
1531227768906,1531227768902,2616119,0.00106610,32.47000000,1
1531227769727,1531227769722,2616120,0.00106660,6.22000000,0
1531227769816,1531227769811,2616121,0.00106660,4.88000000,0
1531227770849,1531227770846,2616122,0.00106660,2.58000000,1
1531227771324,1531227771321,2616123,0.00106820,3.81000000,0
1531227773774,1531227773771,2616124,0.00106710,8.61000000,1
1531227774368,1531227774365,2616125,0.00107890,4.34000000,0
1531227774388,1531227774385,2616126,0.00108340,1.02000000,0
1531227774388,1531227774385,2616127,0.00108550,5.17000000,0
1531227775798,1531227775793,2616128,0.00107200,48.59000000,1
1531227775798,1531227775793,2616129,0.00107190,3.15000000,1
1531227775798,1531227775793,2616130,0.00107020,26.07000000,1
1531227775850,1531227775846,2616131,0.00108540,6.22000000,0
1531227775909,1531227775903,2616132,0.00108540,2.39000000,0
1531227777054,1531227777050,2616133,0.00107640,1.72000000,0
1531227777080,1531227777075,2616134,0.00107640,24.35000000,0
1531227777321,1531227777317,2616135,0.00108340,1.40000000,1
1531227777732,1531227777728,2616136,0.00108530,28.61000000,0
1531227778347,1531227778344,2616137,0.00108540,1.58000000,0
1531227778793,1531227778790,2616138,0.00108340,0.96000000,1
1531227779179,1531227779177,2616139,0.00108340,19.98000000,1
1531227779504,1531227779500,2616140,0.00108360,5.77000000,0
1531227779504,1531227779500,2616141,0.00108540,4.22000000,0
1531227779504,1531227779500,2616142,0.00108550,9.16000000,0
1531227779504,1531227779500,2616143,0.00108630,1.08000000,0
1531227785595,1531227785588,2616144,0.00108590,2.95000000,1
1531227785595,1531227785588,2616145,0.00108550,20.06000000,1
1531227785595,1531227785588,2616146,0.00108340,3.16000000,1
1531227789209,1531227789206,2616147,0.00108350,20.23000000,1
1531227790615,1531227790612,2616148,0.00108500,0.50000000,1
1531227790741,1531227790736,2616149,0.00108500,0.49000000,1
1531227790947,1531227790945,2616150,0.00108500,4.80000000,1
1531227790947,1531227790945,2616151,0.00108340,5.57000000,1
1531227791881,1531227791877,2616152,0.00108360,0.36000000,1
1531227792084,1531227792053,2616153,0.00108360,0.49000000,1
1531227793413,1531227793409,2616154,0.00108400,1.10000000,1
1531227793466,1531227793462,2616155,0.00108400,2.38000000,1
1531227793466,1531227793462,2616156,0.00108380,2.89000000,1
1531227793505,1531227793502,2616157,0.00108350,1.89000000,0
1531227793506,1531227793502,2616158,0.00108350,3.40000000,0
1531227793592,1531227793588,2616159,0.00108340,5.73000000,1
1531227793918,1531227793914,2616160,0.00108340,1.20000000,1
1531227793922,1531227793921,2616161,0.00108350,2.67000000,0
1531227794402,1531227794398,2616162,0.00108340,0.92000000,1
1531227794707,1531227794702,2616163,0.00108340,1.07000000,1
1531227795218,1531227795215,2616164,0.00108340,5.94000000,1
1531227795269,1531227795264,2616165,0.00108340,0.90000000,1
1531227795482,1531227795480,2616166,0.00108340,0.42000000,1
1531227795748,1531227795744,2616167,0.00108340,1.15000000,1
1531227795994,1531227795991,2616168,0.00108340,0.58000000,1
1531227796093,1531227796088,2616169,0.00108340,0.29000000,1
1531227796174,1531227796174,2616170,0.00108340,0.82000000,1
1531227796178,1531227796174,2616171,0.00108340,1.98000000,1
1531227796192,1531227796186,2616172,0.00108340,0.66000000,1
1531227796229,1531227796226,2616173,0.00108340,0.63000000,1
1531227796273,1531227796269,2616174,0.00108340,0.29000000,1
1531227796292,1531227796286,2616175,0.00108340,2.23000000,1
1531227796412,1531227796406,2616176,0.00108340,0.60000000,1
1531227796453,1531227796450,2616177,0.00108340,0.39000000,1
1531227796461,1531227796457,2616178,0.00108340,0.75000000,1
1531227796540,1531227796536,2616179,0.00108340,0.65000000,1
1531227796575,1531227796571,2616180,0.00108340,2.20000000,1
1531227796628,1531227796624,2616181,0.00108340,0.69000000,1
1531227796687,1531227796683,2616182,0.00108340,0.29000000,1
1531227796696,1531227796693,2616183,0.00108340,0.31000000,1
1531227796728,1531227796723,2616184,0.00108340,0.29000000,1
1531227796754,1531227796750,2616185,0.00108340,0.69000000,1
1531227796785,1531227796781,2616186,0.00108340,0.29000000,1
1531227796879,1531227796876,2616187,0.00108340,0.53000000,1
1531227796923,1531227796919,2616188,0.00108340,0.53000000,1
1531227796954,1531227796949,2616189,0.00108340,1.61000000,1
1531227796974,1531227796967,2616190,0.00108340,2.43000000,1
1531227796991,1531227796987,2616191,0.00108340,0.50000000,1
1531227797008,1531227797005,2616192,0.00108340,0.34000000,1
1531227797168,1531227797163,2616193,0.00108340,0.42000000,1
1531227797182,1531227797177,2616194,0.00108340,0.54000000,1
1531227797234,1531227797229,2616195,0.00108340,0.45000000,1
1531227797247,1531227797245,2616196,0.00108340,0.30000000,1
1531227797284,1531227797279,2616197,0.00108340,0.72000000,1
1531227797373,1531227797371,2616198,0.00108340,0.49000000,1
1531227797434,1531227797433,2616199,0.00108340,0.39000000,1
1531227797490,1531227797485,2616200,0.00108340,0.48000000,1
1531227797506,1531227797504,2616201,0.00108340,0.20000000,1
1531227797591,1531227797587,2616202,0.00108340,0.59000000,1
1531227797608,1531227797604,2616203,0.00108340,0.60000000,1
1531227797650,1531227797648,2616204,0.00108340,0.62000000,1
1531227797734,1531227797730,2616205,0.00108340,0.54000000,1
1531227797844,1531227797840,2616206,0.00108340,1.20000000,1
1531227797960,1531227797955,2616207,0.00108340,0.34000000,1
1531227797974,1531227797969,2616208,0.00108340,0.51000000,1
1531227798003,1531227797999,2616209,0.00108340,0.42000000,1
1531227798032,1531227798028,2616210,0.00108340,46.10000000,1
1531227798174,1531227798169,2616211,0.00108340,0.30000000,1
1531227798183,1531227798179,2616212,0.00108340,0.29000000,1
1531227798221,1531227798217,2616213,0.00108340,1.09000000,1
1531227798450,1531227798446,2616214,0.00108340,0.29000000,1
1531227798473,1531227798471,2616215,0.00108340,0.54000000,1
1531227798492,1531227798488,2616216,0.00108340,0.66000000,1
1531227798571,1531227798562,2616217,0.00108340,0.55000000,1
1531227798604,1531227798599,2616218,0.00108340,0.65000000,1
1531227798660,1531227798659,2616219,0.00108340,1.19000000,1
1531227798692,1531227798688,2616220,0.00108340,0.61000000,1
1531227798873,1531227798869,2616221,0.00108340,1.09000000,1
1531227798881,1531227798875,2616222,0.00108340,0.70000000,1
1531227798933,1531227798929,2616223,0.00108340,0.61000000,1
1531227799135,1531227799131,2616224,0.00108340,1.67000000,1
1531227799283,1531227799279,2616225,0.00108340,0.25000000,1
1531227799388,1531227799384,2616226,0.00108340,0.60000000,1
1531227799390,1531227799384,2616227,0.00108340,0.66000000,1
1531227799482,1531227799479,2616228,0.00108340,0.62000000,1
1531227799529,1531227799525,2616229,0.00108340,0.56000000,1
1531227799598,1531227799593,2616230,0.00108340,0.62000000,1
1531227799640,1531227799637,2616231,0.00108340,0.50000000,1
1531227799689,1531227799685,2616232,0.00108340,1.10000000,1
1531227799704,1531227799700,2616233,0.00108340,0.36000000,1
1531227799721,1531227799715,2616234,0.00108340,5.73000000,1
1531227799764,1531227799759,2616235,0.00108340,0.60000000,1
1531227799794,1531227799791,2616236,0.00108340,0.44000000,1
1531227799880,1531227799875,2616237,0.00108340,0.49000000,1
1531227799933,1531227799929,2616238,0.00108340,0.59000000,1
1531227799967,1531227799964,2616239,0.00108340,0.21000000,1
1531227800105,1531227800101,2616240,0.00108340,0.64000000,1
1531227800188,1531227800183,2616241,0.00108340,1.55000000,1
1531227800218,1531227800214,2616242,0.00108340,0.24000000,1
1531227800245,1531227800242,2616243,0.00108340,0.58000000,1
1531227800261,1531227800258,2616244,0.00108340,0.54000000,1
1531227800296,1531227800292,2616245,0.00108340,0.29000000,1
1531227800356,1531227800351,2616246,0.00108340,0.56000000,1
1531227800396,1531227800393,2616247,0.00108340,0.58000000,1
1531227800486,1531227800483,2616248,0.00108340,0.53000000,1
1531227800493,1531227800490,2616249,0.00108340,0.29000000,1
1531227800603,1531227800599,2616250,0.00108340,0.60000000,1
1531227800676,1531227800672,2616251,0.00108340,1.63000000,1
1531227800709,1531227800707,2616252,0.00108340,1.89000000,1
1531227800737,1531227800733,2616253,0.00108340,0.65000000,1
1531227800798,1531227800794,2616254,0.00108340,0.24000000,1
1531227800836,1531227800833,2616255,0.00108340,0.63000000,1
1531227800935,1531227800932,2616256,0.00108340,1.65000000,1
1531227800969,1531227800964,2616257,0.00108340,0.56000000,1
1531227801071,1531227801069,2616258,0.00108340,1.22000000,1
1531227801190,1531227801184,2616259,0.00108340,0.39000000,1
1531227801214,1531227801207,2616260,0.00108340,0.60000000,1
1531227801252,1531227801248,2616261,0.00108340,1.58000000,1
1531227801253,1531227801249,2616262,0.00108340,0.32000000,1
1531227801275,1531227801271,2616263,0.00108340,0.57000000,1
1531227801323,1531227801318,2616264,0.00108340,0.56000000,1
1531227801345,1531227801342,2616265,0.00108340,0.21000000,1
1531227801350,1531227801349,2616266,0.00108340,0.32000000,1
1531227801382,1531227801378,2616267,0.00108340,0.63000000,1
1531227801382,1531227801378,2616268,0.00108340,0.50000000,1
1531227801415,1531227801411,2616269,0.00108340,0.55000000,1
1531227801420,1531227801416,2616270,0.00108340,0.50000000,1
1531227801470,1531227801464,2616271,0.00108340,0.49000000,1
1531227801482,1531227801479,2616272,0.00108340,0.56000000,1
1531227801524,1531227801521,2616273,0.00108340,1.16000000,1
1531227801552,1531227801548,2616274,0.00108340,0.67000000,1
1531227801563,1531227801560,2616275,0.00108340,0.57000000,1
1531227801653,1531227801650,2616276,0.00108340,0.59000000,1
1531227801694,1531227801691,2616277,0.00108340,0.25000000,1
1531227801709,1531227801705,2616278,0.00108340,0.58000000,1
1531227801735,1531227801732,2616279,0.00108340,0.61000000,1
1531227801818,1531227801814,2616280,0.00108340,0.60000000,1
1531227801835,1531227801833,2616281,0.00108340,0.55000000,1
1531227801867,1531227801861,2616282,0.00108340,0.57000000,1
1531227801886,1531227801882,2616283,0.00108340,0.56000000,1
1531227801916,1531227801912,2616284,0.00108340,0.59000000,1
1531227801932,1531227801929,2616285,0.00108340,0.22000000,1
1531227801944,1531227801941,2616286,0.00108340,0.57000000,1
1531227802038,1531227802034,2616287,0.00108340,0.95000000,1
1531227802053,1531227802049,2616288,0.00108340,0.46000000,1
1531227802054,1531227802049,2616289,0.00108340,0.90000000,1
1531227802099,1531227802095,2616290,0.00108340,0.55000000,1
1531227802122,1531227802118,2616291,0.00108340,0.60000000,1
1531227802137,1531227802133,2616292,0.00108340,1.42000000,1
1531227802149,1531227802143,2616293,0.00108340,0.36000000,1
1531227802151,1531227802150,2616294,0.00108340,0.59000000,1
1531227802172,1531227802172,2616295,0.00108340,0.20000000,1
1531227802176,1531227802172,2616296,0.00108340,0.20000000,1
1531227802225,1531227802222,2616297,0.00108340,0.57000000,1
1531227802233,1531227802230,2616298,0.00108340,0.52000000,1
1531227802251,1531227802246,2616299,0.00108340,0.57000000,1
1531227802267,1531227802263,2616300,0.00108340,0.54000000,1
1531227802285,1531227802281,2616301,0.00108340,0.61000000,1
1531227802286,1531227802283,2616302,0.00108340,0.64000000,1
1531227802308,1531227802307,2616303,0.00108340,0.55000000,1
1531227802333,1531227802329,2616304,0.00108340,1.05000000,1
1531227802366,1531227802363,2616305,0.00108340,0.62000000,1
1531227802401,1531227802396,2616306,0.00108340,0.52000000,1
1531227802407,1531227802403,2616307,0.00108340,0.64000000,1
1531227802428,1531227802423,2616308,0.00108340,0.34000000,1
1531227802432,1531227802430,2616309,0.00108340,0.59000000,1
1531227802453,1531227802448,2616310,0.00108340,0.65000000,1
1531227802461,1531227802457,2616311,0.00108340,0.50000000,1
1531227802488,1531227802484,2616312,0.00108340,0.34000000,1
1531227802490,1531227802487,2616313,0.00108340,0.29000000,1
1531227802643,1531227802639,2616314,0.00108340,0.29000000,1
1531227802669,1531227802666,2616315,0.00108340,0.62000000,1
1531227802697,1531227802693,2616316,0.00108340,0.61000000,1
1531227802705,1531227802703,2616317,0.00108340,0.29000000,1
1531227802722,1531227802718,2616318,0.00108340,0.52000000,1
1531227802722,1531227802718,2616319,0.00108340,0.53000000,1
1531227802761,1531227802757,2616320,0.00108340,0.51000000,1
1531227802764,1531227802760,2616321,0.00108340,0.63000000,1
1531227802784,1531227802780,2616322,0.00108340,0.32000000,1
1531227802798,1531227802794,2616323,0.00108340,0.62000000,1
1531227802835,1531227802831,2616324,0.00108340,0.63000000,1
1531227802836,1531227802831,2616325,0.00108340,0.51000000,1
1531227802975,1531227802971,2616326,0.00108340,0.61000000,1
1531227803001,1531227802998,2616327,0.00108340,0.28000000,1
1531227803121,1531227803117,2616328,0.00108340,0.56000000,1
1531227803198,1531227803194,2616329,0.00108340,0.45000000,1
1531227803201,1531227803197,2616330,0.00108340,0.80000000,1
1531227803264,1531227803261,2616331,0.00108340,0.60000000,1
1531227803398,1531227803394,2616332,0.00108830,1.40000000,0
1531227803431,1531227803428,2616333,0.00108340,0.42000000,1
1531227803431,1531227803428,2616334,0.00108340,0.48000000,1
1531227803499,1531227803494,2616335,0.00108340,0.60000000,1
1531227803638,1531227803634,2616336,0.00108340,0.54000000,1
1531227803660,1531227803655,2616337,0.00108340,0.69000000,1
1531227803709,1531227803705,2616338,0.00108340,0.56000000,1
1531227803712,1531227803709,2616339,0.00108340,0.59000000,1
1531227803731,1531227803727,2616340,0.00108340,0.51000000,1
1531227803753,1531227803747,2616341,0.00108340,0.58000000,1
1531227803779,1531227803776,2616342,0.00108340,1.15000000,1
1531227803790,1531227803789,2616343,0.00108340,0.29000000,1
1531227803822,1531227803819,2616344,0.00108340,0.62000000,1
1531227803828,1531227803824,2616345,0.00108340,0.25000000,1
1531227803844,1531227803839,2616346,0.00108340,4.76000000,1
1531227803880,1531227803875,2616347,0.00108340,0.54000000,1
1531227803881,1531227803878,2616348,0.00108340,0.43000000,1
1531227803892,1531227803888,2616349,0.00108340,0.51000000,1
1531227803901,1531227803896,2616350,0.00108340,0.33000000,1
1531227803901,1531227803896,2616351,0.00108340,0.49000000,1
1531227803936,1531227803931,2616352,0.00108340,0.80000000,1
1531227803940,1531227803936,2616353,0.00108830,2.79000000,0
1531227803959,1531227803955,2616354,0.00108340,0.54000000,1
1531227803994,1531227803990,2616355,0.00108340,0.28000000,1
1531227803996,1531227803991,2616356,0.00108340,0.86000000,1
1531227804169,1531227804164,2616357,0.00108340,1.23000000,1
1531227804174,1531227804169,2616358,0.00108340,0.67000000,1
1531227804243,1531227804239,2616359,0.00108830,1.68000000,0
1531227804246,1531227804243,2616360,0.00108340,0.29000000,1
1531227804250,1531227804245,2616361,0.00108340,0.28000000,1
1531227804251,1531227804247,2616362,0.00108340,1.06000000,1
1531227804269,1531227804268,2616363,0.00108340,0.50000000,1
1531227804337,1531227804334,2616364,0.00108830,0.93000000,0
1531227804746,1531227804741,2616365,0.00108340,48.73000000,1
1531227804781,1531227804778,2616366,0.00107890,3.71000000,0
1531227812278,1531227812273,2616367,0.00107850,1.86000000,1
1531227812278,1531227812273,2616368,0.00107750,3.72000000,1
1531227812278,1531227812273,2616369,0.00106880,5.94000000,1
1531227812385,1531227812381,2616370,0.00106880,1.28000000,1
1531227812469,1531227812465,2616371,0.00106880,0.82000000,1
1531227812469,1531227812465,2616372,0.00106860,1.03000000,1
1531227812477,1531227812472,2616373,0.00106860,2.44000000,1
1531227812543,1531227812540,2616374,0.00106790,1.85000000,1
1531227816809,1531227816805,2616375,0.00106730,5.32000000,1
1531227816809,1531227816805,2616376,0.00106620,11.99000000,1
1531227816809,1531227816805,2616377,0.00106290,4.11000000,1
1531227825386,1531227825382,2616378,0.00107120,5.79000000,0
1531227830187,1531227830183,2616379,0.00107230,0.68000000,0
1531227831871,1531227831867,2616380,0.00107230,11.31000000,0
1531227831871,1531227831867,2616381,0.00107240,13.43000000,0
1531227831871,1531227831867,2616382,0.00107250,4.11000000,0
1531227831871,1531227831867,2616383,0.00107300,1.73000000,0
1531227832466,1531227832460,2616384,0.00106960,5.34000000,1
1531227836945,1531227836940,2616385,0.00107030,3.55000000,1
1531227836945,1531227836940,2616386,0.00106770,1.80000000,1
1531227841334,1531227841330,2616387,0.00106800,1.01000000,1
1531227841537,1531227841534,2616388,0.00106800,6.71000000,1
1531227841537,1531227841534,2616389,0.00106790,7.33000000,1
1531227843197,1531227843192,2616390,0.00106770,0.08000000,1
1531227843197,1531227843192,2616391,0.00106660,0.86000000,1
1531227851109,1531227851105,2616392,0.00107000,20.00000000,1
1531227851109,1531227851105,2616393,0.00106660,3.04000000,1
1531227851109,1531227851105,2616394,0.00106120,7.73000000,1
1531227857440,1531227857435,2616395,0.00106160,5.89000000,1
1531227857440,1531227857435,2616396,0.00106150,1.43000000,1
1531227867034,1531227867029,2616397,0.00106670,4.24000000,0
1531227867042,1531227867039,2616398,0.00106670,1.65000000,0
1531227867042,1531227867039,2616399,0.00106680,4.25000000,0
1531227867042,1531227867039,2616400,0.00107080,0.58000000,0
1531227867056,1531227867054,2616401,0.00106170,4.24000000,1
1531227869536,1531227869530,2616402,0.00106170,3.40000000,1
1531227901122,1531227901119,2616403,0.00106110,25.00000000,1
1531227913208,1531227913204,2616404,0.00106110,7.25000000,1
1531227917704,1531227917700,2616405,0.00105730,1.06000000,1
1531227917704,1531227917700,2616406,0.00105720,8.58000000,1
1531227923161,1531227923155,2616407,0.00105720,4.78000000,1
1531227924734,1531227924730,2616408,0.00105720,1.30000000,1
1531227926370,1531227926366,2616409,0.00105720,30.41000000,1
1531227927383,1531227927380,2616410,0.00105680,1.90000000,1
1531227928376,1531227928371,2616411,0.00105700,2.94000000,0
1531227928376,1531227928371,2616412,0.00105710,3.59000000,0
1531227928376,1531227928371,2616413,0.00105720,2.57000000,0
1531227928476,1531227928472,2616414,0.00105700,1.57000000,1
1531227929159,1531227929159,2616415,0.00105700,7.61000000,1
1531227936958,1531227936957,2616416,0.00105700,0.11000000,0
1531227940380,1531227940375,2616417,0.00105700,3.02000000,1
1531227942376,1531227942372,2616418,0.00105640,1.57000000,1
1531227942628,1531227942623,2616419,0.00105720,10.35000000,0
1531227942628,1531227942623,2616420,0.00105800,1.35000000,0
1531227964243,1531227964239,2616421,0.00105790,65.00000000,0
1531227964243,1531227964239,2616422,0.00105800,24.04000000,0
1531227964243,1531227964239,2616423,0.00105850,20.04000000,0
1531227964243,1531227964239,2616424,0.00106070,0.11000000,0
1531227966058,1531227966054,2616425,0.00106070,0.95000000,0
1531227966058,1531227966054,2616426,0.00106110,1.48000000,0
1531227966082,1531227966078,2616427,0.00106110,1.02000000,0
1531227966082,1531227966078,2616428,0.00106220,4.71000000,0
1531227966264,1531227966258,2616429,0.00106220,2.20000000,0
1531227966324,1531227966320,2616430,0.00106220,0.39000000,0
1531227966512,1531227966508,2616431,0.00106220,0.42000000,0
1531227970153,1531227970134,2616432,0.00105580,1.49000000,1
1531227970153,1531227970134,2616433,0.00105570,4.09000000,1
1531227970153,1531227970134,2616434,0.00105170,65.51000000,1
1531227970153,1531227970134,2616435,0.00105160,29.83000000,1
1531227970153,1531227970134,2616436,0.00105080,0.96000000,1
1531227970153,1531227970134,2616437,0.00104960,51.43000000,1
1531227970153,1531227970134,2616438,0.00104950,56.59000000,1
1531227970153,1531227970134,2616439,0.00104900,127.49000000,1
1531227970153,1531227970134,2616440,0.00104860,0.96000000,1
1531227970153,1531227970134,2616441,0.00104760,1.32000000,1
1531227970153,1531227970134,2616442,0.00104670,343.93000000,1
1531227970153,1531227970134,2616443,0.00104620,14.31000000,1
1531227970153,1531227970134,2616444,0.00104580,4.83000000,1
1531227970153,1531227970134,2616445,0.00104340,5.80000000,1
1531227970153,1531227970134,2616446,0.00104180,1.42000000,1
1531227970153,1531227970134,2616447,0.00104160,5.75000000,1
1531227970153,1531227970134,2616448,0.00104140,9.50000000,1
1531227970153,1531227970134,2616449,0.00104100,72.03000000,1
1531227970153,1531227970134,2616450,0.00104090,21.21000000,1
1531227970153,1531227970134,2616451,0.00104080,4.47000000,1
1531227970153,1531227970134,2616452,0.00103980,1.11000000,1
1531227970153,1531227970134,2616453,0.00103970,5.26000000,1
1531227970153,1531227970134,2616454,0.00103910,13.45000000,1
1531227970153,1531227970134,2616455,0.00103880,22.31000000,1
1531227970153,1531227970134,2616456,0.00103840,37.72000000,1
1531227970153,1531227970134,2616457,0.00103830,21.15000000,1
1531227970153,1531227970134,2616458,0.00103700,1.33000000,1
1531227970153,1531227970134,2616459,0.00103540,34.96000000,1
1531227970153,1531227970134,2616460,0.00103520,6.27000000,1
1531227970153,1531227970134,2616461,0.00103400,5.84000000,1
1531227970153,1531227970134,2616462,0.00103380,24.89000000,1
1531227970153,1531227970134,2616463,0.00103360,6.07000000,1
1531227970153,1531227970134,2616464,0.00103330,6.70000000,1
1531227970153,1531227970134,2616465,0.00103310,69.83000000,1
1531227970153,1531227970134,2616466,0.00103260,5.84000000,1
1531227970153,1531227970134,2616467,0.00103250,6.02000000,1
1531227970153,1531227970134,2616468,0.00103230,7.45000000,1
1531227970153,1531227970134,2616469,0.00103200,6.08000000,1
1531227970154,1531227970134,2616470,0.00103170,6.08000000,1
1531227970154,1531227970134,2616471,0.00103150,5.75000000,1
1531227970154,1531227970134,2616472,0.00103140,30.21000000,1
1531227970154,1531227970134,2616473,0.00103090,3.16000000,1
1531227970154,1531227970134,2616474,0.00103080,6.03000000,1
1531227970154,1531227970134,2616475,0.00103070,30.27000000,1
1531227970154,1531227970134,2616476,0.00103060,2.97000000,1
1531227970154,1531227970134,2616477,0.00103040,5.76000000,1
1531227970154,1531227970134,2616478,0.00103010,27.87000000,1
1531227970154,1531227970134,2616479,0.00102950,11.76000000,1
1531227970154,1531227970134,2616480,0.00102930,264.44000000,1
1531227970154,1531227970134,2616481,0.00102920,186.78000000,1
1531227970952,1531227970947,2616482,0.00104350,6.07000000,1
1531227970961,1531227970958,2616483,0.00104350,2.97000000,1
1531227971048,1531227971044,2616484,0.00104350,5.09000000,1
1531227971132,1531227971129,2616485,0.00104350,2.20000000,1
1531227971132,1531227971129,2616486,0.00104110,3.82000000,1
1531227971137,1531227971133,2616487,0.00104110,1.43000000,1
1531227971153,1531227971149,2616488,0.00104110,3.16000000,1
1531227971166,1531227971162,2616489,0.00104110,5.84000000,1
1531227971182,1531227971177,2616490,0.00104320,1.33000000,0
1531227971187,1531227971183,2616491,0.00104500,4.94000000,1
1531227971290,1531227971287,2616492,0.00104120,1.91000000,0
1531227971294,1531227971289,2616493,0.00104120,3.93000000,0
1531227971294,1531227971289,2616494,0.00104350,1.07000000,0
1531227971564,1531227971559,2616495,0.00104110,3.57000000,1
1531227972046,1531227972042,2616496,0.00104340,8.80000000,0
1531227972252,1531227972245,2616497,0.00103740,6.70000000,0
1531227972252,1531227972245,2616498,0.00104240,1.72000000,0
1531227972252,1531227972245,2616499,0.00104340,69.31000000,0
1531227972252,1531227972245,2616500,0.00104350,0.04000000,0
1531227972252,1531227972245,2616501,0.00104440,1.85000000,0
1531227972252,1531227972245,2616502,0.00104530,1.49000000,0
1531227972252,1531227972245,2616503,0.00104540,4.70000000,0
1531227972252,1531227972245,2616504,0.00104550,6.27000000,0
1531227972252,1531227972245,2616505,0.00104560,21.15000000,0
1531227972252,1531227972245,2616506,0.00104610,20.01000000,0
1531227972518,1531227972515,2616507,0.00104110,11.76000000,1
1531227973181,1531227973177,2616508,0.00104140,3.47000000,0
1531227973181,1531227973177,2616509,0.00104340,5.34000000,0
1531227974776,1531227974772,2616510,0.00104110,4.29000000,1
1531227974783,1531227974778,2616511,0.00104040,23.58000000,0
1531227974783,1531227974778,2616512,0.00104240,1.58000000,0
1531227975181,1531227975175,2616513,0.00104640,8.26000000,0
1531227977294,1531227977289,2616514,0.00104490,1.91000000,0
1531227977294,1531227977289,2616515,0.00104640,2.82000000,0
1531227977352,1531227977348,2616516,0.00103970,7.51000000,1
1531227977352,1531227977348,2616517,0.00103960,2.24000000,1
1531227978044,1531227978040,2616518,0.00103980,6.63000000,1
1531227978374,1531227978370,2616519,0.00103810,3.12000000,0
1531227979379,1531227979378,2616520,0.00103820,9.75000000,0
1531227979829,1531227979825,2616521,0.00103910,8.40000000,0
1531227982579,1531227982574,2616522,0.00103900,7.51000000,0
1531227983524,1531227983521,2616523,0.00103910,1.34000000,0
1531227983910,1531227983906,2616524,0.00104340,28.68000000,0
1531227987700,1531227987698,2616525,0.00104270,6.02000000,1
1531227988095,1531227988089,2616526,0.00104310,3.33000000,0
1531227990383,1531227990376,2616527,0.00104060,1.29000000,0
1531227990555,1531227990551,2616528,0.00104060,0.59000000,0
1531227990610,1531227990607,2616529,0.00104060,1.05000000,0
1531227990617,1531227990614,2616530,0.00104060,0.51000000,0
1531227990651,1531227990648,2616531,0.00104060,1.11000000,0
1531227990713,1531227990709,2616532,0.00104060,0.93000000,0
1531227990796,1531227990792,2616533,0.00104060,1.13000000,0
1531227990849,1531227990848,2616534,0.00104060,1.13000000,0
1531227990908,1531227990901,2616535,0.00104060,3.28000000,0
1531227990962,1531227990957,2616536,0.00104060,1.21000000,0
1531227991000,1531227990995,2616537,0.00104060,0.59000000,0
1531227991078,1531227991073,2616538,0.00104060,1.07000000,0
1531227991151,1531227991147,2616539,0.00104050,1.17000000,0
1531227991184,1531227991179,2616540,0.00104050,1.13000000,0
1531227991235,1531227991232,2616541,0.00104050,1.33000000,0
1531227991523,1531227991520,2616542,0.00104050,0.99000000,0
1531227991578,1531227991574,2616543,0.00104050,0.67000000,0
1531227991624,1531227991620,2616544,0.00104050,1.09000000,0
1531227991687,1531227991683,2616545,0.00104050,1.61000000,0
1531227991763,1531227991759,2616546,0.00104050,0.57000000,0
1531227991811,1531227991808,2616547,0.00104050,1.73000000,0
1531227991855,1531227991850,2616548,0.00104050,2.48000000,0
1531227991966,1531227991962,2616549,0.00104050,1.35000000,0
1531227992026,1531227992021,2616550,0.00104050,2.14000000,0
1531227992089,1531227992086,2616551,0.00104050,0.57000000,0
1531227992208,1531227992203,2616552,0.00104050,1.01000000,0
1531227992266,1531227992262,2616553,0.00104050,0.73000000,0
1531227992398,1531227992392,2616554,0.00104050,0.99000000,0
1531227992733,1531227992728,2616555,0.00104050,0.59000000,0
1531227992833,1531227992830,2616556,0.00104050,4.49000000,0
1531227992891,1531227992887,2616557,0.00104040,1.65000000,0
1531227992923,1531227992918,2616558,0.00104040,1.33000000,0
1531227992982,1531227992979,2616559,0.00104040,1.27000000,0
1531227993072,1531227993067,2616560,0.00104040,0.59000000,0
1531227993174,1531227993169,2616561,0.00104040,0.69000000,0
1531227993174,1531227993169,2616562,0.00104070,0.52000000,0
1531227993219,1531227993215,2616563,0.00104040,0.79000000,0
1531227993328,1531227993324,2616564,0.00104040,1.51000000,0
1531227993379,1531227993374,2616565,0.00104040,1.31000000,0
1531227993423,1531227993419,2616566,0.00104040,0.63000000,0
1531227993484,1531227993477,2616567,0.00104070,1.39000000,0
1531227993565,1531227993560,2616568,0.00104070,1.39000000,0
1531227993786,1531227993782,2616569,0.00104070,0.59000000,0
1531227993838,1531227993833,2616570,0.00104070,0.59000000,0
1531227993937,1531227993931,2616571,0.00104070,1.07000000,0
1531227993985,1531227993982,2616572,0.00104070,1.07000000,0
1531227994035,1531227994031,2616573,0.00104070,0.59000000,0
1531227994065,1531227994062,2616574,0.00104070,3.24000000,0
1531227994324,1531227994319,2616575,0.00104070,1.01000000,0
1531227994386,1531227994383,2616576,0.00104070,0.69000000,0
1531227994437,1531227994432,2616577,0.00104070,0.41000000,0
1531227996257,1531227996253,2616578,0.00104070,16.90000000,0
1531227996461,1531227996457,2616579,0.00104070,0.37000000,0
1531227996461,1531227996457,2616580,0.00104340,1.08000000,0
1531227996670,1531227996665,2616581,0.00104060,0.85000000,0
1531227996674,1531227996670,2616582,0.00104060,0.61000000,0
1531227996733,1531227996729,2616583,0.00104060,0.69000000,0
1531227996777,1531227996773,2616584,0.00104060,0.61000000,0
1531227996832,1531227996828,2616585,0.00104060,0.59000000,0
1531227996976,1531227996971,2616586,0.00104060,0.43000000,0
1531227997016,1531227997012,2616587,0.00104060,0.49000000,0
1531227997034,1531227997029,2616588,0.00104060,0.59000000,0
1531227997175,1531227997171,2616589,0.00104340,0.49000000,0
1531227997231,1531227997230,2616590,0.00104340,0.59000000,0
1531227997437,1531227997432,2616591,0.00104340,0.51000000,0
1531227997478,1531227997473,2616592,0.00104340,0.45000000,0
1531227997528,1531227997512,2616593,0.00104340,0.43000000,0
1531227997736,1531227997731,2616594,0.00104340,0.41000000,0
1531227997843,1531227997839,2616595,0.00104340,0.41000000,0
1531228004973,1531228004968,2616596,0.00104330,0.65000000,0
1531228004995,1531228004992,2616597,0.00104330,1.03000000,0
1531228005370,1531228005365,2616598,0.00104330,0.71000000,0
1531228005370,1531228005365,2616599,0.00104340,0.02000000,0
1531228007435,1531228007431,2616600,0.00104330,1.98000000,0
1531228007492,1531228007487,2616601,0.00104330,1.15000000,0
1531228007538,1531228007534,2616602,0.00104080,1.35000000,1
1531228007545,1531228007540,2616603,0.00104330,0.90000000,0
1531228007602,1531228007599,2616604,0.00104330,1.07000000,0
1531228007777,1531228007772,2616605,0.00104070,0.92000000,0
1531228008039,1531228008034,2616606,0.00104070,0.96000000,0
1531228008373,1531228008371,2616607,0.00104070,7.84000000,0
1531228014076,1531228014072,2616608,0.00104330,0.91000000,0
1531228014136,1531228014132,2616609,0.00104330,0.99000000,0
1531228014303,1531228014299,2616610,0.00104330,1.19000000,0
1531228014484,1531228014481,2616611,0.00104330,0.97000000,0
1531228014508,1531228014503,2616612,0.00104330,1.21000000,0
1531228014556,1531228014550,2616613,0.00104330,1.25000000,0
1531228014754,1531228014749,2616614,0.00104330,2.42000000,0
1531228014830,1531228014825,2616615,0.00104330,1.09000000,0
1531228014973,1531228014968,2616616,0.00104330,0.85000000,0
1531228018146,1531228018141,2616617,0.00104130,6.03000000,1
1531228023312,1531228023307,2616618,0.00104330,1.03000000,0
1531228023405,1531228023400,2616619,0.00103900,0.24000000,1
1531228023492,1531228023487,2616620,0.00104330,2.20000000,0
1531228023705,1531228023703,2616621,0.00104330,1.33000000,0
1531228023729,1531228023727,2616622,0.00104330,1.09000000,0
1531228023801,1531228023793,2616623,0.00104330,1.31000000,0
1531228023856,1531228023852,2616624,0.00104330,2.40000000,0
1531228023912,1531228023909,2616625,0.00104330,1.23000000,0
1531228024001,1531228023997,2616626,0.00104330,1.11000000,0
1531228024073,1531228024069,2616627,0.00104330,1.41000000,0
1531228024135,1531228024131,2616628,0.00104330,2.20000000,0
1531228024197,1531228024192,2616629,0.00104330,1.23000000,0
1531228024304,1531228024300,2616630,0.00104330,1.21000000,0
1531228024379,1531228024376,2616631,0.00104330,0.22000000,0
1531228024379,1531228024376,2616632,0.00104340,0.08000000,0
1531228024379,1531228024376,2616633,0.00104440,0.95000000,0
1531228024479,1531228024474,2616634,0.00104440,1.25000000,0
1531228024560,1531228024555,2616635,0.00104440,1.01000000,0
1531228024608,1531228024604,2616636,0.00104440,0.89000000,0
1531228028482,1531228028478,2616637,0.00103910,11.17000000,1
1531228028863,1531228028861,2616638,0.00104280,2.22000000,0
1531228028999,1531228028995,2616639,0.00104280,1.21000000,0
1531228029159,1531228029154,2616640,0.00104280,1.19000000,0
1531228029190,1531228029186,2616641,0.00104280,1.09000000,0
1531228029226,1531228029223,2616642,0.00104280,0.99000000,0
1531228029284,1531228029280,2616643,0.00104280,1.29000000,0
1531228029330,1531228029326,2616644,0.00103910,5.27000000,1
1531228029401,1531228029396,2616645,0.00104270,1.17000000,0
1531228029442,1531228029437,2616646,0.00104270,1.13000000,0
1531228029478,1531228029473,2616647,0.00104270,3.12000000,0
1531228029639,1531228029635,2616648,0.00104270,1.31000000,0
1531228029710,1531228029706,2616649,0.00104270,3.80000000,0
1531228029718,1531228029714,2616650,0.00104270,1.27000000,0
1531228029957,1531228029953,2616651,0.00104270,1.19000000,0
1531228030019,1531228030018,2616652,0.00104270,3.32000000,0
1531228030082,1531228030078,2616653,0.00104270,0.13000000,0
1531228030082,1531228030078,2616654,0.00104280,0.27000000,0
1531228030082,1531228030078,2616655,0.00104330,2.06000000,0
1531228030325,1531228030320,2616656,0.00104330,0.51000000,0
1531228030697,1531228030692,2616657,0.00103900,11.50000000,1
1531228031989,1531228031984,2616658,0.00103900,4.90000000,1
1531228033589,1531228033584,2616659,0.00103890,16.69000000,1
1531228034068,1531228034064,2616660,0.00103900,16.44000000,1
1531228034687,1531228034686,2616661,0.00103900,16.98000000,1
1531228035189,1531228035185,2616662,0.00104180,2.86000000,0
1531228035226,1531228035221,2616663,0.00104180,0.79000000,0
1531228035288,1531228035283,2616664,0.00104180,1.21000000,0
1531228035399,1531228035395,2616665,0.00104180,1.13000000,0
1531228035399,1531228035395,2616666,0.00104410,2.05000000,0
1531228035480,1531228035477,2616667,0.00104410,0.65000000,0
1531228035582,1531228035577,2616668,0.00104270,1.15000000,0
1531228035844,1531228035840,2616669,0.00104270,1.01000000,0
1531228035885,1531228035880,2616670,0.00104270,0.14000000,0
1531228035885,1531228035880,2616671,0.00104410,0.99000000,0
1531228035929,1531228035928,2616672,0.00104410,0.99000000,0
1531228035986,1531228035982,2616673,0.00104410,0.65000000,0
1531228036038,1531228036034,2616674,0.00104410,1.01000000,0
1531228036096,1531228036092,2616675,0.00104410,1.27000000,0
1531228036150,1531228036145,2616676,0.00103900,7.64000000,1
1531228036217,1531228036214,2616677,0.00104410,1.11000000,0
1531228036314,1531228036311,2616678,0.00104270,1.19000000,0
1531228036530,1531228036527,2616679,0.00104270,1.35000000,0
1531228039522,1531228039517,2616680,0.00104250,1.15000000,0
1531228039556,1531228039553,2616681,0.00104250,1.19000000,0
1531228039610,1531228039606,2616682,0.00104260,1.21000000,0
1531228039779,1531228039774,2616683,0.00104260,1.11000000,0
1531228039833,1531228039829,2616684,0.00104260,1.17000000,0
1531228039912,1531228039906,2616685,0.00104260,1.23000000,0
1531228039978,1531228039974,2616686,0.00104260,1.15000000,0
1531228040025,1531228040021,2616687,0.00104260,1.13000000,0
1531228040076,1531228040072,2616688,0.00104260,1.15000000,0
1531228040353,1531228040348,2616689,0.00104260,0.06000000,0
1531228040353,1531228040348,2616690,0.00104270,1.05000000,0
1531228040915,1531228040910,2616691,0.00104270,1.81000000,0
1531228042649,1531228042645,2616692,0.00103880,1.74000000,1
1531228042649,1531228042645,2616693,0.00103850,2.99000000,1
1531228045504,1531228045502,2616694,0.00104270,1.21000000,0
1531228045589,1531228045585,2616695,0.00104270,0.73000000,0
1531228045662,1531228045661,2616696,0.00104270,1.19000000,0
1531228045753,1531228045749,2616697,0.00104270,1.15000000,0
1531228045811,1531228045808,2616698,0.00104270,1.05000000,0
1531228045999,1531228045994,2616699,0.00104270,1.15000000,0
1531228046203,1531228046198,2616700,0.00104270,1.09000000,0
1531228046351,1531228046347,2616701,0.00104270,1.23000000,0
1531228046415,1531228046410,2616702,0.00104270,1.85000000,0
1531228046415,1531228046410,2616703,0.00104280,0.27000000,0
1531228046461,1531228046457,2616704,0.00104280,1.25000000,0
1531228046508,1531228046504,2616705,0.00104280,0.69000000,0
1531228046550,1531228046547,2616706,0.00104280,1.05000000,0
1531228046645,1531228046641,2616707,0.00104280,0.59000000,0
1531228046733,1531228046727,2616708,0.00104280,1.25000000,0
1531228046793,1531228046790,2616709,0.00104280,0.66000000,0
1531228046793,1531228046790,2616710,0.00104400,0.57000000,0
