event_time,trade_time,trade_id,price,quantity,maker
1531210559729,1531210559723,1210861,0.00034940,28.62000000,0
1531210592783,1531210592778,1210862,0.00034850,7.24000000,1
1531210598221,1531210598218,1210863,0.00034940,7.39000000,0
1531210772625,1531210772622,1210864,0.00034860,84.27000000,1
1531210908211,1531210908204,1210865,0.00034860,5.12000000,1
1531211040128,1531211040123,1210866,0.00034940,0.33000000,0
1531211205443,1531211205437,1210867,0.00034860,48.30000000,1
1531211205443,1531211205437,1210868,0.00034850,101.73000000,1
1531211325353,1531211325349,1210869,0.00034790,17.99000000,0
1531211325660,1531211325656,1210870,0.00034790,38.84000000,0
1531211329278,1531211329273,1210871,0.00034900,22.86000000,0
1531211329278,1531211329273,1210872,0.00034940,175.14000000,0
1531211330521,1531211330518,1210873,0.00034940,46.40000000,0
1531211332289,1531211332286,1210874,0.00034890,75.62000000,0
1531211455307,1531211455303,1210875,0.00034940,75.12000000,0
1531211455307,1531211455303,1210876,0.00034950,22.83000000,0
1531211455307,1531211455303,1210877,0.00034970,2.05000000,0
1531211456541,1531211456536,1210878,0.00034970,5.00000000,0
1531211486031,1531211486026,1210879,0.00034970,7.25000000,0
1531211486031,1531211486026,1210880,0.00035000,5.55000000,0
1531211486031,1531211486026,1210881,0.00035010,17.00000000,0
1531211486031,1531211486026,1210882,0.00035020,10.02000000,0
1531211486031,1531211486026,1210883,0.00035040,60.18000000,0
1531211486405,1531211486402,1210884,0.00035040,200.00000000,0
1531211486468,1531211486463,1210885,0.00035040,201.13000000,0
1531211486468,1531211486463,1210886,0.00035080,98.87000000,0
1531211491892,1531211491887,1210887,0.00035080,37.42000000,0
1531211495241,1531211495235,1210888,0.00035060,83.39000000,0
1531211495241,1531211495235,1210889,0.00035080,416.61000000,0
1531211498267,1531211498261,1210890,0.00035080,172.50000000,0
1531211498279,1531211498274,1210891,0.00035080,172.50000000,0
1531211498283,1531211498279,1210892,0.00035080,102.10000000,0
1531211498283,1531211498279,1210893,0.00035110,70.44000000,0
1531211498298,1531211498292,1210894,0.00035110,18.95000000,0
1531211498301,1531211498295,1210895,0.00035110,28.50000000,0
1531211498338,1531211498334,1210896,0.00035110,83.39000000,0
1531211498355,1531211498348,1210897,0.00035080,46.46000000,1
1531211498357,1531211498353,1210898,0.00035080,4.32000000,1
1531211498532,1531211498526,1210899,0.00035080,19.84000000,1
1531211504766,1531211504762,1210900,0.00035100,108.41000000,0
1531211505272,1531211505268,1210901,0.00035100,64.13000000,0
1531211508974,1531211508969,1210902,0.00035110,118.55000000,0
1531211519640,1531211519636,1210903,0.00035110,53.44000000,0
1531211524019,1531211524015,1210904,0.00035110,85.00000000,0
1531211529648,1531211529643,1210905,0.00035080,15.38000000,1
1531211529648,1531211529643,1210906,0.00035020,22.78000000,1
1531211529648,1531211529643,1210907,0.00034970,222.12000000,1
1531211529648,1531211529643,1210908,0.00034960,71.17000000,1
1531211529648,1531211529643,1210909,0.00034950,114.51000000,1
1531211529648,1531211529643,1210910,0.00034890,455.00000000,1
1531211636721,1531211636716,1210911,0.00034970,244.90000000,0
1531211636721,1531211636716,1210912,0.00035000,55.10000000,0
1531211832904,1531211832899,1210913,0.00034850,16.93000000,0
1531212008367,1531212008362,1210914,0.00035000,3.35000000,0
1531212103322,1531212103318,1210915,0.00034890,54.00000000,1
1531212103324,1531212103320,1210916,0.00034880,18.95000000,1
1531212104200,1531212104195,1210917,0.00034880,3.92000000,1
1531212104200,1531212104195,1210918,0.00034850,47.35000000,1
1531212278055,1531212278050,1210919,0.00034920,0.28000000,0
1531212286573,1531212286570,1210920,0.00034920,65.00000000,0
1531212288176,1531212288170,1210921,0.00034920,1.72000000,0
1531212288176,1531212288170,1210922,0.00034930,22.84000000,0
1531212288176,1531212288170,1210923,0.00034980,12.72000000,0
1531212288176,1531212288170,1210924,0.00034990,27.72000000,0
1531212289396,1531212289392,1210925,0.00034980,37.28000000,0
1531212432962,1531212432957,1210926,0.00034970,10.07000000,0
1531212432962,1531212432957,1210927,0.00034980,147.40000000,0
1531212434293,1531212434288,1210928,0.00034980,74.63000000,0
1531212434293,1531212434288,1210929,0.00034990,82.84000000,0
1531212437440,1531212437438,1210930,0.00034990,157.47000000,0
1531212473116,1531212473111,1210931,0.00034990,31.14000000,0
1531212522216,1531212522212,1210932,0.00034860,19.14000000,1
1531212522216,1531212522212,1210933,0.00034850,42.17000000,1
1531212523209,1531212523203,1210934,0.00034850,28.59000000,1
1531212524210,1531212524205,1210935,0.00034840,20.10000000,1
1531212758391,1531212758387,1210936,0.00034950,30.00000000,0
1531212896756,1531212896751,1210937,0.00034950,59.90000000,0
1531212896756,1531212896751,1210938,0.00034960,163.13000000,0
1531212897298,1531212897293,1210939,0.00034960,158.43000000,0
1531212897298,1531212897293,1210940,0.00034980,64.60000000,0
1531212899452,1531212899447,1210941,0.00034980,181.22000000,0
1531212900429,1531212900425,1210942,0.00034990,222.03000000,0
1531212900429,1531212900425,1210943,0.00035000,1.00000000,0
1531212903716,1531212903711,1210944,0.00035000,223.03000000,0
1531212906979,1531212906975,1210945,0.00035000,41.39000000,0
1531212906979,1531212906975,1210946,0.00035010,129.01000000,0
1531213009901,1531213009882,1210947,0.00035010,144.11000000,0
1531213098921,1531213098918,1210948,0.00035010,134.24000000,0
1531213122404,1531213122399,1210949,0.00035010,100.00000000,0
1531213215953,1531213215948,1210950,0.00034870,11.00000000,1
1531213395821,1531213395817,1210951,0.00034840,3.75000000,1
1531213449305,1531213449302,1210952,0.00034940,11.00000000,0
1531213449305,1531213449302,1210953,0.00034950,33.27000000,0
1531213581199,1531213581194,1210954,0.00034970,100.00000000,0
1531213773760,1531213773756,1210955,0.00034870,1.63000000,1
1531213775239,1531213775235,1210956,0.00034810,1.63000000,1
1531213784864,1531213784860,1210957,0.00034980,0.16000000,0
1531213790536,1531213790532,1210958,0.00034980,13.99000000,0
1531213793253,1531213793249,1210959,0.00034980,13.99000000,0
1531213797122,1531213797118,1210960,0.00034980,13.99000000,0
1531213849542,1531213849539,1210961,0.00034770,0.49000000,1
1531213934485,1531213934481,1210962,0.00034870,4.09000000,1
1531214096437,1531214096433,1210963,0.00034980,4.09000000,0
1531214096437,1531214096433,1210964,0.00034990,98.15000000,0
1531214096437,1531214096433,1210965,0.00035010,492.64000000,0
1531214124953,1531214124948,1210966,0.00035020,70.82000000,1
1531214125196,1531214125193,1210967,0.00035010,61.01000000,1
1531214323854,1531214323851,1210968,0.00035110,16.93000000,0
1531214466234,1531214466229,1210969,0.00035110,111.28000000,1
1531214479326,1531214479322,1210970,0.00035110,41.22000000,0
1531214486311,1531214486306,1210971,0.00035110,106.88000000,0
1531214514598,1531214514594,1210972,0.00035010,30.57000000,1
1531214560809,1531214560805,1210973,0.00035090,20.00000000,0
1531214689845,1531214689841,1210974,0.00035090,833.15000000,0
1531214689845,1531214689841,1210975,0.00035110,224.61000000,0
1531214705156,1531214705153,1210976,0.00035160,0.05000000,0
1531214758953,1531214758950,1210977,0.00035150,70.82000000,0
1531214758953,1531214758950,1210978,0.00035160,405.18000000,0
1531214842052,1531214842045,1210979,0.00035160,1.80000000,0
1531214842052,1531214842045,1210980,0.00035170,2.85000000,0
1531214842052,1531214842045,1210981,0.00035200,4.33000000,0
1531214842052,1531214842045,1210982,0.00035230,17.25000000,0
1531214842052,1531214842045,1210983,0.00035260,23.38000000,0
1531214842052,1531214842045,1210984,0.00035270,221.26000000,0
1531214967098,1531214967093,1210985,0.00035260,66.17000000,0
1531215304053,1531215304050,1210986,0.00035140,10.19000000,1
1531215431796,1531215431792,1210987,0.00035130,22.71000000,1
1531215431796,1531215431792,1210988,0.00035120,70.96000000,1
1531215431796,1531215431792,1210989,0.00035110,142.24000000,1
1531215431796,1531215431792,1210990,0.00035040,36.00000000,1
1531215431796,1531215431792,1210991,0.00035030,655.96000000,1
1531215431796,1531215431792,1210992,0.00035010,659.54000000,1
1531215445184,1531215445181,1210993,0.00035060,243.61000000,1
1531215456414,1531215456409,1210994,0.00034900,0.41000000,1
1531215462962,1531215462957,1210995,0.00034900,60.63000000,1
1531215462962,1531215462957,1210996,0.00034840,36.00000000,1
1531215462962,1531215462957,1210997,0.00034770,17.22000000,1
1531215462962,1531215462957,1210998,0.00034730,5.76000000,1
1531215462962,1531215462957,1210999,0.00034700,98.25000000,1
1531215528005,1531215528001,1211000,0.00034740,2.91000000,1
1531215533412,1531215533407,1211001,0.00034900,10.19000000,0
1531215533412,1531215533407,1211002,0.00034910,22.85000000,0
1531215533412,1531215533407,1211003,0.00034950,56.23000000,0
1531215543246,1531215543242,1211004,0.00034890,36.00000000,0
1531215543246,1531215543242,1211005,0.00034950,32.65000000,0
1531215557671,1531215557667,1211006,0.00034950,60.49000000,0
1531215583343,1531215583339,1211007,0.00034740,5.82000000,1
1531215587845,1531215587841,1211008,0.00034950,12.97000000,0
1531215589491,1531215589485,1211009,0.00034950,38.91000000,0
1531215594133,1531215594129,1211010,0.00034950,21.24000000,0
1531215594133,1531215594129,1211011,0.00034960,9.37000000,0
1531215596737,1531215596733,1211012,0.00034960,26.63000000,0
1531215596737,1531215596733,1211013,0.00035040,3.98000000,0
1531215600360,1531215600354,1211014,0.00035040,32.02000000,0
1531215600360,1531215600354,1211015,0.00035050,17.22000000,0
1531215600360,1531215600354,1211016,0.00035090,2.85000000,0
1531215605780,1531215605775,1211017,0.00034930,13.46000000,0
1531215605780,1531215605775,1211018,0.00035080,56.60000000,0
1531215605780,1531215605775,1211019,0.00035090,36.00000000,0
1531215609501,1531215609497,1211020,0.00035120,25.00000000,0
1531215614840,1531215614836,1211021,0.00035120,107.67000000,0
1531215614840,1531215614836,1211022,0.00035150,32.33000000,0
1531215641896,1531215641892,1211023,0.00035220,0.32000000,0
1531215816858,1531215816848,1211024,0.00035000,5.04000000,1
1531215816858,1531215816848,1211025,0.00034990,54.00000000,1
1531215816858,1531215816848,1211026,0.00034940,217.70000000,1
1531215816858,1531215816848,1211027,0.00034930,36.00000000,1
1531215816858,1531215816848,1211028,0.00034920,86.24000000,1
1531215816858,1531215816848,1211029,0.00034880,36.00000000,1
1531215816858,1531215816848,1211030,0.00034850,33.59000000,1
1531215816858,1531215816848,1211031,0.00034730,17.10000000,1
1531215816858,1531215816848,1211032,0.00034700,201.75000000,1
1531215816858,1531215816848,1211033,0.00034670,86.54000000,1
1531215816858,1531215816848,1211034,0.00034660,3.00000000,1
1531215816858,1531215816848,1211035,0.00034650,5.76000000,1
1531215816858,1531215816848,1211036,0.00034600,475.20000000,1
1531215816858,1531215816848,1211037,0.00034570,157.50000000,1
1531215816858,1531215816848,1211038,0.00034560,128.90000000,1
1531215816858,1531215816848,1211039,0.00034480,300.00000000,1
1531215816858,1531215816848,1211040,0.00034440,12.46000000,1
1531215816858,1531215816848,1211041,0.00034410,145.35000000,1
1531215816858,1531215816848,1211042,0.00034320,11.63000000,1
1531215816858,1531215816848,1211043,0.00034310,2.92000000,1
1531215816858,1531215816848,1211044,0.00034100,605.34000000,1
1531215816858,1531215816848,1211045,0.00034090,475.20000000,1
1531215816859,1531215816848,1211046,0.00034070,105.63000000,1
1531215816859,1531215816848,1211047,0.00034050,45.64000000,1
1531215816859,1531215816848,1211048,0.00034030,700.00000000,1
1531215816859,1531215816848,1211049,0.00034020,240.20000000,1
1531215816859,1531215816848,1211050,0.00034010,389.78000000,1
1531215816873,1531215816868,1211051,0.00034210,14.49000000,0
1531215816873,1531215816868,1211052,0.00034290,5.49000000,0
1531215816882,1531215816878,1211053,0.00034290,19.98000000,0
1531215816884,1531215816880,1211054,0.00034290,12.61000000,0
1531215816884,1531215816880,1211055,0.00034300,7.37000000,0
1531215816885,1531215816880,1211056,0.00034300,12.61000000,0
1531215816896,1531215816893,1211057,0.00034860,39.95000000,1
1531215816990,1531215816986,1211058,0.00034860,1.90000000,1
1531215816990,1531215816986,1211059,0.00034670,18.08000000,1
1531215817065,1531215817060,1211060,0.00035000,5.03000000,1
1531215817065,1531215817060,1211061,0.00034670,3.89000000,1
1531215817592,1531215817588,1211062,0.00034680,3.53000000,1
1531215817679,1531215817675,1211063,0.00034720,28.79000000,0
1531215818696,1531215818693,1211064,0.00034710,28.80000000,0
1531215818923,1531215818918,1211065,0.00034710,18.95000000,0
1531215819697,1531215819693,1211066,0.00034710,28.81000000,0
1531215820171,1531215820167,1211067,0.00034680,5.66000000,1
1531215820645,1531215820639,1211068,0.00034710,20.54000000,0
1531215823832,1531215823828,1211069,0.00034690,125.63000000,0
1531215824949,1531215824945,1211070,0.00034680,101.05000000,1
1531215824949,1531215824945,1211071,0.00034670,31.18000000,1
1531215824949,1531215824945,1211072,0.00034660,13.12000000,1
1531215825714,1531215825710,1211073,0.00034700,28.81000000,0
1531215826214,1531215826210,1211074,0.00034700,105.13000000,0
1531215828046,1531215828041,1211075,0.00034720,64.00000000,0
1531215828187,1531215828183,1211076,0.00034660,22.88000000,1
1531215828187,1531215828183,1211077,0.00034610,5.09000000,1
1531215831236,1531215831232,1211078,0.00034630,0.49000000,1
1531215840991,1531215840987,1211079,0.00034710,46.24000000,0
1531215840991,1531215840987,1211080,0.00034720,30.76000000,0
1531215843029,1531215843025,1211081,0.00034630,7.33000000,0
1531215843214,1531215843211,1211082,0.00034630,45.64000000,0
1531215843918,1531215843914,1211083,0.00034630,16.03000000,0
1531215845192,1531215845188,1211084,0.00034630,10.48000000,0
1531215846243,1531215846240,1211085,0.00034630,5.72000000,0
1531215852707,1531215852703,1211086,0.00034610,43.65000000,1
1531215856215,1531215856211,1211087,0.00034600,28.80000000,0
1531215858318,1531215858314,1211088,0.00034480,0.49000000,1
1531215872753,1531215872746,1211089,0.00034510,0.49000000,1
1531215873492,1531215873487,1211090,0.00034610,14.29000000,0
1531215873492,1531215873487,1211091,0.00034720,17.58000000,0
1531215875214,1531215875211,1211092,0.00034600,25.39000000,1
1531215876382,1531215876378,1211093,0.00034600,25.54000000,1
1531215876882,1531215876878,1211094,0.00034600,25.51000000,1
1531215878546,1531215878542,1211095,0.00034600,25.45000000,1
1531215879254,1531215879249,1211096,0.00034600,23.94000000,1
1531215879254,1531215879249,1211097,0.00034460,1.51000000,1
1531215884065,1531215884062,1211098,0.00034640,16.37000000,0
1531215886751,1531215886747,1211099,0.00034720,5.04000000,0
1531215886796,1531215886792,1211100,0.00034720,7.42000000,0
1531215886796,1531215886792,1211101,0.00034830,16.81000000,0
1531215908422,1531215908417,1211102,0.00034540,13.44000000,1
1531215908472,1531215908468,1211103,0.00034810,683.00000000,0
1531215913652,1531215913648,1211104,0.00034790,7.60000000,0
1531215913775,1531215913770,1211105,0.00034790,5.84000000,1
1531215919821,1531215919817,1211106,0.00034800,0.15000000,0
1531215923716,1531215923711,1211107,0.00034800,605.00000000,0
1531215926017,1531215926014,1211108,0.00034800,0.20000000,0
1531215940574,1531215940570,1211109,0.00034810,223.87000000,1
1531215940574,1531215940570,1211110,0.00034790,4171.62000000,1
1531215949382,1531215949378,1211111,0.00034630,3.24000000,1
1531215950636,1531215950632,1211112,0.00034630,3.24000000,1
1531215951686,1531215951683,1211113,0.00034640,3.24000000,1
1531215952577,1531215952572,1211114,0.00034640,3.24000000,1
1531215953473,1531215953469,1211115,0.00034640,3.24000000,1
1531215954370,1531215954366,1211116,0.00034650,3.24000000,1
1531215955272,1531215955267,1211117,0.00034650,3.24000000,1
1531215956331,1531215956325,1211118,0.00034650,3.24000000,1
1531215957226,1531215957222,1211119,0.00034650,3.24000000,1
1531215958132,1531215958128,1211120,0.00034650,3.24000000,1
1531215959335,1531215959329,1211121,0.00034650,0.17000000,1
1531215960336,1531215960333,1211122,0.00034650,0.17000000,1
1531215961633,1531215961628,1211123,0.00034610,0.17000000,1
1531215962626,1531215962622,1211124,0.00034650,0.17000000,1
1531215963954,1531215963950,1211125,0.00034650,0.17000000,1
1531215964954,1531215964950,1211126,0.00034650,0.17000000,1
1531215965937,1531215965933,1211127,0.00034650,0.17000000,1
1531215966926,1531215966923,1211128,0.00034650,0.17000000,1
1531215968221,1531215968217,1211129,0.00034650,0.17000000,1
1531215969208,1531215969203,1211130,0.00034650,0.17000000,1
1531215972119,1531215972115,1211131,0.00034650,5.83000000,1
1531215972694,1531215972690,1211132,0.00034650,2.92000000,1
1531215986090,1531215986085,1211133,0.00034650,0.36000000,1
1531215987144,1531215987140,1211134,0.00034650,0.36000000,1
1531215988215,1531215988212,1211135,0.00034650,0.36000000,1
1531215989282,1531215989278,1211136,0.00034650,0.36000000,1
1531215990331,1531215990327,1211137,0.00034650,0.36000000,1
1531215991390,1531215991386,1211138,0.00034650,0.36000000,1
1531215992910,1531215992907,1211139,0.00034650,0.36000000,1
1531215994460,1531215994456,1211140,0.00034610,0.36000000,1
1531215995533,1531215995529,1211141,0.00034610,0.36000000,1
1531215995738,1531215995733,1211142,0.00034720,9.72000000,0
1531215995738,1531215995733,1211143,0.00034730,13.95000000,0
1531215995738,1531215995733,1211144,0.00034790,48.73000000,0
1531215997040,1531215997037,1211145,0.00034560,0.36000000,1
1531216034456,1531216034451,1211146,0.00034790,0.01000000,0
1531216034456,1531216034451,1211147,0.00034820,28.73000000,0
1531216161156,1531216161153,1211148,0.00034840,66.00000000,0
1531216400374,1531216400370,1211149,0.00034840,0.65000000,0
1531216400374,1531216400370,1211150,0.00034890,28.05000000,0
1531216602282,1531216602278,1211151,0.00034890,70.85000000,0
1531216605159,1531216605155,1211152,0.00034890,70.85000000,0
1531216614380,1531216614376,1211153,0.00034890,4.59000000,0
1531216614380,1531216614376,1211154,0.00034930,21.81000000,0
1531216807519,1531216807515,1211155,0.00034870,0.02000000,1
1531216817406,1531216817403,1211156,0.00034870,24.07000000,1
1531216817809,1531216817806,1211157,0.00034870,19.61000000,1
1531216817809,1531216817806,1211158,0.00034820,4.71000000,1
1531216821136,1531216821133,1211159,0.00034820,0.13000000,1
1531216822330,1531216822323,1211160,0.00034830,0.13000000,1
1531216823320,1531216823316,1211161,0.00034830,0.13000000,1
1531216824315,1531216824311,1211162,0.00034820,0.13000000,1
1531216824761,1531216824756,1211163,0.00034820,4.04000000,1
1531216825316,1531216825312,1211164,0.00034820,0.13000000,1
1531216826319,1531216826315,1211165,0.00034820,0.13000000,1
1531216826668,1531216826665,1211166,0.00034820,4.04000000,1
1531216827303,1531216827300,1211167,0.00034820,0.13000000,1
1531216827715,1531216827712,1211168,0.00034820,4.04000000,1
1531216828291,1531216828288,1211169,0.00034820,0.13000000,1
1531216828607,1531216828602,1211170,0.00034820,4.04000000,1
1531216829296,1531216829292,1211171,0.00034820,0.13000000,1
1531216829649,1531216829643,1211172,0.00034820,4.04000000,1
1531216830597,1531216830593,1211173,0.00034820,0.13000000,1
1531216830697,1531216830692,1211174,0.00034820,4.04000000,1
1531216831589,1531216831585,1211175,0.00034820,0.01000000,1
1531216831589,1531216831585,1211176,0.00034800,4.03000000,1
1531216832640,1531216832636,1211177,0.00034800,4.04000000,1
1531216833677,1531216833672,1211178,0.00034800,4.04000000,1
1531216834582,1531216834578,1211179,0.00034800,4.04000000,1
1531216860756,1531216860752,1211180,0.00034800,0.24000000,1
1531216862301,1531216862297,1211181,0.00034800,0.24000000,1
1531216863865,1531216863860,1211182,0.00034800,0.24000000,1
1531216865418,1531216865413,1211183,0.00034800,0.24000000,1
1531216866476,1531216866472,1211184,0.00034800,0.24000000,1
1531216867553,1531216867548,1211185,0.00034800,0.24000000,1
1531216868625,1531216868621,1211186,0.00034800,0.24000000,1
1531216870156,1531216870151,1211187,0.00034800,0.24000000,1
1531216871698,1531216871694,1211188,0.00034800,0.24000000,1
1531216872769,1531216872765,1211189,0.00034800,0.24000000,1
1531216968930,1531216968926,1211190,0.00034930,1.03000000,0
1531216968930,1531216968926,1211191,0.00034960,27.59000000,0
1531217056308,1531217056303,1211192,0.00034960,1.75000000,0
1531217056308,1531217056303,1211193,0.00035000,14.49000000,0
1531217056308,1531217056303,1211194,0.00035030,14.23000000,0
1531217056308,1531217056303,1211195,0.00035060,112.53000000,0
1531217102247,1531217102241,1211196,0.00035000,22.79000000,0
1531217102247,1531217102241,1211197,0.00035060,5.73000000,0
1531217290082,1531217290078,1211198,0.00035050,40.16000000,0
1531217292814,1531217292809,1211199,0.00035050,40.16000000,0
1531217295631,1531217295627,1211200,0.00035050,40.16000000,0
1531217298874,1531217298869,1211201,0.00035050,40.16000000,0
1531217408862,1531217408857,1211202,0.00034930,19.69000000,1
1531217494275,1531217494270,1211203,0.00034920,21.11000000,1
1531217494640,1531217494635,1211204,0.00034920,0.18000000,1
1531217715903,1531217715898,1211205,0.00034950,19.69000000,0
1531217715903,1531217715898,1211206,0.00034990,8.92000000,0
1531217750411,1531217750407,1211207,0.00034870,4.38000000,1
1531217751313,1531217751308,1211208,0.00034870,4.38000000,1
1531217752218,1531217752214,1211209,0.00034870,4.38000000,1
1531217753112,1531217753108,1211210,0.00034870,4.38000000,1
1531217754006,1531217754001,1211211,0.00034870,4.38000000,1
1531217754499,1531217754494,1211212,0.00034870,0.16000000,1
1531217754907,1531217754902,1211213,0.00034870,0.82000000,1
1531217754907,1531217754902,1211214,0.00034830,3.56000000,1
1531217755814,1531217755809,1211215,0.00034830,4.38000000,1
1531217756716,1531217756711,1211216,0.00034830,4.38000000,1
1531217757608,1531217757603,1211217,0.00034830,4.38000000,1
1531217758506,1531217758502,1211218,0.00034830,4.38000000,1
1531217831404,1531217831400,1211219,0.00034840,0.49000000,1
1531217832456,1531217832451,1211220,0.00034820,0.49000000,1
1531217832616,1531217832611,1211221,0.00034820,0.49000000,1
1531217834000,1531217833996,1211222,0.00034820,0.49000000,1
1531217835052,1531217835048,1211223,0.00034820,0.49000000,1
1531217836603,1531217836598,1211224,0.00034820,0.49000000,1
1531217837661,1531217837657,1211225,0.00034820,0.49000000,1
1531217838728,1531217838723,1211226,0.00034820,0.49000000,1
1531217840270,1531217840266,1211227,0.00034820,0.49000000,1
1531217841332,1531217841328,1211228,0.00034820,0.49000000,1
1531217842388,1531217842384,1211229,0.00034820,0.49000000,1
1531218003737,1531218003732,1211230,0.00034940,52.79000000,0
1531218003737,1531218003732,1211231,0.00034960,22.82000000,0
1531218003737,1531218003732,1211232,0.00034970,16.05000000,0
1531218049102,1531218049097,1211233,0.00034950,31.81000000,0
1531218053918,1531218053913,1211234,0.00034960,195.41000000,1
1531218120630,1531218120627,1211235,0.00034960,3.00000000,1
1531218179173,1531218179169,1211236,0.00034960,6.51000000,1
1531218244092,1531218244087,1211237,0.00034910,0.06000000,1
1531218630229,1531218630224,1211238,0.00034950,0.02000000,1
1531218642704,1531218642699,1211239,0.00034950,1.19000000,1
1531218643605,1531218643599,1211240,0.00034950,1.19000000,1
1531218644505,1531218644500,1211241,0.00034950,1.19000000,1
1531218645403,1531218645399,1211242,0.00034950,1.19000000,1
1531218646456,1531218646453,1211243,0.00034950,1.19000000,1
1531218647511,1531218647506,1211244,0.00034950,1.19000000,1
1531218648421,1531218648417,1211245,0.00034950,1.19000000,1
1531218649326,1531218649322,1211246,0.00034950,1.19000000,1
1531218650224,1531218650220,1211247,0.00034950,1.19000000,1
1531218651129,1531218651124,1211248,0.00034950,1.19000000,1
1531218691487,1531218691481,1211249,0.00034960,0.82000000,1
1531218954594,1531218954590,1211250,0.00034900,18.00000000,1
1531218954594,1531218954590,1211251,0.00034890,7.54000000,1
1531218972102,1531218972098,1211252,0.00034890,11.98000000,1
1531218973606,1531218973599,1211253,0.00035020,266.99000000,0
1531218973606,1531218973599,1211254,0.00035030,22.77000000,0
1531218973606,1531218973599,1211255,0.00035090,42.51000000,0
1531219092001,1531219091997,1211256,0.00035070,119.84000000,0
1531219095736,1531219095730,1211257,0.00035070,33.12000000,0
1531219095736,1531219095730,1211258,0.00035080,22.74000000,0
1531219095736,1531219095730,1211259,0.00035130,36.00000000,0
1531219136467,1531219136463,1211260,0.00034920,17.03000000,0
1531219163413,1531219163408,1211261,0.00034990,22.80000000,0
1531219232667,1531219232663,1211262,0.00034990,1.62000000,1
1531219234176,1531219234171,1211263,0.00035140,17.10000000,0
1531219234176,1531219234171,1211264,0.00035230,14.99000000,0
1531219234176,1531219234171,1211265,0.00035250,17.91000000,0
1531219234535,1531219234530,1211266,0.00034990,1.30000000,1
1531219234535,1531219234530,1211267,0.00034950,0.16000000,1
1531219252125,1531219252120,1211268,0.00035230,50.00000000,0
1531219350850,1531219350845,1211269,0.00035080,18.68000000,1
1531219351220,1531219351217,1211270,0.00035070,22.75000000,1
1531219351493,1531219351488,1211271,0.00034950,20.75000000,0
1531219432382,1531219432378,1211272,0.00035010,0.24000000,1
1531219462059,1531219462054,1211273,0.00035150,22.70000000,0
1531219462059,1531219462054,1211274,0.00035220,5.74000000,0
1531219558390,1531219558385,1211275,0.00035200,9.36000000,0
1531219674487,1531219674482,1211276,0.00035200,3.58000000,0
1531219674534,1531219674529,1211277,0.00035200,2.42000000,1
1531219850540,1531219850536,1211278,0.00035210,2.93000000,0
1531219850540,1531219850536,1211279,0.00035250,47.07000000,0
1531220045885,1531220045881,1211280,0.00035250,5.08000000,0
1531220066593,1531220066588,1211281,0.00035250,0.90000000,0
1531220066593,1531220066588,1211282,0.00035260,70.38000000,0
1531220117528,1531220117523,1211283,0.00035260,4.74000000,0
1531220130477,1531220130473,1211284,0.00035260,65.33000000,0
1531220145232,1531220145226,1211285,0.00035260,597.00000000,0
1531220330015,1531220330009,1211286,0.00035260,14.18000000,0
1531220332716,1531220332711,1211287,0.00035120,28.74000000,1
1531220787621,1531220787617,1211288,0.00035120,0.10000000,1
1531221155984,1531221155980,1211289,0.00035200,94.10000000,0
1531221185324,1531221185319,1211290,0.00035200,162.11000000,0
1531221185324,1531221185319,1211291,0.00035250,76.98000000,0
1531221185324,1531221185319,1211292,0.00035270,18.41000000,0
1531221252653,1531221252648,1211293,0.00035270,200.00000000,0
1531221465530,1531221465526,1211294,0.00035280,28.34000000,0
1531221473487,1531221473479,1211295,0.00035280,153.00000000,0
1531221484259,1531221484254,1211296,0.00035280,129.87000000,0
1531221791593,1531221791588,1211297,0.00035190,3.14000000,1
1531221820213,1531221820209,1211298,0.00035190,0.05000000,1
1531222385412,1531222385408,1211299,0.00035200,6.09000000,1
1531222585783,1531222585778,1211300,0.00035280,203.25000000,0
1531222585783,1531222585778,1211301,0.00035290,17.84000000,0
1531222586034,1531222586029,1211302,0.00035290,221.09000000,0
1531222595249,1531222595245,1211303,0.00035290,214.94000000,0
1531222617153,1531222617151,1211304,0.00035200,2.09000000,1
1531222625894,1531222625890,1211305,0.00035290,1457.99000000,0
1531222628468,1531222628463,1211306,0.00035310,44.47000000,0
1531222631134,1531222631131,1211307,0.00035310,44.47000000,0
1531222633721,1531222633717,1211308,0.00035310,4.56000000,0
1531222633721,1531222633717,1211309,0.00035330,39.91000000,0
1531222686723,1531222686718,1211310,0.00035290,143.60000000,1
1531222693864,1531222693860,1211311,0.00035290,65.27000000,1
1531222707799,1531222707796,1211312,0.00035290,1494.89000000,1
1531222710900,1531222710897,1211313,0.00035230,22.64000000,1
1531222713730,1531222713726,1211314,0.00035210,103.28000000,1
1531222716720,1531222716715,1211315,0.00035200,805.49000000,1
1531222719811,1531222719808,1211316,0.00035140,22.70000000,1
1531222724980,1531222724974,1211317,0.00035110,36.00000000,1
1531222743878,1531222743874,1211318,0.00035290,20.14000000,0
1531222751205,1531222751204,1211319,0.00035290,2.47000000,0
1531222751205,1531222751204,1211320,0.00035320,21.28000000,0
1531222802770,1531222802768,1211321,0.00035310,36.00000000,0
1531222802770,1531222802768,1211322,0.00035320,46.05000000,0
1531222802770,1531222802768,1211323,0.00035330,39.95000000,0
1531222806104,1531222806100,1211324,0.00035310,65.62000000,0
1531222814366,1531222814360,1211325,0.00035280,29.38000000,0
1531222814366,1531222814360,1211326,0.00035300,36.00000000,0
1531222814366,1531222814360,1211327,0.00035330,8.56000000,0
1531222816806,1531222816802,1211328,0.00035130,36.00000000,1
1531222819642,1531222819638,1211329,0.00035280,36.00000000,0
1531222819642,1531222819638,1211330,0.00035310,83.44000000,0
1531222819642,1531222819638,1211331,0.00035330,137.26000000,0
1531222822641,1531222822638,1211332,0.00035310,83.44000000,0
1531222822641,1531222822638,1211333,0.00035330,173.26000000,0
1531222825278,1531222825274,1211334,0.00035280,36.00000000,0
1531222825278,1531222825274,1211335,0.00035310,70.17000000,0
1531222825278,1531222825274,1211336,0.00035320,25.00000000,0
1531222825278,1531222825274,1211337,0.00035330,138.78000000,0
1531222826142,1531222826138,1211338,0.00035140,18.87000000,1
1531222828480,1531222828474,1211339,0.00035140,0.02000000,0
1531222828480,1531222828474,1211340,0.00035320,14.06000000,0
1531222828573,1531222828570,1211341,0.00035130,36.00000000,1
1531222835841,1531222835838,1211342,0.00035210,15.34000000,0
1531222848470,1531222848467,1211343,0.00035130,11.82000000,1
1531222869140,1531222869136,1211344,0.00035140,70.94000000,1
1531222874172,1531222874169,1211345,0.00035150,25.20000000,1
1531222898487,1531222898484,1211346,0.00035110,1.33000000,1
1531222932922,1531222932918,1211347,0.00035110,21.39000000,1
1531222932922,1531222932918,1211348,0.00035070,6.81000000,1
1531223158272,1531223158269,1211349,0.00035070,0.59000000,1
1531223158529,1531223158526,1211350,0.00035070,0.01000000,1
1531223159161,1531223159157,1211351,0.00035070,0.59000000,1
1531223160060,1531223160055,1211352,0.00035070,0.59000000,1
1531223160965,1531223160961,1211353,0.00035070,0.59000000,1
1531223161856,1531223161852,1211354,0.00035070,0.59000000,1
1531223162752,1531223162751,1211355,0.00035070,0.59000000,1
1531223163643,1531223163639,1211356,0.00035100,0.59000000,1
1531223164539,1531223164536,1211357,0.00035100,0.59000000,1
1531223165582,1531223165578,1211358,0.00035100,0.59000000,1
1531223166490,1531223166487,1211359,0.00035100,0.59000000,1
1531223176796,1531223176792,1211360,0.00035070,0.28000000,1
1531223183899,1531223183895,1211361,0.00035210,14.12000000,0
1531223183899,1531223183895,1211362,0.00035320,14.28000000,0
1531223194763,1531223194758,1211363,0.00035070,0.50000000,1
1531223430244,1531223430240,1211364,0.00035130,19.26000000,1
1531223430244,1531223430240,1211365,0.00035110,36.00000000,1
1531223430244,1531223430240,1211366,0.00035080,72.62000000,1
1531224087076,1531224087077,1211367,0.00035200,28.40000000,0
1531224089991,1531224089987,1211368,0.00035070,1.87000000,1
1531224090682,1531224090678,1211369,0.00035070,2.50000000,1
1531224091044,1531224091041,1211370,0.00035070,1.58000000,1
1531224173412,1531224173409,1211371,0.00035070,32.91000000,1
1531224173412,1531224173409,1211372,0.00035060,22.75000000,1
1531224173412,1531224173409,1211373,0.00035020,263.60000000,1
1531224472206,1531224472208,1211374,0.00035050,28.55000000,1
1531224472206,1531224472208,1211375,0.00035020,969.40000000,1
1531224472206,1531224472208,1211376,0.00035000,2390.96000000,1
1531224541004,1531224541001,1211377,0.00034880,0.49000000,1
1531224627727,1531224627723,1211378,0.00035000,0.01000000,0
1531224740927,1531224740924,1211379,0.00034880,71.08000000,1
1531224745224,1531224745219,1211380,0.00034790,0.49000000,1
1531224777791,1531224777792,1211381,0.00034920,22.85000000,0
1531224777791,1531224777792,1211382,0.00034940,19.26000000,0
1531224777791,1531224777792,1211383,0.00034980,62.57000000,0
1531224783503,1531224783499,1211384,0.00034810,5.81000000,1
1531224856272,1531224856269,1211385,0.00034960,19.46000000,0
1531224865127,1531224865128,1211386,0.00034960,30.57000000,0
1531224865127,1531224865128,1211387,0.00034980,6.26000000,0
1531224865139,1531224865136,1211388,0.00034980,598.71000000,0
1531224872008,1531224872003,1211389,0.00034980,32.46000000,0
1531224872008,1531224872003,1211390,0.00035000,849.82000000,0
1531224872045,1531224872041,1211391,0.00034810,18.38000000,1
1531224872045,1531224872041,1211392,0.00034800,80.61000000,1
1531224872057,1531224872053,1211393,0.00034800,50.79000000,1
1531224872070,1531224872067,1211394,0.00034800,50.79000000,1
1531224872071,1531224872067,1211395,0.00034800,50.79000000,1
1531224872094,1531224872090,1211396,0.00034800,469.37000000,1
1531224872121,1531224872120,1211397,0.00034800,50.79000000,1
1531224888431,1531224888428,1211398,0.00034970,11.97000000,0
1531224965689,1531224965688,1211399,0.00034970,28.59000000,0
1531225017486,1531225017482,1211400,0.00034970,50.00000000,0
1531225030451,1531225030447,1211401,0.00034970,2.50000000,0
1531225030451,1531225030447,1211402,0.00034980,199.71000000,0
1531225030511,1531225030508,1211403,0.00034820,1.63000000,1
1531225032420,1531225032418,1211404,0.00034980,60.00000000,0
1531225032657,1531225032656,1211405,0.00034830,1.63000000,1
1531225052614,1531225052611,1211406,0.00034980,400.00000000,0
1531225120729,1531225120726,1211407,0.00034850,26.48000000,1
1531225562567,1531225562563,1211408,0.00034990,0.02000000,0
1531225711218,1531225711216,1211409,0.00034990,11.00000000,0
1531225714000,1531225714003,1211410,0.00034990,11.00000000,0
1531225716972,1531225716969,1211411,0.00034990,6.09000000,0
1531225716972,1531225716969,1211412,0.00035000,4.91000000,0
1531225719552,1531225719548,1211413,0.00035000,10.53000000,0
1531225752824,1531225752820,1211414,0.00035000,200.00000000,0
1531225756405,1531225756401,1211415,0.00035000,17.99000000,0
1531225759227,1531225759224,1211416,0.00035000,157.47000000,0
1531225759411,1531225759407,1211417,0.00035000,0.04000000,0
1531225761936,1531225761932,1211418,0.00035000,157.47000000,0
1531225762410,1531225762407,1211419,0.00035000,0.01000000,0
1531225764756,1531225764754,1211420,0.00035000,157.47000000,0
1531225767363,1531225767359,1211421,0.00035000,157.47000000,0
1531225770300,1531225770302,1211422,0.00035000,70.72000000,0
1531225773176,1531225773172,1211423,0.00035000,70.72000000,0
1531225775742,1531225775738,1211424,0.00035000,70.72000000,0
1531225778386,1531225778383,1211425,0.00035000,70.72000000,0
1531225784778,1531225784774,1211426,0.00034990,54.00000000,0
1531225874658,1531225874654,1211427,0.00034990,8.60000000,0
1531225878415,1531225878410,1211428,0.00034990,47.41000000,0
1531225878415,1531225878410,1211429,0.00035000,292.59000000,0
1531225947960,1531225947957,1211430,0.00035000,131.57000000,0
1531225977585,1531225977583,1211431,0.00035000,8.60000000,0
1531226055145,1531226055140,1211432,0.00035000,0.69000000,0
1531226070239,1531226070238,1211433,0.00035000,66.19000000,0
1531226070244,1531226070241,1211434,0.00035000,66.35000000,0
1531226136844,1531226136841,1211435,0.00034990,116.54000000,0
1531226137200,1531226137195,1211436,0.00034990,0.17000000,0
1531226137200,1531226137195,1211437,0.00035000,28.40000000,0
1531226137228,1531226137225,1211438,0.00035000,65.31000000,0
1531226373262,1531226373258,1211439,0.00034900,22.86000000,1
1531226373277,1531226373273,1211440,0.00034900,17.12000000,0
1531226377444,1531226377441,1211441,0.00034890,0.40000000,1
1531226576379,1531226576380,1211442,0.00034990,0.97000000,0
1531226701268,1531226701264,1211443,0.00034990,0.15000000,0
1531227304043,1531227304040,1211444,0.00035030,22.74000000,0
1531227766460,1531227766443,1211445,0.00035080,22.74000000,0
1531227766460,1531227766443,1211446,0.00035190,50.16000000,0
1531227766460,1531227766443,1211447,0.00035200,97.47000000,0
1531228048866,1531228048862,1211448,0.00035180,0.11000000,1
1531228296618,1531228296615,1211449,0.00035220,54.00000000,1
1531228297395,1531228297392,1211450,0.00035220,96.84000000,0
1531228536028,1531228536025,1211451,0.00035210,5.09000000,1
1531228537134,1531228537130,1211452,0.00035190,5.09000000,1
1531228538036,1531228538031,1211453,0.00035190,5.09000000,1
1531228538942,1531228538941,1211454,0.00035190,5.09000000,1
1531228539837,1531228539832,1211455,0.00035190,5.09000000,1
1531228540751,1531228540748,1211456,0.00035190,5.09000000,1
1531228541804,1531228541799,1211457,0.00035190,5.09000000,1
1531228542841,1531228542837,1211458,0.00035190,5.09000000,1
1531228543732,1531228543726,1211459,0.00035190,0.37000000,1
1531228543732,1531228543726,1211460,0.00035180,4.72000000,1
1531228544783,1531228544778,1211461,0.00035180,5.09000000,1
1531228545465,1531228545461,1211462,0.00035180,0.11000000,1
1531228559269,1531228559266,1211463,0.00035180,0.36000000,1
1531228560341,1531228560337,1211464,0.00035180,0.36000000,1
1531228561395,1531228561392,1211465,0.00035180,0.36000000,1
1531228562446,1531228562442,1211466,0.00035180,0.36000000,1
1531228563503,1531228563500,1211467,0.00035180,0.36000000,1
1531228564566,1531228564562,1211468,0.00035180,0.36000000,1
1531228565638,1531228565634,1211469,0.00035180,0.36000000,1
1531228567179,1531228567175,1211470,0.00035180,0.36000000,1
1531228568716,1531228568711,1211471,0.00035180,0.36000000,1
1531228570268,1531228570264,1211472,0.00035180,0.36000000,1
1531228818578,1531228818574,1211473,0.00035180,9.05000000,1
1531229010579,1531229010575,1211474,0.00035180,152.86000000,0
1531229010579,1531229010575,1211475,0.00035220,8.94000000,0
1531229107744,1531229107740,1211476,0.00035220,13.71000000,0
1531229107744,1531229107740,1211477,0.00035310,14.68000000,0
1531229317268,1531229317263,1211478,0.00035300,5.09000000,0
1531229317320,1531229317317,1211479,0.00035330,65.10000000,0
1531229317331,1531229317327,1211480,0.00035330,26.81000000,0
1531229317354,1531229317350,1211481,0.00035330,13.11000000,0
1531229317359,1531229317353,1211482,0.00035330,54.31000000,0
1531229317359,1531229317353,1211483,0.00035340,0.62000000,0
1531229318186,1531229318182,1211484,0.00035330,26.81000000,1
1531229318454,1531229318448,1211485,0.00035330,28.19000000,1
1531229410572,1531229410568,1211486,0.00035210,0.10000000,1
1531229411777,1531229411772,1211487,0.00035180,0.10000000,1
1531229412377,1531229412372,1211488,0.00035180,0.01000000,1
1531229490986,1531229490981,1211489,0.00035320,0.09000000,0
1531229548713,1531229548708,1211490,0.00035190,12.94000000,1
1531229552322,1531229552316,1211491,0.00035180,52.15000000,1
1531229661063,1531229661056,1211492,0.00035210,11.14000000,0
1531229668515,1531229668509,1211493,0.00035210,1.97000000,0
1531229668515,1531229668509,1211494,0.00035220,12.94000000,0
1531229668515,1531229668509,1211495,0.00035270,36.00000000,0
1531229668515,1531229668509,1211496,0.00035300,22.60000000,0
1531229668515,1531229668509,1211497,0.00035340,64.38000000,0
1531229668610,1531229668604,1211498,0.00035350,2.83000000,0
1531229668610,1531229668604,1211499,0.00035360,17.32000000,0
1531229668610,1531229668604,1211500,0.00035380,30.76000000,0
1531229669870,1531229669865,1211501,0.00035340,28.73000000,1
1531229677594,1531229677590,1211502,0.00035380,42.62000000,0
1531229749418,1531229749413,1211503,0.00035380,22.52000000,0
1531229944763,1531229944759,1211504,0.00035290,0.62000000,1
1531230143030,1531230143026,1211505,0.00035380,36.93000000,0
1531230156942,1531230156937,1211506,0.00035390,14.91000000,0
1531230264679,1531230264674,1211507,0.00035390,0.02000000,0
1531230264679,1531230264674,1211508,0.00035410,28.22000000,0
1531230264720,1531230264716,1211509,0.00035410,48.66000000,0
1531230267856,1531230267847,1211510,0.00035300,19.09000000,1
1531230267856,1531230267847,1211511,0.00035290,7.18000000,1
1531230267975,1531230267971,1211512,0.00035290,0.01000000,1
1531230269435,1531230269430,1211513,0.00035290,8.60000000,1
1531230308084,1531230308080,1211514,0.00035400,0.04000000,0
1531230332842,1531230332836,1211515,0.00035400,19.05000000,0
1531230334842,1531230334838,1211516,0.00035410,53.12000000,0
1531230335833,1531230335828,1211517,0.00035420,17.14000000,0
1531230357083,1531230357078,1211518,0.00035400,1.62000000,1
1531230363548,1531230363543,1211519,0.00035490,399.00000000,0
1531230363548,1531230363543,1211520,0.00035500,69.93000000,0
1531230363548,1531230363543,1211521,0.00035540,939.47000000,0
1531230431877,1531230431874,1211522,0.00035440,1.62000000,1
1531230688691,1531230688687,1211523,0.00035450,10.18000000,1
1531230689817,1531230689813,1211524,0.00035450,22.85000000,1
1531230804118,1531230804114,1211525,0.00035440,77.38000000,1
1531230860463,1531230860459,1211526,0.00035450,1.60000000,1
1531230977404,1531230977401,1211527,0.00035540,109.42000000,0
1531230997212,1531230997207,1211528,0.00035540,0.10000000,0
1531230997212,1531230997207,1211529,0.00035580,0.61000000,0
1531231543592,1531231543588,1211530,0.00035550,3.43000000,1
1531231545658,1531231545653,1211531,0.00035580,598.76000000,0
1531231706539,1531231706533,1211532,0.00035550,5.39000000,1
1531231920633,1531231920629,1211533,0.00035550,0.06000000,1
1531231922062,1531231922057,1211534,0.00035580,28.10000000,0
1531232049275,1531232049271,1211535,0.00035550,10.80000000,1
1531232050266,1531232050262,1211536,0.00035550,10.80000000,1
1531232176089,1531232176085,1211537,0.00035560,1.61000000,1
1531232231350,1531232231345,1211538,0.00035580,38.76000000,0
1531232231350,1531232231345,1211539,0.00035610,15.72000000,0
1531232231350,1531232231345,1211540,0.00035690,240.47000000,0
1531232377005,1531232377001,1211541,0.00035690,461.34000000,0
1531232377005,1531232377001,1211542,0.00035700,96.31000000,0
1531232377015,1531232377010,1211543,0.00035700,41.24000000,0
1531232377030,1531232377025,1211544,0.00035780,4.19000000,0
1531232378881,1531232378877,1211545,0.00035700,1.00000000,1
1531232380157,1531232380148,1211546,0.00035710,19.13000000,1
1531232380157,1531232380148,1211547,0.00035700,22.11000000,1
1531232380352,1531232380347,1211548,0.00035570,23.10000000,1
1531232380459,1531232380457,1211549,0.00035570,0.01000000,1
1531232390064,1531232390058,1211550,0.00035630,5.67000000,1
1531232500794,1531232500789,1211551,0.00035710,26.23000000,1
1531232508128,1531232508123,1211552,0.00035760,19.13000000,0
1531232508128,1531232508123,1211553,0.00035790,5.67000000,0
1531232509052,1531232509048,1211554,0.00035790,75.20000000,1
1531232587702,1531232587698,1211555,0.00035730,0.11000000,1
1531232587945,1531232587941,1211556,0.00035730,20.96000000,1
1531232657816,1531232657811,1211557,0.00035810,27.92000000,0
1531232662681,1531232662677,1211558,0.00035670,1.76000000,1
1531232725653,1531232725649,1211559,0.00035810,18.48000000,0
1531232776661,1531232776658,1211560,0.00035810,4.98000000,0
1531232778012,1531232778008,1211561,0.00035810,9.94000000,0
1531232838895,1531232838891,1211562,0.00035810,3.80000000,0
1531232839040,1531232839036,1211563,0.00035810,8.15000000,0
1531232875255,1531232875251,1211564,0.00035810,11.74000000,0
1531232887680,1531232887676,1211565,0.00035810,7.26000000,0
1531232900128,1531232900123,1211566,0.00035810,5.67000000,0
1531232926480,1531232926478,1211567,0.00035810,8.76000000,0
1531232933099,1531232933094,1211568,0.00035810,10.91000000,0
1531232976823,1531232976819,1211569,0.00035810,4.18000000,0
1531233047133,1531233047129,1211570,0.00035810,122.46000000,0
1531233058801,1531233058796,1211571,0.00035810,186.38000000,0
1531233072975,1531233072970,1211572,0.00035740,0.40000000,1
1531233076452,1531233076448,1211573,0.00035810,49.57000000,0
1531233243321,1531233243317,1211574,0.00035810,9.82000000,0
1531233256639,1531233256635,1211575,0.00035810,8.33000000,0
1531233260351,1531233260347,1211576,0.00035690,8.60000000,1
1531233263908,1531233263903,1211577,0.00035750,6.12000000,1
1531233320000,1531233319996,1211578,0.00035750,9.36000000,1
1531233359859,1531233359855,1211579,0.00035800,2.87000000,0
1531233363121,1531233363118,1211580,0.00035750,9.10000000,1
1531233400068,1531233400063,1211581,0.00035750,10.78000000,1
1531233457602,1531233457597,1211582,0.00035690,10.02000000,1
1531233457602,1531233457597,1211583,0.00035680,8.27000000,1
1531233457602,1531233457597,1211584,0.00035670,10.33000000,1
1531233476018,1531233476015,1211585,0.00035800,5.73000000,0
1531233476018,1531233476015,1211586,0.00035810,6.26000000,0
1531233610317,1531233610315,1211587,0.00035670,3.02000000,1
1531233772495,1531233772491,1211588,0.00035680,0.28000000,1
1531233774040,1531233774035,1211589,0.00035670,0.28000000,1
1531233960599,1531233960598,1211590,0.00035810,53.04000000,0
1531233962043,1531233962040,1211591,0.00035810,20.46000000,1
1531233977504,1531233977500,1211592,0.00035840,37.57000000,0
1531233978183,1531233978180,1211593,0.00035840,481.50000000,1
1531234089956,1531234089953,1211594,0.00035850,15.02000000,1
1531234364838,1531234364834,1211595,0.00035850,22.49000000,0
1531234832138,1531234832139,1211596,0.00035750,5.97000000,1
1531234832355,1531234832353,1211597,0.00035750,5.97000000,1
1531234871293,1531234871290,1211598,0.00035750,7.05000000,1
1531234906398,1531234906395,1211599,0.00035850,15.41000000,0
1531234996116,1531234996113,1211600,0.00035850,16.96000000,0
1531234996116,1531234996113,1211601,0.00035860,4.18000000,0
1531234996116,1531234996113,1211602,0.00035870,581.86000000,0
1531234996151,1531234996149,1211603,0.00035870,132.14000000,0
1531234996151,1531234996149,1211604,0.00035900,127.70000000,0
1531234996151,1531234996149,1211605,0.00035920,15.45000000,0
1531234996151,1531234996149,1211606,0.00035930,76.98000000,0
1531235026649,1531235026648,1211607,0.00035930,22.75000000,0
1531235026657,1531235026655,1211608,0.00035930,14.75000000,0
1531235026676,1531235026675,1211609,0.00035930,22.75000000,0
1531235026689,1531235026686,1211610,0.00035930,8.86000000,0
1531235026699,1531235026696,1211611,0.00036020,22.77000000,0
1531235026708,1531235026706,1211612,0.00035760,19.86000000,1
1531235026708,1531235026706,1211613,0.00035750,2.89000000,1
1531235087570,1531235087568,1211614,0.00035830,3.87000000,1
1531235317868,1531235317866,1211615,0.00035870,0.17000000,1
1531235556806,1531235556806,1211616,0.00035990,19.86000000,0
1531235566254,1531235566252,1211617,0.00036030,1.59000000,1
1531235572207,1531235572206,1211618,0.00036040,2.78000000,0
1531235581511,1531235581510,1211619,0.00036080,8.86000000,1
1531235581522,1531235581521,1211620,0.00036080,18.95000000,1
1531235582224,1531235582207,1211621,0.00036080,2.11000000,1
1531235595217,1531235595217,1211622,0.00036110,2.11000000,1
1531235776990,1531235776989,1211623,0.00036140,14.18000000,1
1531235900710,1531235900712,1211624,0.00036170,1.56000000,1
1531235900725,1531235900724,1211625,0.00036170,2.47000000,1
1531235900752,1531235900752,1211626,0.00036170,1.85000000,1
1531235941166,1531235941169,1211627,0.00036180,200.00000000,1
1531235942197,1531235942196,1211628,0.00036160,317.38000000,1
1531236082345,1531236082349,1211629,0.00036140,60.25000000,1
1531236120346,1531236120346,1211630,0.00036140,15.02000000,1
1531236134772,1531236134771,1211631,0.00036070,18.36000000,1
1531236134772,1531236134771,1211632,0.00036060,20.88000000,1
1531236134772,1531236134771,1211633,0.00036050,48.43000000,1
1531236134772,1531236134771,1211634,0.00036030,36.00000000,1
1531236134772,1531236134771,1211635,0.00036010,36.00000000,1
1531236134772,1531236134771,1211636,0.00035980,66.68000000,1
1531236134772,1531236134771,1211637,0.00035970,31.49000000,1
1531236134772,1531236134771,1211638,0.00035950,13.03000000,1
1531236230261,1531236230260,1211639,0.00035990,0.04000000,1
1531236243842,1531236243842,1211640,0.00036040,18.36000000,0
1531236243842,1531236243842,1211641,0.00036070,2.87000000,0
1531236243842,1531236243842,1211642,0.00036110,6.51000000,0
1531236567688,1531236567689,1211643,0.00036030,24.35000000,1
1531236703804,1531236703804,1211644,0.00036100,0.10000000,0
1531237440846,1531237440845,1211645,0.00036070,0.85000000,0
1531237450108,1531237450109,1211646,0.00036030,1.30000000,1
1531237474996,1531237474997,1211647,0.00036030,52.42000000,1
1531237515761,1531237515761,1211648,0.00036110,7.20000000,0
1531237558912,1531237558911,1211649,0.00036110,11.22000000,0
1531237616159,1531237616158,1211650,0.00036110,0.09000000,0
1531237857672,1531237857672,1211651,0.00036140,10.00000000,0
1531238009660,1531238009657,1211652,0.00036140,9.27000000,0
1531238009660,1531238009657,1211653,0.00036170,9.68000000,0
1531238187055,1531238187052,1211654,0.00036180,8.72000000,0
1531238591005,1531238591004,1211655,0.00036130,0.01000000,1
1531238789588,1531238789584,1211656,0.00036120,0.08000000,1
1531238870590,1531238870588,1211657,0.00036180,22.76000000,0
1531238870635,1531238870635,1211658,0.00036150,22.76000000,1
1531238881112,1531238881111,1211659,0.00036170,4.04000000,1
1531239250891,1531239250887,1211660,0.00036180,0.01000000,0
1531239250891,1531239250887,1211661,0.00036190,14.00000000,0
1531239250891,1531239250887,1211662,0.00036240,13.62000000,0
1531239384729,1531239384725,1211663,0.00036220,2.10000000,1
1531239510561,1531239510557,1211664,0.00036250,15.83000000,0
1531239722442,1531239722438,1211665,0.00036350,4.25000000,0
1531239853625,1531239853620,1211666,0.00036320,0.07000000,1
1531240169492,1531240169488,1211667,0.00036330,46.15000000,1
1531240364274,1531240364270,1211668,0.00036350,0.02000000,0
1531240364274,1531240364270,1211669,0.00036390,18.95000000,0
1531240372082,1531240372078,1211670,0.00036400,25.45000000,0
1531240495447,1531240495442,1211671,0.00036400,23.41000000,0
1531240567505,1531240567498,1211672,0.00036390,2.75000000,1
1531240567505,1531240567498,1211673,0.00036290,13.80000000,1
1531240778805,1531240778800,1211674,0.00036330,1.58000000,1
1531241054145,1531241054138,1211675,0.00036290,0.10000000,1
1531241398506,1531241398500,1211676,0.00036280,0.06000000,1
1531241538329,1531241538322,1211677,0.00036400,9.76000000,0
1531241538346,1531241538341,1211678,0.00036410,11.63000000,0
1531241538350,1531241538345,1211679,0.00036410,347.85000000,0
1531241910668,1531241910661,1211680,0.00036410,27.46000000,0
1531242034067,1531242034061,1211681,0.00036410,201.00000000,0
1531242034086,1531242034081,1211682,0.00036410,111.72000000,0
1531242037167,1531242037162,1211683,0.00036320,24.90000000,1
1531242037167,1531242037162,1211684,0.00036280,58.86000000,1
1531242037167,1531242037162,1211685,0.00036270,15.04000000,1
1531242037548,1531242037546,1211686,0.00036270,0.01000000,1
1531242126963,1531242126955,1211687,0.00036410,0.14000000,0
1531242126963,1531242126955,1211688,0.00036440,7.44000000,0
1531242472053,1531242472049,1211689,0.00036520,0.25000000,1
1531242679653,1531242679648,1211690,0.00036520,121.72000000,1
1531243070017,1531243070015,1211691,0.00036410,2.57000000,1
1531243072175,1531243072169,1211692,0.00036470,2.57000000,1
1531243135621,1531243135616,1211693,0.00036420,2.02000000,1
1531243139755,1531243139752,1211694,0.00036430,2.02000000,1
1531243141022,1531243141020,1211695,0.00036400,2.02000000,1
1531243262933,1531243262932,1211696,0.00036330,20.75000000,1
1531243262933,1531243262932,1211697,0.00036300,7.65000000,1
1531243263193,1531243263187,1211698,0.00036300,28.35000000,1
1531243263193,1531243263187,1211699,0.00036260,0.04000000,1
1531243268575,1531243268570,1211700,0.00036250,28.40000000,1
1531243269486,1531243269482,1211701,0.00036250,28.44000000,1
1531243269925,1531243269919,1211702,0.00036250,21.75000000,1
1531243269925,1531243269919,1211703,0.00036240,6.95000000,1
1531243270185,1531243270178,1211704,0.00036240,13.85000000,1
1531243270185,1531243270178,1211705,0.00036210,14.25000000,1
1531243277912,1531243277908,1211706,0.00036210,28.59000000,1
1531243277935,1531243277934,1211707,0.00036420,27.45000000,0
1531243278240,1531243278233,1211708,0.00036210,7.41000000,1
1531243278240,1531243278233,1211709,0.00036170,2.77000000,1
1531243278240,1531243278233,1211710,0.00036130,11.08000000,1
1531243278240,1531243278233,1211711,0.00036080,7.35000000,1
1531243279354,1531243279350,1211712,0.00036420,0.08000000,0
1531243285020,1531243285016,1211713,0.00036130,7.54000000,1
1531243285020,1531243285016,1211714,0.00036120,10.80000000,1
1531243285020,1531243285016,1211715,0.00036100,10.28000000,1
1531243286010,1531243286004,1211716,0.00036100,28.80000000,1
1531243286707,1531243286706,1211717,0.00036100,28.34000000,1
1531244001032,1531244001024,1211718,0.00036020,5.66000000,1
1531244017431,1531244017422,1211719,0.00036020,18.48000000,1
1531244021132,1531244021126,1211720,0.00036020,8.75000000,1
1531244030067,1531244030060,1211721,0.00036020,8.14000000,1
1531244036099,1531244036093,1211722,0.00036020,10.89000000,1
1531244049212,1531244049201,1211723,0.00036020,10.44000000,1
1531244070218,1531244070211,1211724,0.00036020,9.93000000,1
1531244116643,1531244116636,1211725,0.00036020,6.11000000,1
1531244159905,1531244159899,1211726,0.00036020,2.86000000,1
1531244188520,1531244188513,1211727,0.00036020,9.09000000,1
1531244214902,1531244214895,1211728,0.00036020,3.80000000,1
1531244315369,1531244315364,1211729,0.00036020,9.35000000,1
1531244360941,1531244360933,1211730,0.00036020,122.33000000,1
1531244361194,1531244361187,1211731,0.00036020,10.78000000,1
1531244411925,1531244411919,1211732,0.00036020,15.39000000,1
1531244675333,1531244675326,1211733,0.00036020,4.17000000,1
1531244701658,1531244701649,1211734,0.00036020,3.77000000,1
1531244713950,1531244713941,1211735,0.00036030,0.19000000,0
1531244777145,1531244777134,1211736,0.00036130,115.13000000,0
1531244777145,1531244777134,1211737,0.00036150,38.77000000,0
1531244777145,1531244777134,1211738,0.00036160,20.85000000,0
1531244777145,1531244777134,1211739,0.00036230,36.00000000,0
1531244777145,1531244777134,1211740,0.00036250,44.21000000,0
1531244777145,1531244777134,1211741,0.00036380,85.48000000,0
1531244777145,1531244777134,1211742,0.00036390,58.86000000,0
1531244777145,1531244777134,1211743,0.00036550,11.00000000,0
1531244777145,1531244777134,1211744,0.00036570,5.00000000,0
1531244777145,1531244777134,1211745,0.00036730,2.73000000,0
1531244777145,1531244777134,1211746,0.00036760,300.63000000,0
1531244777145,1531244777134,1211747,0.00036770,429.87000000,0
1531244777145,1531244777134,1211748,0.00036780,899.00000000,0
1531244777145,1531244777134,1211749,0.00036880,151.07000000,0
1531244777145,1531244777134,1211750,0.00036940,94.31000000,0
1531244777145,1531244777134,1211751,0.00036950,565.24000000,0
1531244778913,1531244778905,1211752,0.00036180,0.12000000,1
1531244781194,1531244781184,1211753,0.00036230,0.12000000,1
1531244791478,1531244791471,1211754,0.00036320,3.77000000,0
1531244797475,1531244797466,1211755,0.00036320,20.00000000,0
1531244798257,1531244798247,1211756,0.00036320,38.75000000,0
1531244832060,1531244832048,1211757,0.00036430,3.77000000,0
1531244832060,1531244832048,1211758,0.00036520,15.72000000,0
1531244879230,1531244879225,1211759,0.00036400,2.29000000,1
1531244880588,1531244880579,1211760,0.00036360,2.29000000,1
1531244883477,1531244883474,1211761,0.00036380,0.17000000,1
1531244992860,1531244992851,1211762,0.00036520,202.00000000,1
1531244992860,1531244992851,1211763,0.00036510,65.80000000,1
1531244992860,1531244992851,1211764,0.00036500,10.74000000,1
1531244998779,1531244998772,1211765,0.00036700,4.87000000,0
1531245129436,1531245129425,1211766,0.00036470,11.20000000,1
1531245185286,1531245185279,1211767,0.00036460,0.15000000,1
1531245262277,1531245262269,1211768,0.00036370,24.00000000,1
1531245365944,1531245365934,1211769,0.00036370,11.97000000,1
1531245641935,1531245641929,1211770,0.00036370,2.77000000,1
1531245641997,1531245641989,1211771,0.00036370,5.55000000,0
1531246048980,1531246048971,1211772,0.00036330,23.51000000,1
1531246048980,1531246048971,1211773,0.00036220,36.00000000,1
1531246048980,1531246048971,1211774,0.00036150,22.36000000,1
1531246048980,1531246048971,1211775,0.00036120,25.47000000,1
1531246048980,1531246048971,1211776,0.00036070,4.92000000,1
1531246048980,1531246048971,1211777,0.00036060,150.99000000,1
1531246048980,1531246048971,1211778,0.00036030,41.57000000,1
1531246048980,1531246048971,1211779,0.00036020,60.37000000,1
1531246049649,1531246049641,1211780,0.00036220,150.99000000,0
1531246087695,1531246087688,1211781,0.00036270,27.57000000,0
1531246088690,1531246088682,1211782,0.00036270,27.57000000,0
1531246088711,1531246088705,1211783,0.00036270,153.06000000,0
1531246105310,1531246105302,1211784,0.00036270,0.13000000,0
1531246169797,1531246169792,1211785,0.00036280,26.51000000,0
1531246172911,1531246172903,1211786,0.00036160,25.19000000,1
1531246203591,1531246203586,1211787,0.00036300,0.08000000,0
1531246296624,1531246296617,1211788,0.00036300,51.30000000,0
1531246326165,1531246326158,1211789,0.00036330,11.04000000,0
1531246353434,1531246353425,1211790,0.00036330,7.20000000,1
1531246510344,1531246510339,1211791,0.00036340,11.32000000,0
1531246566468,1531246566461,1211792,0.00036230,4.97000000,1
1531246597141,1531246597140,1211793,0.00036240,0.39000000,1
1531246598352,1531246598344,1211794,0.00036240,0.39000000,1
1531246635196,1531246635188,1211795,0.00036370,3.31000000,0
1531246978859,1531246978856,1211796,0.00036470,20.97000000,0
1531246981773,1531246981768,1211797,0.00036330,0.05000000,1
1531246996080,1531246996073,1211798,0.00036330,142.77000000,1
1531246996080,1531246996073,1211799,0.00036310,20.76000000,1
1531246996080,1531246996073,1211800,0.00036220,73.84000000,1
1531246996080,1531246996073,1211801,0.00036140,398.34000000,1
1531247265679,1531247265674,1211802,0.00036330,11.32000000,0
1531247901048,1531247901042,1211803,0.00036270,1.17000000,1
1531247963610,1531247963615,1211804,0.00036330,148.18000000,0
1531247980576,1531247980574,1211805,0.00036270,1.59000000,1
1531247980594,1531247980587,1211806,0.00036270,10.13000000,0
1531247982730,1531247982725,1211807,0.00036340,2.76000000,0
1531248016907,1531248016902,1211808,0.00036470,1.19000000,0
1531248016907,1531248016902,1211809,0.00036510,6.81000000,0
1531248228342,1531248228334,1211810,0.00036510,0.03000000,0
1531248420572,1531248420565,1211811,0.00036370,5.62000000,1
1531248420927,1531248420920,1211812,0.00036370,11.64000000,1
1531248591560,1531248591556,1211813,0.00036440,0.05000000,0
1531249194153,1531249194151,1211814,0.00036440,0.02000000,0
1531250662595,1531250662599,1211815,0.00036440,0.02000000,0
1531251347511,1531251347503,1211816,0.00036440,20.60000000,0
1531251347511,1531251347503,1211817,0.00036510,2.73000000,0
1531251347511,1531251347503,1211818,0.00036660,4.11000000,0
1531251403258,1531251403252,1211819,0.00036360,0.83000000,1
1531251889427,1531251889422,1211820,0.00036530,17.26000000,0
1531251904877,1531251904868,1211821,0.00036470,0.07000000,1
1531252088552,1531252088544,1211822,0.00036510,176.11000000,1
1531252203742,1531252203737,1211823,0.00036470,0.13000000,1
1531252701869,1531252701864,1211824,0.00036480,7.25000000,1
1531253078816,1531253078806,1211825,0.00036470,5.30000000,1
1531253082825,1531253082817,1211826,0.00036340,1.95000000,1
1531253089142,1531253089132,1211827,0.00036330,9.99000000,1
1531253218286,1531253218277,1211828,0.00036550,34.00000000,0
1531253218292,1531253218283,1211829,0.00036550,22.63000000,0
1531253224553,1531253224543,1211830,0.00036550,11.00000000,1
1531253225139,1531253225130,1211831,0.00036550,16.02000000,1
1531253267860,1531253267861,1211832,0.00036420,3.98000000,1
1531253615564,1531253615556,1211833,0.00036450,14.00000000,1
1531253644740,1531253644732,1211834,0.00036460,12.00000000,1
1531253645516,1531253645509,1211835,0.00036460,20.40000000,1
1531253687870,1531253687860,1211836,0.00036340,17.60000000,1
1531254737876,1531254737870,1211837,0.00036360,0.08000000,1
1531254860388,1531254860383,1211838,0.00036330,25.12000000,1
1531255042254,1531255042250,1211839,0.00036480,0.53000000,0
1531255150772,1531255150768,1211840,0.00036360,96.83000000,1
1531255150772,1531255150768,1211841,0.00036340,2.76000000,1
1531255150772,1531255150768,1211842,0.00036320,20.76000000,1
1531255150772,1531255150768,1211843,0.00036290,2.76000000,1
1531255150772,1531255150768,1211844,0.00036240,2.76000000,1
1531255150772,1531255150768,1211845,0.00036170,47.31000000,1
1531255150772,1531255150768,1211846,0.00036160,11.04000000,1
1531255150772,1531255150768,1211847,0.00036140,12.43000000,1
1531255150772,1531255150768,1211848,0.00036110,5.54000000,1
1531255150772,1531255150768,1211849,0.00036080,240.08000000,1
1531255150772,1531255150768,1211850,0.00036070,111.23000000,1
1531255150772,1531255150768,1211851,0.00036020,521.96000000,1
1531255150787,1531255150781,1211852,0.00036020,144.93000000,0
1531255154876,1531255154872,1211853,0.00036240,2.76000000,0
1531255155300,1531255155293,1211854,0.00036030,708.21000000,1
1531255155300,1531255155293,1211855,0.00036010,84.35000000,1
1531255155300,1531255155293,1211856,0.00036000,762.95000000,1
1531255155311,1531255155306,1211857,0.00036000,178.84000000,0
1531255168270,1531255168265,1211858,0.00036170,0.43000000,0
1531255271750,1531255271748,1211859,0.00035990,22.90000000,1
1531255272353,1531255272350,1211860,0.00035990,34.99000000,1
1531255419342,1531255419342,1211861,0.00036110,0.21000000,0
1531255821291,1531255821290,1211862,0.00036040,0.13000000,0
1531255832220,1531255832217,1211863,0.00036040,175.98000000,0
1531255832315,1531255832321,1211864,0.00036040,13.79000000,1
1531256410211,1531256410210,1211865,0.00036040,7.58000000,1
1531256928845,1531256928848,1211866,0.00036150,0.14000000,0
1531257036043,1531257036048,1211867,0.00036150,0.18000000,0
1531257915280,1531257915278,1211868,0.00036140,0.07000000,0
1531258283411,1531258283410,1211869,0.00036140,0.04000000,0
1531258299472,1531258299472,1211870,0.00036020,5.00000000,0
1531258299477,1531258299473,1211871,0.00036020,6.04000000,0
1531258308268,1531258308270,1211872,0.00035950,11.31000000,1
1531258720689,1531258720684,1211873,0.00035980,3.37000000,0
1531258723724,1531258723720,1211874,0.00035980,0.01000000,0
1531258784871,1531258784865,1211875,0.00035980,4.17000000,0
1531258892302,1531258892296,1211876,0.00035950,0.43000000,1
1531259061349,1531259061345,1211877,0.00035980,0.04000000,0
1531259172049,1531259172046,1211878,0.00035950,55.11000000,1
1531259439176,1531259439171,1211879,0.00035980,4.84000000,0
1531260192605,1531260192602,1211880,0.00036060,7.17000000,0
1531260527734,1531260527727,1211881,0.00036120,0.04000000,0
1531260682927,1531260682918,1211882,0.00036110,7.15000000,0
1531261515353,1531261515348,1211883,0.00036010,0.02000000,0
1531261598909,1531261598904,1211884,0.00036010,0.01000000,0
1531261643915,1531261643908,1211885,0.00036010,7.18000000,0
1531262258866,1531262258865,1211886,0.00036000,36.00000000,0
1531262259187,1531262259184,1211887,0.00036010,18.63000000,1
1531262265477,1531262265475,1211888,0.00036010,1.11000000,1
1531262497315,1531262497314,1211889,0.00036100,5.82000000,0
1531262579911,1531262579910,1211890,0.00036010,5.82000000,1
1531262642422,1531262642422,1211891,0.00036010,0.01000000,1
1531262700859,1531262700859,1211892,0.00036010,0.07000000,1
1531262744315,1531262744315,1211893,0.00036070,46.92000000,0
1531262811894,1531262811889,1211894,0.00036070,5.82000000,0
1531262888871,1531262888870,1211895,0.00035980,2.78000000,1
1531262888871,1531262888870,1211896,0.00035930,2.79000000,1
1531262888871,1531262888870,1211897,0.00035890,0.25000000,1
1531262928388,1531262928388,1211898,0.00035900,18.00000000,1
1531263006261,1531263006263,1211899,0.00035920,0.07000000,1
1531263434085,1531263434081,1211900,0.00035930,7.99000000,1
1531263793603,1531263793603,1211901,0.00036000,18.00000000,0
1531263856602,1531263856602,1211902,0.00036000,25.43000000,1
1531263918785,1531263918786,1211903,0.00035930,24.08000000,1
1531263965052,1531263965053,1211904,0.00036000,0.01000000,0
1531264005038,1531264005037,1211905,0.00035990,0.01000000,0
1531264121245,1531264121244,1211906,0.00035910,167.13000000,1
1531264277061,1531264277062,1211907,0.00035930,27.35000000,1
1531264440778,1531264440777,1211908,0.00035930,0.02000000,1
1531264595312,1531264595312,1211909,0.00035930,4.71000000,1
1531264723638,1531264723637,1211910,0.00035930,2.87000000,0
1531264723638,1531264723637,1211911,0.00036010,18.00000000,0
1531264723638,1531264723637,1211912,0.00036050,10.06000000,0
1531264724995,1531264724994,1211913,0.00036050,30.93000000,0
1531264727213,1531264727212,1211914,0.00036050,5.07000000,0
1531264727213,1531264727212,1211915,0.00036060,25.86000000,0
1531264728770,1531264728768,1211916,0.00036060,30.93000000,0
1531264730012,1531264730012,1211917,0.00036060,30.93000000,0
1531264731594,1531264731593,1211918,0.00036060,30.93000000,0
1531264733033,1531264733031,1211919,0.00036060,30.93000000,0
1531264761481,1531264761480,1211920,0.00036050,0.06000000,0
1531264825585,1531264825584,1211921,0.00035950,0.05000000,1
1531264842938,1531264842938,1211922,0.00035950,0.03000000,1
1531264884288,1531264884287,1211923,0.00036040,0.07000000,0
1531264910974,1531264910973,1211924,0.00036030,20.00000000,0
1531264942646,1531264942646,1211925,0.00035950,0.07000000,1
1531264985457,1531264985456,1211926,0.00036060,55.00000000,0
1531264989917,1531264989916,1211927,0.00036060,35.22000000,0
1531265003551,1531265003551,1211928,0.00036050,0.06000000,0
1531265010076,1531265010074,1211929,0.00036050,54.37000000,0
1531265013850,1531265013849,1211930,0.00036040,45.77000000,0
1531265013850,1531265013849,1211931,0.00036070,8.60000000,0
1531265014055,1531265014055,1211932,0.00035960,0.05000000,1
1531265042160,1531265042158,1211933,0.00036070,5.71000000,0
1531265062661,1531265062660,1211934,0.00035950,0.06000000,1
1531265121731,1531265121709,1211935,0.00036070,0.08000000,0
1531265182073,1531265182072,1211936,0.00035950,0.08000000,1
1531265246228,1531265246226,1211937,0.00036070,0.08000000,0
1531265302419,1531265302418,1211938,0.00035960,0.08000000,1
1531265362550,1531265362549,1211939,0.00036070,0.08000000,0
1531265419868,1531265419867,1211940,0.00035950,0.08000000,1
1531265817691,1531265817690,1211941,0.00035940,2.20000000,1
1531266180712,1531266180711,1211942,0.00035940,0.07000000,1
1531266485731,1531266485728,1211943,0.00036000,27.77000000,0
1531266663762,1531266663762,1211944,0.00035950,0.20000000,1
1531266734594,1531266734594,1211945,0.00035990,3.00000000,0
1531267112263,1531267112264,1211946,0.00035990,3.00000000,0
1531267312821,1531267312821,1211947,0.00036010,10.65000000,0
1531267312821,1531267312821,1211948,0.00036070,6.35000000,0
1531267312821,1531267312821,1211949,0.00036100,10.77000000,0
1531267431226,1531267431228,1211950,0.00035960,150.00000000,1
1531267443976,1531267443978,1211951,0.00035960,120.58000000,1
1531267469815,1531267469816,1211952,0.00036100,0.09000000,0
1531267554730,1531267554728,1211953,0.00036000,0.21000000,1
1531267615570,1531267615572,1211954,0.00036000,3.65000000,1
1531267863055,1531267863057,1211955,0.00036100,27.70000000,0
1531268071449,1531268071450,1211956,0.00036000,49.14000000,1
1531268071449,1531268071450,1211957,0.00035990,32.40000000,1
1531268071449,1531268071450,1211958,0.00035980,18.46000000,1
1531268097167,1531268097169,1211959,0.00035980,13.80000000,1
1531268097167,1531268097169,1211960,0.00035950,36.00000000,1
1531268097167,1531268097169,1211961,0.00035940,1.00000000,1
1531268224287,1531268224289,1211962,0.00036090,27.70000000,0
1531268698466,1531268698470,1211963,0.00036060,0.01000000,0
1531268727060,1531268727063,1211964,0.00035940,0.02000000,1
1531268770118,1531268770119,1211965,0.00035940,8.71000000,1
1531268977295,1531268977297,1211966,0.00036060,8.00000000,0
1531269735921,1531269735923,1211967,0.00036040,0.55000000,0
1531269738952,1531269738950,1211968,0.00036040,0.01000000,0
1531269864056,1531269864058,1211969,0.00036040,0.08000000,0
1531270237746,1531270237749,1211970,0.00036040,9.54000000,0
1531270257995,1531270257998,1211971,0.00036040,0.09000000,0
1531270293784,1531270293786,1211972,0.00036040,2.50000000,0
1531270655414,1531270655413,1211973,0.00035990,0.01000000,1
1531270668513,1531270668516,1211974,0.00036080,3.55000000,0
1531270668534,1531270668536,1211975,0.00036080,16.45000000,0
1531270852184,1531270852184,1211976,0.00036090,2.77000000,0
1531271257635,1531271257636,1211977,0.00036090,0.11000000,0
1531271820349,1531271820346,1211978,0.00036090,9.89000000,0
1531271820349,1531271820346,1211979,0.00036100,88.36000000,0
1531271820391,1531271820387,1211980,0.00036100,19.32000000,0
1531271820398,1531271820393,1211981,0.00036100,4.59000000,0
1531272392391,1531272392388,1211982,0.00036100,27.70000000,0
1531272456365,1531272456361,1211983,0.00036000,0.03000000,1
1531273252969,1531273252965,1211984,0.00036000,28.77000000,1
1531273253519,1531273253512,1211985,0.00036000,234.41000000,0
1531273319713,1531273319708,1211986,0.00036000,1.38000000,1
1531273351141,1531273351134,1211987,0.00036100,66.20000000,0
1531273351141,1531273351134,1211988,0.00036130,20.87000000,0
1531273351141,1531273351134,1211989,0.00036150,142.93000000,0
1531273353324,1531273353318,1211990,0.00036150,8.96000000,0
1531273353354,1531273353350,1211991,0.00036150,19.32000000,1
1531273358507,1531273358502,1211992,0.00036170,16.20000000,0
1531273455516,1531273455511,1211993,0.00036110,0.16000000,1
1531273466138,1531273466134,1211994,0.00036100,4.17000000,1
1531273678888,1531273678879,1211995,0.00036130,19.40000000,1
1531273678888,1531273678879,1211996,0.00036120,36.00000000,1
1531273678888,1531273678879,1211997,0.00036050,20.91000000,1
1531273678888,1531273678879,1211998,0.00036010,190.82000000,1
1531273678888,1531273678879,1211999,0.00036000,330.91000000,1
1531273873499,1531273873494,1212000,0.00036020,0.03000000,1
1531274087981,1531274087973,1212001,0.00036020,149.97000000,1
1531274087981,1531274087973,1212002,0.00036010,36.00000000,1
1531274087981,1531274087973,1212003,0.00035990,20.95000000,1
1531274087981,1531274087973,1212004,0.00035980,2.78000000,1
1531274088001,1531274087996,1212005,0.00035980,32.04000000,0
1531274100538,1531274100533,1212006,0.00035990,32.04000000,1
1531274135558,1531274135554,1212007,0.00035990,3.00000000,1
1531274212214,1531274212206,1212008,0.00035960,3.00000000,1
1531274265081,1531274265074,1212009,0.00035960,0.04000000,1
1531274269149,1531274269142,1212010,0.00035960,3.00000000,1
1531274277438,1531274277430,1212011,0.00035960,3.00000000,1
1531274284340,1531274284336,1212012,0.00035960,3.00000000,1
1531274291159,1531274291155,1212013,0.00035960,3.00000000,1
1531274382362,1531274382354,1212014,0.00035960,19.40000000,1
1531274401782,1531274401774,1212015,0.00035960,3.00000000,1
1531274405721,1531274405716,1212016,0.00035960,3.00000000,1
1531274410017,1531274410012,1212017,0.00035960,3.00000000,1
1531274410253,1531274410248,1212018,0.00035960,250.61000000,1
1531274412879,1531274412875,1212019,0.00035960,3.00000000,1
1531274417181,1531274417173,1212020,0.00035960,3.00000000,1
1531274424389,1531274424383,1212021,0.00035960,3.00000000,1
1531274435293,1531274435289,1212022,0.00035960,3.00000000,1
1531274446495,1531274446491,1212023,0.00035960,3.00000000,1
1531274460314,1531274460310,1212024,0.00035960,3.00000000,1
1531274470445,1531274470440,1212025,0.00035960,3.00000000,1
1531274529046,1531274529039,1212026,0.00035960,3.00000000,1
1531274790860,1531274790855,1212027,0.00035960,0.01000000,1
1531275164480,1531275164476,1212028,0.00035960,124.01000000,1
1531275586388,1531275586381,1212029,0.00035940,57.61000000,1
1531275834453,1531275834448,1212030,0.00035940,0.03000000,1
1531276434072,1531276434065,1212031,0.00035960,35.55000000,1
1531276434072,1531276434065,1212032,0.00035940,53.12000000,1
1531276434072,1531276434065,1212033,0.00035910,150.33000000,1
1531276434072,1531276434065,1212034,0.00035880,2.79000000,1
1531276434072,1531276434065,1212035,0.00035870,697.05000000,1
1531276450900,1531276450894,1212036,0.00035940,97.84000000,1
1531276450925,1531276450920,1212037,0.00035800,882.28000000,0
1531276450944,1531276450939,1212038,0.00035800,175.42000000,0
1531276453538,1531276453532,1212039,0.00036040,0.06000000,0
1531276485357,1531276485350,1212040,0.00035880,97.84000000,1
1531276485357,1531276485350,1212041,0.00035800,84.00000000,1
1531276485357,1531276485350,1212042,0.00035760,2.80000000,1
1531276485357,1531276485350,1212043,0.00035750,85.49000000,1
1531276485357,1531276485350,1212044,0.00035600,2.81000000,1
1531276485357,1531276485350,1212045,0.00035580,161.49000000,1
1531276485357,1531276485350,1212046,0.00035570,125.24000000,1
1531276485357,1531276485350,1212047,0.00035550,16.85000000,1
1531276486055,1531276486052,1212048,0.00035740,153.02000000,0
1531276486063,1531276486057,1212049,0.00035740,0.01000000,0
1531276486087,1531276486084,1212050,0.00036040,20.86000000,0
1531276486087,1531276486084,1212051,0.00036070,36.00000000,0
1531276486087,1531276486084,1212052,0.00036160,2.77000000,0
1531276486087,1531276486084,1212053,0.00036240,36.00000000,0
1531276486087,1531276486084,1212054,0.00036250,57.39000000,0
1531276486247,1531276486244,1212055,0.00035750,125.24000000,0
1531276486692,1531276486686,1212056,0.00035970,16.85000000,0
1531276487639,1531276487635,1212057,0.00035930,2.82000000,0
1531276502975,1531276502969,1212058,0.00035900,37.32000000,1
1531276502975,1531276502969,1212059,0.00035840,21.04000000,1
1531276502975,1531276502969,1212060,0.00035780,36.00000000,1
1531276502975,1531276502969,1212061,0.00035740,118.04000000,1
1531276502988,1531276502984,1212062,0.00035740,271.97000000,0
1531276504025,1531276504018,1212063,0.00036050,37.32000000,0
1531276504025,1531276504018,1212064,0.00036100,36.00000000,0
1531276504025,1531276504018,1212065,0.00036210,36.00000000,0
1531276504025,1531276504018,1212066,0.00036220,162.65000000,0
1531276504994,1531276504988,1212067,0.00036000,20.94000000,0
1531276512147,1531276512142,1212068,0.00035990,28.00000000,1
1531276527265,1531276527262,1212069,0.00035990,2765.35000000,1
1531276546244,1531276546240,1212070,0.00035920,97.84000000,1
1531276546262,1531276546256,1212071,0.00035920,173.53000000,0
1531276546270,1531276546268,1212072,0.00035920,173.53000000,0
1531276546279,1531276546273,1212073,0.00035920,18.95000000,0
1531276546294,1531276546289,1212074,0.00035920,14.53000000,0
1531276546316,1531276546312,1212075,0.00035920,173.53000000,0
1531276546696,1531276546691,1212076,0.00035920,211.99000000,0
1531276656689,1531276656683,1212077,0.00035600,184.87000000,1
1531276656689,1531276656683,1212078,0.00035590,21.18000000,1
1531276656689,1531276656683,1212079,0.00035570,2.84000000,1
1531276656689,1531276656683,1212080,0.00035560,36.00000000,1
1531276656689,1531276656683,1212081,0.00035550,17.48000000,1
1531276656689,1531276656683,1212082,0.00035540,13.62000000,1
1531276656689,1531276656683,1212083,0.00035530,180.79000000,1
1531276658677,1531276658673,1212084,0.00035530,0.12000000,1
1531276669497,1531276669492,1212085,0.00035640,1.67000000,0
1531276675476,1531276675469,1212086,0.00035630,44.85000000,0
1531276675476,1531276675469,1212087,0.00035660,210.46000000,0
1531276677550,1531276677544,1212088,0.00035530,148.33000000,1
1531276678178,1531276678173,1212089,0.00035640,113.18000000,0
1531276680789,1531276680785,1212090,0.00035630,115.42000000,0
1531276684670,1531276684667,1212091,0.00035630,206.82000000,0
1531276725805,1531276725770,1212092,0.00035600,35.70000000,0
1531276732965,1531276732961,1212093,0.00035490,201.58000000,1
1531276732965,1531276732961,1212094,0.00035460,48.99000000,1
1531276767489,1531276767486,1212095,0.00035450,222.41000000,1
1531276771251,1531276771247,1212096,0.00035530,160.80000000,0
1531276773902,1531276773897,1212097,0.00035520,9.22000000,0
1531276774310,1531276774304,1212098,0.00035520,15.42000000,0
1531276774310,1531276774304,1212099,0.00035540,83.51000000,0
1531276774310,1531276774304,1212100,0.00035560,61.87000000,0
1531276778457,1531276778452,1212101,0.00035410,22.51000000,1
1531276778457,1531276778452,1212102,0.00035330,161.62000000,1
1531276778457,1531276778452,1212103,0.00035320,701.29000000,1
1531276781814,1531276781808,1212104,0.00035330,0.48000000,1
1531276794376,1531276794372,1212105,0.00035390,27.89000000,1
1531276794411,1531276794405,1212106,0.00035490,0.01000000,0
1531276835618,1531276835613,1212107,0.00035290,2.87000000,1
1531276867280,1531276867277,1212108,0.00035430,4.23000000,0
1531276882608,1531276882601,1212109,0.00035530,7.04000000,0
1531276897202,1531276897196,1212110,0.00035430,0.10000000,1
1531276897229,1531276897227,1212111,0.00035290,31.12000000,1
1531276899212,1531276899204,1212112,0.00035320,11.59000000,1
1531276901218,1531276901213,1212113,0.00035320,4.24000000,1
1531276969808,1531276969802,1212114,0.00035290,0.40000000,1
1531277072263,1531277072257,1212115,0.00035290,467.67000000,1
1531277077559,1531277077553,1212116,0.00035240,0.48000000,1
1531277082170,1531277082162,1212117,0.00035240,2.36000000,1
1531277082170,1531277082162,1212118,0.00035180,405.25000000,1
1531277083038,1531277083034,1212119,0.00035180,500.00000000,0
1531277083410,1531277083405,1212120,0.00035390,5.28000000,0
1531277084759,1531277084754,1212121,0.00035160,0.48000000,1
1531277086580,1531277086581,1212122,0.00035390,0.29000000,0
1531277088067,1531277088063,1212123,0.00035390,10.26000000,0
1531277088067,1531277088063,1212124,0.00035410,4.25000000,0
1531277088067,1531277088063,1212125,0.00035470,192.54000000,0
1531277088067,1531277088063,1212126,0.00035480,9.58000000,0
1531277097195,1531277097190,1212127,0.00035400,35.70000000,0
1531277098142,1531277098135,1212128,0.00035170,5.75000000,1
1531277132917,1531277132912,1212129,0.00035330,0.37000000,0
1531277135937,1531277135931,1212130,0.00035330,0.01000000,0
1531277141108,1531277141103,1212131,0.00035310,6.07000000,0
1531277148172,1531277148165,1212132,0.00035190,196.29000000,1
1531277148172,1531277148165,1212133,0.00035180,500.00000000,1
1531277163904,1531277163899,1212134,0.00035220,15.92000000,0
1531277170573,1531277170567,1212135,0.00035190,337.06000000,1
1531277172903,1531277172898,1212136,0.00035220,301.07000000,0
1531277178123,1531277178119,1212137,0.00035210,202.04000000,0
1531277178123,1531277178119,1212138,0.00035220,597.96000000,0
1531277179045,1531277179039,1212139,0.00035220,85.05000000,0
1531277206318,1531277206310,1212140,0.00035140,16.98000000,1
1531277206318,1531277206310,1212141,0.00035100,853.65000000,1
1531277210226,1531277210223,1212142,0.00035220,800.00000000,0
1531277211398,1531277211383,1212143,0.00035060,205.56000000,1
1531277211398,1531277211383,1212144,0.00035040,117.17000000,1
1531277211498,1531277211491,1212145,0.00035020,0.48000000,1
1531277216184,1531277216180,1212146,0.00035020,0.06000000,1
1531277236049,1531277236044,1212147,0.00035080,122.42000000,0
1531277237916,1531277237910,1212148,0.00035070,6.83000000,0
1531277245624,1531277245617,1212149,0.00035050,285.30000000,1
1531277257040,1531277257035,1212150,0.00035050,133.78000000,0
1531277263219,1531277263214,1212151,0.00035020,2.33000000,1
1531277263219,1531277263214,1212152,0.00034890,2.87000000,1
1531277265063,1531277265057,1212153,0.00034930,5.62000000,0
1531277266366,1531277266361,1212154,0.00034880,0.48000000,1
1531277269068,1531277269064,1212155,0.00035040,195.87000000,0
1531277269520,1531277269514,1212156,0.00035040,14.13000000,1
1531277270101,1531277270098,1212157,0.00034970,3.35000000,0
1531277319941,1531277319937,1212158,0.00034920,2.90000000,1
1531277321842,1531277321838,1212159,0.00035070,716.34000000,0
1531277321842,1531277321838,1212160,0.00035080,2283.66000000,0
1531277330778,1531277330774,1212161,0.00035060,2.90000000,0
1531277330778,1531277330774,1212162,0.00035080,497.10000000,0
1531277336512,1531277336508,1212163,0.00035080,28.51000000,0
1531277387614,1531277387606,1212164,0.00035080,71.00000000,0
1531277493810,1531277493808,1212165,0.00035080,0.17000000,0
1531277493810,1531277493808,1212166,0.00035110,0.12000000,0
1531277496042,1531277496042,1212167,0.00035110,5.59000000,0
1531277499710,1531277499708,1212168,0.00035110,5.36000000,0
1531277504466,1531277504462,1212169,0.00035110,6.31000000,0
1531277555329,1531277555324,1212170,0.00035110,6.07000000,0
1531277589665,1531277589659,1212171,0.00035110,3.14000000,0
1531277589722,1531277589716,1212172,0.00035110,4.97000000,0
1531277589925,1531277589920,1212173,0.00035110,3.72000000,0
1531277619971,1531277619966,1212174,0.00034960,1.62000000,1
1531277621866,1531277621860,1212175,0.00034960,1.62000000,1
1531278178170,1531278178165,1212176,0.00035110,47.35000000,0
1531278286533,1531278286528,1212177,0.00035220,0.27000000,0
1531278405023,1531278405019,1212178,0.00035110,21.93000000,1
1531278405023,1531278405019,1212179,0.00035100,315.13000000,1
1531278457908,1531278457902,1212180,0.00035210,0.31000000,0
1531278508095,1531278508089,1212181,0.00035190,21.62000000,0
1531278508095,1531278508089,1212182,0.00035210,2.85000000,0
1531278508095,1531278508089,1212183,0.00035220,70.36000000,0
1531278508095,1531278508089,1212184,0.00035250,70.64000000,0
1531278553380,1531278553374,1212185,0.00035240,141.00000000,0
1531278553380,1531278553374,1212186,0.00035250,323.91000000,0
1531278553380,1531278553374,1212187,0.00035270,15.09000000,0
1531278762009,1531278762006,1212188,0.00035270,3.94000000,0
1531278938307,1531278938307,1212189,0.00035270,9.26000000,0
1531278945986,1531278945982,1212190,0.00035360,9.32000000,0
1531279361200,1531279361196,1212191,0.00035360,3.98000000,0
1531279361221,1531279361218,1212192,0.00035390,21.26000000,0
1531279361869,1531279361866,1212193,0.00035390,0.04000000,0
1531279455183,1531279455185,1212194,0.00035540,0.08000000,0
1531279470754,1531279470749,1212195,0.00035540,74.74000000,0
1531279470754,1531279470749,1212196,0.00035550,14.02000000,0
1531279470754,1531279470749,1212197,0.00035560,48.99000000,0
1531279470754,1531279470749,1212198,0.00035580,100.30000000,0
1531279515200,1531279515198,1212199,0.00035580,119.12000000,0
1531279662442,1531279662439,1212200,0.00035580,30.68000000,0
1531279997241,1531279997238,1212201,0.00035420,10.85000000,1
1531280014946,1531280014945,1212202,0.00035470,4.93000000,1
1531280352410,1531280352406,1212203,0.00035470,0.28000000,0
1531280626683,1531280626680,1212204,0.00035320,0.16000000,1
1531280793240,1531280793236,1212205,0.00035320,97.88000000,1
1531280796122,1531280796118,1212206,0.00035320,53.88000000,0
1531280798737,1531280798733,1212207,0.00035280,33.18000000,1
1531280798737,1531280798733,1212208,0.00035270,48.99000000,1
1531280798737,1531280798733,1212209,0.00035230,36.00000000,1
1531280798737,1531280798733,1212210,0.00035180,12.18000000,1
1531280798737,1531280798733,1212211,0.00035140,274.84000000,1
1531280800211,1531280800207,1212212,0.00035280,33.46000000,0
1531280800799,1531280800794,1212213,0.00035280,0.07000000,0
1531280862689,1531280862685,1212214,0.00035300,10.85000000,0
1531280862689,1531280862685,1212215,0.00035310,9.17000000,0
1531280866093,1531280866092,1212216,0.00035310,20.02000000,0
1531280868665,1531280868659,1212217,0.00035310,6.81000000,0
1531280868665,1531280868659,1212218,0.00035320,13.21000000,0
1531281044129,1531281044125,1212219,0.00035100,0.11000000,1
1531281054796,1531281054797,1212220,0.00035100,5.76000000,1
1531281563581,1531281563574,1212221,0.00035250,15.50000000,0
1531281563581,1531281563574,1212222,0.00035290,13.32000000,0
1531281563581,1531281563574,1212223,0.00035320,21.35000000,0
1531282036804,1531282036799,1212224,0.00035200,0.12000000,1
1531282103818,1531282103812,1212225,0.00035200,0.10000000,1
1531282114060,1531282114056,1212226,0.00035200,47.98000000,1
1531282233223,1531282233217,1212227,0.00035200,17.02000000,1
1531282272396,1531282272391,1212228,0.00035180,66.50000000,0
1531282272396,1531282272391,1212229,0.00035200,33.50000000,0
1531282278961,1531282278956,1212230,0.00035180,12.57000000,0
1531282279876,1531282279872,1212231,0.00035180,20.60000000,0
1531282279876,1531282279872,1212232,0.00035200,20.34000000,0
1531283177756,1531283177751,1212233,0.00035200,361.06000000,0
1531283261954,1531283261950,1212234,0.00035250,24.23000000,0
1531283261954,1531283261950,1212235,0.00035350,4.98000000,0
1531283268938,1531283268933,1212236,0.00035340,21.33000000,0
1531283268938,1531283268933,1212237,0.00035350,7.88000000,0
1531283598745,1531283598741,1212238,0.00035290,1.61000000,1
1531283671443,1531283671437,1212239,0.00035460,36.00000000,0
1531283671443,1531283671437,1212240,0.00035470,29.71000000,0
1531283671443,1531283671437,1212241,0.00035480,134.29000000,0
1531283954535,1531283954530,1212242,0.00035320,2.56000000,1
1531284044293,1531284044287,1212243,0.00035320,33.44000000,1
1531284044293,1531284044287,1212244,0.00035280,206.74000000,1
1531284044317,1531284044311,1212245,0.00035280,149.97000000,0
1531284044342,1531284044339,1212246,0.00035280,22.40000000,0
1531284045035,1531284045029,1212247,0.00035280,25.31000000,0
1531284048011,1531284048010,1212248,0.00035290,197.68000000,1
1531284091234,1531284091230,1212249,0.00035300,44.75000000,1
1531284091262,1531284091259,1212250,0.00035300,77.01000000,0
1531284091268,1531284091263,1212251,0.00035300,19.05000000,0
1531284094412,1531284094407,1212252,0.00035300,58.04000000,1
1531284094412,1531284094407,1212253,0.00035280,18.97000000,1
1531284104670,1531284104666,1212254,0.00035280,2.40000000,1
1531284104670,1531284104666,1212255,0.00035270,65.23000000,1
1531284112628,1531284112624,1212256,0.00035210,0.40000000,1
1531284118778,1531284118773,1212257,0.00035210,0.49000000,1
1531284119161,1531284119155,1212258,0.00035210,32.36000000,1
1531284119161,1531284119155,1212259,0.00035140,21.45000000,1
1531284119161,1531284119155,1212260,0.00035120,2.85000000,1
1531284119161,1531284119155,1212261,0.00035110,119.53000000,1
1531284119161,1531284119155,1212262,0.00035100,178.63000000,1
1531284128366,1531284128366,1212263,0.00035140,0.40000000,1
1531284247965,1531284247963,1212264,0.00035100,0.49000000,1
1531284277299,1531284277293,1212265,0.00035120,0.07000000,1
1531284626964,1531284626961,1212266,0.00035130,0.05000000,1
1531284628676,1531284628672,1212267,0.00035120,0.05000000,1
1531284650874,1531284650869,1212268,0.00035120,5.76000000,1
1531285362568,1531285362563,1212269,0.00035140,261.43000000,1
1531285362568,1531285362563,1212270,0.00035120,644.00000000,1
1531285362568,1531285362563,1212271,0.00035110,640.21000000,1
1531285362568,1531285362563,1212272,0.00035100,202.73000000,1
1531285411953,1531285411950,1212273,0.00035170,100.12000000,0
1531285412724,1531285412719,1212274,0.00035040,0.04000000,1
1531285412762,1531285412758,1212275,0.00035170,94.90000000,0
1531285415126,1531285415122,1212276,0.00035170,5.89000000,0
1531285415126,1531285415122,1212277,0.00035180,94.23000000,0
1531285415622,1531285415617,1212278,0.00035180,100.12000000,0
1531285421709,1531285421705,1212279,0.00035040,35.96000000,1
1531285421709,1531285421705,1212280,0.00035020,886.12000000,1
1531285421709,1531285421705,1212281,0.00035010,1511.00000000,1
1531285422374,1531285422374,1212282,0.00035010,30.98000000,0
1531285422531,1531285422527,1212283,0.00035010,72.76000000,0
1531285422623,1531285422622,1212284,0.00035010,496.29000000,0
1531285425486,1531285425481,1212285,0.00035000,0.49000000,1
1531285437369,1531285437365,1212286,0.00035010,16.59000000,1
1531285437369,1531285437365,1212287,0.00035000,5474.48000000,1
1531285438378,1531285438375,1212288,0.00034990,4.68000000,0
1531285442395,1531285442395,1212289,0.00034990,12.39000000,0
1531285442395,1531285442395,1212290,0.00035000,43.52000000,0
1531285442395,1531285442395,1212291,0.00035090,21.49000000,0
1531285444270,1531285444266,1212292,0.00035150,36.00000000,0
1531285444270,1531285444266,1212293,0.00035160,41.40000000,0
1531285451538,1531285451534,1212294,0.00035080,331.59000000,0
1531285455186,1531285455184,1212295,0.00035080,285.49000000,0
1531285455668,1531285455663,1212296,0.00034980,58.51000000,1
1531285455668,1531285455663,1212297,0.00034970,67.67000000,1
1531285455668,1531285455663,1212298,0.00034960,21.56000000,1
1531285455668,1531285455663,1212299,0.00034920,106.74000000,1
1531285462374,1531285462368,1212300,0.00035070,193.12000000,0
1531285462714,1531285462709,1212301,0.00034910,0.49000000,1
1531285466118,1531285466116,1212302,0.00035070,193.12000000,0
1531285474982,1531285474980,1212303,0.00035070,127.15000000,0
1531285481900,1531285481895,1212304,0.00034920,77.55000000,1
1531285481900,1531285481895,1212305,0.00034910,5.25000000,1
1531285481900,1531285481895,1212306,0.00034900,328.00000000,1
1531285485711,1531285485704,1212307,0.00034890,0.49000000,1
1531285511946,1531285511942,1212308,0.00035060,77.55000000,0
1531285511946,1531285511942,1212309,0.00035070,869.11000000,0
1531285519936,1531285519932,1212310,0.00035080,1456.58000000,0
1531285522956,1531285522951,1212311,0.00035090,4.27000000,0
1531285524604,1531285524600,1212312,0.00035090,123.96000000,0
1531285537476,1531285537471,1212313,0.00035140,31.00000000,0
1531285539391,1531285539387,1212314,0.00035140,5.00000000,0
1531285540468,1531285540463,1212315,0.00035140,8.00000000,1
1531285545168,1531285545165,1212316,0.00035210,106.74000000,0
1531285546398,1531285546394,1212317,0.00035210,36.00000000,1
1531285586286,1531285586283,1212318,0.00035300,150.00000000,0
1531285648593,1531285648589,1212319,0.00035120,0.04000000,1
1531285720607,1531285720602,1212320,0.00035290,35.00000000,0
1531285720607,1531285720602,1212321,0.00035310,13.32000000,0
1531285720607,1531285720602,1212322,0.00035320,21.35000000,0
1531285720607,1531285720602,1212323,0.00035340,36.00000000,0
1531285720607,1531285720602,1212324,0.00035360,12.79000000,0
1531285721814,1531285721808,1212325,0.00035360,1.60000000,1
1531285723924,1531285723920,1212326,0.00035360,0.34000000,1
1531285734195,1531285734192,1212327,0.00035360,9.42000000,1
1531285747276,1531285747270,1212328,0.00035370,102.16000000,0
1531285816822,1531285816816,1212329,0.00035500,16.86000000,0
1531285816822,1531285816816,1212330,0.00035530,46.17000000,0
1531285816822,1531285816816,1212331,0.00035540,3.05000000,0
1531285816822,1531285816816,1212332,0.00035560,51.84000000,0
1531285816822,1531285816816,1212333,0.00035580,204.59000000,0
1531285846938,1531285846931,1212334,0.00035410,29.72000000,1
1531285852235,1531285852230,1212335,0.00035410,17.50000000,1
1531285855576,1531285855571,1212336,0.00035410,102.78000000,1
1531285857182,1531285857180,1212337,0.00035320,73.90000000,1
1531285859671,1531285859665,1212338,0.00035550,73.94000000,0
1531285859671,1531285859665,1212339,0.00035560,23.19000000,0
1531285859671,1531285859665,1212340,0.00035580,96.32000000,0
1531285859671,1531285859665,1212341,0.00035620,2.81000000,0
1531285859671,1531285859665,1212342,0.00035710,14.79000000,0
1531285859671,1531285859665,1212343,0.00035720,8.01000000,0
1531285859671,1531285859665,1212344,0.00035760,16.98000000,0
1531285859725,1531285859721,1212345,0.00035760,4.66000000,1
1531285865130,1531285865129,1212346,0.00035380,47.05000000,1
1531285876582,1531285876575,1212347,0.00035440,13.26000000,1
1531285950239,1531285950236,1212348,0.00035530,1.61000000,1
1531285958809,1531285958804,1212349,0.00035560,18.32000000,1
1531285958809,1531285958804,1212350,0.00035550,21.50000000,1
1531285963010,1531285963005,1212351,0.00035530,421.38000000,0
1531285973852,1531285973847,1212352,0.00035650,3.96000000,0
1531285973881,1531285973878,1212353,0.00035650,14.36000000,0
1531285973881,1531285973878,1212354,0.00035660,4.66000000,0
1531285973881,1531285973878,1212355,0.00035800,60.31000000,0
1531285973881,1531285973878,1212356,0.00035810,62.41000000,0
1531285973893,1531285973893,1212357,0.00035850,36.00000000,0
1531285973893,1531285973893,1212358,0.00035860,6.68000000,0
1531285978216,1531285978210,1212359,0.00035860,690.37000000,0
1531286025931,1531286025926,1212360,0.00035890,10.13000000,0
1531286185720,1531286185714,1212361,0.00035770,18.55000000,1
1531286185720,1531286185714,1212362,0.00035740,9.96000000,1
1531286240619,1531286240612,1212363,0.00035780,4.56000000,1
1531286327509,1531286327504,1212364,0.00035880,18.55000000,0
1531286327509,1531286327504,1212365,0.00035890,131.62000000,0
1531286329768,1531286329761,1212366,0.00035900,1.60000000,1
1531286350626,1531286350619,1212367,0.00035910,5.00000000,0
1531286350916,1531286350912,1212368,0.00035910,21.00000000,0
1531286353180,1531286353174,1212369,0.00035910,2.09000000,0
1531286354416,1531286354409,1212370,0.00035920,15.59000000,0
1531286389689,1531286389684,1212371,0.00035970,2.79000000,0
1531286389689,1531286389684,1212372,0.00035980,5.21000000,0
1531286446633,1531286446626,1212373,0.00035970,95.94000000,1
1531286571475,1531286571470,1212374,0.00035980,3.40000000,0
1531286604342,1531286604335,1212375,0.00035930,0.22000000,1
1531286693137,1531286693133,1212376,0.00035930,29.93000000,1
1531286693137,1531286693133,1212377,0.00035910,70.07000000,1
1531287115149,1531287115142,1212378,0.00035910,91.88000000,1
1531287425721,1531287425714,1212379,0.00035980,36.85000000,0
1531287425721,1531287425714,1212380,0.00036000,21.69000000,0
1531287425721,1531287425714,1212381,0.00036150,16.42000000,0
1531287425721,1531287425714,1212382,0.00036320,2.76000000,0
1531287425721,1531287425714,1212383,0.00036370,22.28000000,0
1531287426318,1531287426315,1212384,0.00036370,31.32000000,0
1531287426607,1531287426600,1212385,0.00036370,4.68000000,0
1531287426607,1531287426600,1212386,0.00036380,14.32000000,0
1531287431075,1531287431067,1212387,0.00036110,1.74000000,1
1531287451415,1531287451408,1212388,0.00036370,36.00000000,0
1531287463892,1531287463891,1212389,0.00036410,697.05000000,0
1531287464496,1531287464490,1212390,0.00036200,35.40000000,1
1531287472881,1531287472881,1212391,0.00036260,6.89000000,1
1531287472881,1531287472881,1212392,0.00036250,45.22000000,1
1531287483902,1531287483896,1212393,0.00036260,2.10000000,1
1531287499973,1531287499968,1212394,0.00036260,13.93000000,1
1531287529482,1531287529474,1212395,0.00036260,6.24000000,1
1531287548821,1531287548820,1212396,0.00036370,9.10000000,0
1531287548821,1531287548820,1212397,0.00036410,58.94000000,0
1531287548821,1531287548820,1212398,0.00036420,20.70000000,0
1531287548821,1531287548820,1212399,0.00036440,6.89000000,0
1531287548842,1531287548837,1212400,0.00036440,4.37000000,1
1531287661669,1531287661669,1212401,0.00036330,3.37000000,1
1531287670073,1531287670067,1212402,0.00036230,7.04000000,1
1531287718888,1531287718887,1212403,0.00036240,0.71000000,1
1531287786160,1531287786153,1212404,0.00036260,6.89000000,1
1531287786160,1531287786153,1212405,0.00036250,23.25000000,1
1531288109129,1531288109124,1212406,0.00036250,34.25000000,1
1531288116475,1531288116474,1212407,0.00036270,28.80000000,1
1531288118077,1531288118076,1212408,0.00036240,20.80000000,1
1531288382730,1531288382732,1212409,0.00036180,20.68000000,1
1531288384174,1531288384166,1212410,0.00036180,0.16000000,1
1531288384174,1531288384166,1212411,0.00036090,34.16000000,1
1531288471767,1531288471765,1212412,0.00036070,0.64000000,1
1531288774432,1531288774427,1212413,0.00036040,20.92000000,1
1531288783665,1531288783663,1212414,0.00035970,4.27000000,1
1531288980758,1531288980759,1212415,0.00035940,0.51000000,1
1531289040904,1531289040903,1212416,0.00035930,66.22000000,1
1531289157628,1531289157626,1212417,0.00035950,24.42000000,0
1531289160231,1531289160228,1212418,0.00035950,212.80000000,1
1531289162022,1531289162019,1212419,0.00035950,87.20000000,1
1531289166824,1531289166822,1212420,0.00035950,87.20000000,0
1531289168349,1531289168346,1212421,0.00035950,25.60000000,0
1531289171879,1531289171874,1212422,0.00036080,25.60000000,0
1531289394705,1531289394705,1212423,0.00035970,0.57000000,1
1531289733663,1531289733659,1212424,0.00035990,162.33000000,1
1531289733663,1531289733659,1212425,0.00035970,4.97000000,1
1531289822741,1531289822744,1212426,0.00035960,8.56000000,0
1531289822741,1531289822744,1212427,0.00035970,287.65000000,0
1531290003875,1531290003872,1212428,0.00035950,5.00000000,1
1531290145596,1531290145593,1212429,0.00036110,17.00000000,0
1531290191401,1531290191398,1212430,0.00035950,281.40000000,1
1531290191401,1531290191398,1212431,0.00035930,20.98000000,1
1531290191401,1531290191398,1212432,0.00035920,32.40000000,1
1531290191401,1531290191398,1212433,0.00035910,13.92000000,1
1531290191401,1531290191398,1212434,0.00035900,102.32000000,1
1531290271835,1531290271836,1212435,0.00035940,0.06000000,1
1531290497870,1531290497866,1212436,0.00035940,198.72000000,1
1531290497870,1531290497866,1212437,0.00035910,511.00000000,1
1531290497870,1531290497866,1212438,0.00035900,16.68000000,1
1531290497870,1531290497866,1212439,0.00035880,451.84000000,1
1531290497870,1531290497866,1212440,0.00035870,87.04000000,1
1531290515112,1531290515108,1212441,0.00036060,83.43000000,0
1531290518988,1531290518985,1212442,0.00036040,83.43000000,0
1531290556502,1531290556505,1212443,0.00036010,99.82000000,0
1531290557413,1531290557413,1212444,0.00036010,33.18000000,0
1531290557413,1531290557413,1212445,0.00036060,13.46000000,0
1531290569686,1531290569685,1212446,0.00036050,53.18000000,0
1531291108391,1531291108387,1212447,0.00036040,0.88000000,0
1531291481967,1531291481964,1212448,0.00036040,0.05000000,0
1531291704590,1531291704586,1212449,0.00036040,27.74000000,0
1531291861949,1531291861945,1212450,0.00036040,15.00000000,0
1531291888392,1531291888391,1212451,0.00035990,0.05000000,1
1531292316763,1531292316758,1212452,0.00035990,129.82000000,1
1531292316763,1531292316758,1212453,0.00035970,27.74000000,1
1531292316763,1531292316758,1212454,0.00035880,451.00000000,1
1531292316763,1531292316758,1212455,0.00035870,391.44000000,1
1531292606181,1531292606178,1212456,0.00035950,0.11000000,1
1531292815514,1531292815510,1212457,0.00035960,36.00000000,1
1531292815514,1531292815510,1212458,0.00035950,194.69000000,1
1531292815548,1531292815546,1212459,0.00035950,140.15000000,0
1531292815551,1531292815548,1212460,0.00035950,140.43000000,0
1531292818398,1531292818393,1212461,0.00035940,27.82000000,0
1531292819080,1531292819077,1212462,0.00035940,6.54000000,0
1531292819142,1531292819138,1212463,0.00035950,66.70000000,0
1531292819390,1531292819385,1212464,0.00035950,27.81000000,0
1531292820374,1531292820370,1212465,0.00035950,42.96000000,0
1531292830316,1531292830313,1212466,0.00035870,5.00000000,1
1531292830506,1531292830507,1212467,0.00035870,31.00000000,1
1531292830666,1531292830662,1212468,0.00035870,21.00000000,1
1531292831198,1531292831194,1212469,0.00035870,13.00000000,1
1531292833250,1531292833247,1212470,0.00035870,10.00000000,1
1531293063982,1531293063978,1212471,0.00035870,138.57000000,1
1531293093334,1531293093330,1212472,0.00035860,0.02000000,0
1531293115900,1531293115896,1212473,0.00035860,27.88000000,0
1531293207817,1531293207814,1212474,0.00035860,27.88000000,0
1531293243701,1531293243697,1212475,0.00035860,0.62000000,0
1531293297155,1531293297151,1212476,0.00035860,27.88000000,0
1531293523530,1531293523524,1212477,0.00035740,167.68000000,1
1531293523530,1531293523524,1212478,0.00035730,21.10000000,1
1531293523530,1531293523524,1212479,0.00035700,36.00000000,1
1531293523530,1531293523524,1212480,0.00035690,11.37000000,1
1531293523530,1531293523524,1212481,0.00035680,83.40000000,1
1531293523530,1531293523524,1212482,0.00035650,84.81000000,1
1531293523530,1531293523524,1212483,0.00035620,36.00000000,1
1531293523530,1531293523524,1212484,0.00035600,80.13000000,1
1531293523530,1531293523524,1212485,0.00035550,332.23000000,1
1531293523530,1531293523524,1212486,0.00035500,2.82000000,1
1531293523550,1531293523548,1212487,0.00035500,64.51000000,0
1531293523552,1531293523553,1212488,0.00035500,422.58000000,0
1531293523558,1531293523555,1212489,0.00035500,64.00000000,0
1531293523559,1531293523557,1212490,0.00035500,422.58000000,0
1531293523578,1531293523574,1212491,0.00035500,44.42000000,0
1531293523579,1531293523574,1212492,0.00035500,64.00000000,0
1531293523585,1531293523582,1212493,0.00035500,98.85000000,0
1531293524171,1531293524168,1212494,0.00035500,1781.52000000,0
1531293543840,1531293543835,1212495,0.00035620,117.76000000,1
1531293543845,1531293543841,1212496,0.00035620,18.80000000,1
1531293543853,1531293543850,1212497,0.00035620,18.80000000,1
1531293543873,1531293543868,1212498,0.00035620,18.95000000,1
1531293544406,1531293544401,1212499,0.00035630,143.68000000,0
1531293544944,1531293544944,1212500,0.00035620,50.25000000,1
1531293546003,1531293545997,1212501,0.00035620,25.00000000,0
1531293547352,1531293547348,1212502,0.00035620,37.98000000,0
1531293595177,1531293595172,1212503,0.00035610,23.38000000,1
1531293595177,1531293595172,1212504,0.00035510,202.35000000,1
1531293595177,1531293595172,1212505,0.00035500,40.28000000,1
