event_time,trade_time,trade_id,price,quantity,maker
1531210509888,1531210509885,6091950,0.00124100,0.74000000,1
1531210514604,1531210514600,6091951,0.00124100,0.04000000,1
1531210579128,1531210579123,6091952,0.00124500,0.04000000,0
1531210579538,1531210579535,6091953,0.00124500,0.02000000,0
1531210595475,1531210595471,6091954,0.00124100,0.64000000,1
1531210595860,1531210595855,6091955,0.00124100,0.40000000,1
1531210596333,1531210596327,6091956,0.00124100,0.38000000,1
1531210596874,1531210596869,6091957,0.00124100,0.29000000,1
1531210597249,1531210597244,6091958,0.00124100,3.51000000,1
1531210597780,1531210597774,6091959,0.00124100,0.71000000,1
1531210598480,1531210598476,6091960,0.00124100,2.65000000,1
1531210598979,1531210598972,6091961,0.00124100,0.26000000,1
1531210599365,1531210599361,6091962,0.00124100,0.25000000,1
1531210599904,1531210599900,6091963,0.00124100,0.30000000,1
1531210600456,1531210600451,6091964,0.00124100,3.24000000,1
1531210600822,1531210600819,6091965,0.00124100,0.35000000,1
1531210601361,1531210601356,6091966,0.00124100,0.26000000,1
1531210601884,1531210601879,6091967,0.00124100,0.83000000,1
1531210602439,1531210602434,6091968,0.00124100,0.39000000,1
1531210602944,1531210602940,6091969,0.00124100,0.88000000,1
1531210603451,1531210603446,6091970,0.00124100,0.27000000,1
1531210604004,1531210603999,6091971,0.00124100,0.28000000,1
1531210604659,1531210604654,6091972,0.00124100,0.26000000,1
1531210605151,1531210605146,6091973,0.00124100,0.29000000,1
1531210605749,1531210605744,6091974,0.00124100,1.02000000,1
1531210606232,1531210606227,6091975,0.00124100,0.22000000,1
1531210606764,1531210606760,6091976,0.00124100,0.27000000,1
1531210607188,1531210607182,6091977,0.00124100,0.25000000,1
1531210607865,1531210607861,6091978,0.00124100,0.85000000,1
1531210608292,1531210608288,6091979,0.00124100,0.66000000,1
1531210608815,1531210608810,6091980,0.00124100,1.66000000,1
1531210609283,1531210609277,6091981,0.00124100,0.30000000,1
1531210609736,1531210609735,6091982,0.00124100,0.70000000,1
1531210610306,1531210610301,6091983,0.00124100,0.24000000,1
1531210610778,1531210610774,6091984,0.00124100,0.95000000,1
1531210611386,1531210611381,6091985,0.00124100,0.26000000,1
1531210612060,1531210612056,6091986,0.00124100,0.16000000,1
1531210612410,1531210612405,6091987,0.00124100,3.47000000,1
1531210612936,1531210612932,6091988,0.00124100,0.30000000,1
1531210613446,1531210613442,6091989,0.00124100,0.32000000,1
1531210614028,1531210614023,6091990,0.00124100,0.64000000,1
1531210614406,1531210614402,6091991,0.00124100,0.34000000,1
1531210614850,1531210614844,6091992,0.00124100,0.38000000,1
1531210615385,1531210615380,6091993,0.00124100,0.25000000,1
1531210622456,1531210622454,6091994,0.00124100,0.34000000,1
1531210623004,1531210623000,6091995,0.00124100,0.66000000,1
1531210623551,1531210623550,6091996,0.00124100,0.30000000,1
1531210624085,1531210624079,6091997,0.00124100,0.71000000,1
1531210624507,1531210624503,6091998,0.00124100,0.37000000,1
1531210624999,1531210624995,6091999,0.00124100,2.04000000,1
1531210625578,1531210625574,6092000,0.00124100,0.56000000,1
1531210626395,1531210626392,6092001,0.00124100,0.80000000,1
1531210626742,1531210626738,6092002,0.00124100,0.31000000,1
1531210627308,1531210627303,6092003,0.00124100,0.29000000,1
1531210627776,1531210627771,6092004,0.00124100,0.01000000,1
1531210627851,1531210627847,6092005,0.00124100,0.94000000,1
1531210628660,1531210628655,6092006,0.00124100,0.35000000,1
1531210629186,1531210629182,6092007,0.00124100,0.76000000,1
1531210629585,1531210629581,6092008,0.00124100,0.27000000,1
1531210630078,1531210630073,6092009,0.00124100,6.03000000,1
1531210630538,1531210630534,6092010,0.00124100,1.61000000,1
1531210631084,1531210631080,6092011,0.00124100,0.35000000,1
1531210631630,1531210631630,6092012,0.00124100,0.29000000,1
1531210632267,1531210632262,6092013,0.00124100,0.32000000,1
1531210632616,1531210632612,6092014,0.00124100,0.24000000,1
1531210633088,1531210633083,6092015,0.00124100,0.32000000,1
1531210633688,1531210633684,6092016,0.00124100,0.32000000,1
1531210634195,1531210634189,6092017,0.00124100,0.56000000,1
1531210634735,1531210634729,6092018,0.00124100,0.27000000,1
1531210635276,1531210635272,6092019,0.00124100,0.28000000,1
1531210635794,1531210635790,6092020,0.00124100,0.28000000,1
1531210636502,1531210636497,6092021,0.00124100,0.34000000,1
1531210636760,1531210636756,6092022,0.00124100,0.31000000,1
1531210637177,1531210637173,6092023,0.00124100,0.80000000,1
1531210637910,1531210637906,6092024,0.00124100,0.30000000,1
1531210638644,1531210638638,6092025,0.00124100,0.67000000,1
1531210639062,1531210639058,6092026,0.00124100,0.25000000,1
1531210639562,1531210639558,6092027,0.00124100,0.31000000,1
1531210640321,1531210640316,6092028,0.00124100,0.21000000,1
1531210640885,1531210640879,6092029,0.00124100,0.53000000,1
1531210641270,1531210641267,6092030,0.00124100,0.38000000,1
1531210641523,1531210641519,6092031,0.00124100,3.78000000,1
1531210642039,1531210642035,6092032,0.00124100,0.72000000,1
1531210725145,1531210725141,6092033,0.00124100,0.87000000,1
1531210755928,1531210755924,6092034,0.00124100,57.96000000,1
1531210755948,1531210755944,6092035,0.00124100,7.00000000,0
1531210755977,1531210755973,6092036,0.00124100,96.06000000,0
1531210760020,1531210760015,6092037,0.00124000,0.04000000,1
1531210774832,1531210774828,6092038,0.00124500,76.64000000,0
1531210815667,1531210815663,6092039,0.00124500,0.88000000,0
1531210815667,1531210815663,6092040,0.00124600,13.60000000,0
1531210881435,1531210881430,6092041,0.00124100,7.00000000,1
1531210911248,1531210911245,6092042,0.00124100,2.03000000,1
1531210947200,1531210947196,6092043,0.00124100,12.13000000,1
1531210947218,1531210947213,6092044,0.00124100,9.36000000,1
1531210947261,1531210947257,6092045,0.00124000,10.68000000,1
1531210947298,1531210947295,6092046,0.00124000,6.06000000,1
1531210947339,1531210947336,6092047,0.00124000,24.27000000,1
1531210947633,1531210947628,6092048,0.00124100,1.90000000,1
1531210947658,1531210947655,6092049,0.00124100,2.70000000,1
1531210948166,1531210948161,6092050,0.00124100,44.57000000,1
1531210948496,1531210948492,6092051,0.00124100,40.53000000,1
1531210985646,1531210985641,6092052,0.00124500,0.02000000,0
1531211000558,1531211000553,6092053,0.00124100,1.50000000,1
1531211000570,1531211000567,6092054,0.00124100,3.00000000,1
1531211001638,1531211001634,6092055,0.00124000,1.42000000,1
1531211017162,1531211017159,6092056,0.00124000,0.13000000,1
1531211100031,1531211100026,6092057,0.00124400,2.66000000,0
1531211100031,1531211100026,6092058,0.00124500,5.37000000,0
1531211170560,1531211170560,6092059,0.00124300,10.00000000,1
1531211356903,1531211356897,6092060,0.00124000,1.13000000,1
1531211369920,1531211369917,6092061,0.00124000,0.02000000,1
1531211430452,1531211430448,6092062,0.00124000,0.12000000,1
1531211482888,1531211482884,6092063,0.00124000,0.13000000,1
1531211548762,1531211548758,6092064,0.00124000,0.04000000,1
1531211561099,1531211561096,6092065,0.00124000,24.23000000,1
1531211567862,1531211567859,6092066,0.00124400,0.82000000,0
1531211590669,1531211590665,6092067,0.00124000,0.02000000,1
1531211618461,1531211618458,6092068,0.00124000,0.09000000,1
1531211653082,1531211653078,6092069,0.00124400,50.00000000,0
1531211674032,1531211674028,6092070,0.00124400,50.00000000,0
1531211690773,1531211690769,6092071,0.00124400,11.80000000,0
1531211729908,1531211729903,6092072,0.00124000,0.02000000,1
1531211738443,1531211738440,6092073,0.00124000,43.99000000,1
1531211738462,1531211738457,6092074,0.00124000,8.52000000,0
1531211738674,1531211738670,6092075,0.00124000,137.04000000,0
1531211803638,1531211803634,6092076,0.00124000,15.06000000,1
1531211869967,1531211869962,6092077,0.00124500,0.82000000,0
1531211895308,1531211895304,6092078,0.00124100,0.07000000,1
1531211930683,1531211930678,6092079,0.00124500,0.01000000,0
1531211946383,1531211946379,6092080,0.00124100,1.00000000,0
1531212001102,1531212001097,6092081,0.00124100,0.12000000,1
1531212031030,1531212031026,6092082,0.00124100,0.10000000,1
1531212138347,1531212138342,6092083,0.00124200,40.50000000,1
1531212195126,1531212195120,6092084,0.00124200,0.01000000,1
1531212198944,1531212198940,6092085,0.00124500,24.44000000,0
1531212270536,1531212270531,6092086,0.00124200,194.90000000,1
1531212270536,1531212270531,6092087,0.00124100,1.78000000,1
1531212270536,1531212270531,6092088,0.00123900,597.08000000,1
1531212272790,1531212272786,6092089,0.00124100,80.80000000,1
1531212273795,1531212273790,6092090,0.00124100,75.53000000,1
1531212274724,1531212274720,6092091,0.00124200,235.41000000,1
1531212275391,1531212275388,6092092,0.00124500,1.00000000,0
1531212288648,1531212288645,6092093,0.00124200,58.11000000,1
1531212288677,1531212288672,6092094,0.00124200,1.09000000,1
1531212301750,1531212301748,6092095,0.00124300,17.82000000,0
1531212303134,1531212303128,6092096,0.00124200,8.91000000,0
1531212340264,1531212340260,6092097,0.00124400,0.01000000,0
1531212350953,1531212350950,6092098,0.00124400,0.01000000,0
1531212362754,1531212362749,6092099,0.00124400,0.01000000,0
1531212367402,1531212367398,6092100,0.00124200,4.40000000,1
1531212367425,1531212367420,6092101,0.00124200,4.51000000,1
1531212377464,1531212377461,6092102,0.00124000,0.06000000,1
1531212390688,1531212390685,6092103,0.00124400,401.32000000,0
1531212391683,1531212391679,6092104,0.00124400,61.02000000,0
1531212392689,1531212392684,6092105,0.00124400,197.54000000,0
1531212393689,1531212393685,6092106,0.00124400,44.94000000,0
1531212394514,1531212394508,6092107,0.00124200,0.02000000,1
1531212403469,1531212403465,6092108,0.00124200,3.04000000,1
1531212438200,1531212438195,6092109,0.00124300,3.30000000,1
1531212439041,1531212439037,6092110,0.00124300,5.40000000,1
1531212439596,1531212439592,6092111,0.00124300,5.40000000,1
1531212440343,1531212440338,6092112,0.00124300,5.40000000,1
1531212440972,1531212440968,6092113,0.00124300,3.50000000,1
1531212442165,1531212442160,6092114,0.00124300,3.40000000,1
1531212442195,1531212442191,6092115,0.00124300,101.40000000,1
1531212444868,1531212444863,6092116,0.00124100,20.60000000,1
1531212446371,1531212446366,6092117,0.00124200,4.30000000,1
1531212446537,1531212446532,6092118,0.00124200,3.41000000,1
1531212447002,1531212446997,6092119,0.00124200,4.30000000,1
1531212447119,1531212447118,6092120,0.00124100,5.14000000,1
1531212447130,1531212447129,6092121,0.00124100,10.29000000,1
1531212447239,1531212447235,6092122,0.00124100,20.59000000,1
1531212447257,1531212447256,6092123,0.00124100,2.90000000,1
1531212447345,1531212447341,6092124,0.00124100,3.70000000,1
1531212447653,1531212447649,6092125,0.00124100,5.40000000,1
1531212447689,1531212447683,6092126,0.00124100,24.23000000,1
1531212505777,1531212505773,6092127,0.00123900,9.23000000,1
1531212630743,1531212630738,6092128,0.00123900,1.19000000,1
1531212631011,1531212631008,6092129,0.00124200,3.50000000,0
1531212661661,1531212661655,6092130,0.00124100,14.92000000,0
1531212661661,1531212661655,6092131,0.00124200,5.88000000,0
1531212719937,1531212719933,6092132,0.00123700,0.01000000,1
1531212786518,1531212786515,6092133,0.00123700,2.89000000,1
1531212786520,1531212786515,6092134,0.00123700,0.32000000,1
1531212786745,1531212786742,6092135,0.00123700,2.57000000,0
1531212799980,1531212799976,6092136,0.00123900,10.98000000,0
1531212800029,1531212800024,6092137,0.00123600,0.81000000,1
1531212800029,1531212800024,6092138,0.00123500,0.50000000,1
1531212811114,1531212811110,6092139,0.00124000,0.01000000,0
1531212857070,1531212857065,6092140,0.00123500,5.18000000,1
1531212901243,1531212901239,6092141,0.00123400,0.82000000,1
1531212989216,1531212989211,6092142,0.00124000,0.01000000,0
1531213009814,1531213009809,6092143,0.00123400,22.79000000,1
1531213033278,1531213033273,6092144,0.00123400,20.78000000,1
1531213152437,1531213152433,6092145,0.00124000,0.02000000,0
1531213166915,1531213166913,6092146,0.00124000,0.03000000,0
1531213205136,1531213205132,6092147,0.00123400,0.01000000,1
1531213272362,1531213272359,6092148,0.00124000,1.41000000,0
1531213278637,1531213278632,6092149,0.00124000,0.47000000,0
1531213323005,1531213323000,6092150,0.00123900,0.05000000,0
1531213525186,1531213525182,6092151,0.00123400,0.01000000,1
1531213590607,1531213590604,6092152,0.00123400,0.01000000,1
1531213753062,1531213753057,6092153,0.00123500,3.99000000,1
1531213800510,1531213800507,6092154,0.00123500,6.49000000,1
1531213884463,1531213884459,6092155,0.00124200,0.16000000,0
1531213891231,1531213891226,6092156,0.00124200,10.00000000,0
1531213899564,1531213899560,6092157,0.00123700,0.22000000,1
1531213901179,1531213901174,6092158,0.00123600,0.22000000,1
1531213911995,1531213911991,6092159,0.00123600,9.50000000,1
1531214024618,1531214024615,6092160,0.00123600,0.04000000,1
1531214096825,1531214096820,6092161,0.00123600,0.01000000,1
1531214131740,1531214131735,6092162,0.00123800,0.01000000,1
1531214239900,1531214239895,6092163,0.00123800,1.28000000,1
1531214240247,1531214240242,6092164,0.00123800,1.28000000,1
1531214240438,1531214240432,6092165,0.00123800,1.28000000,1
1531214241753,1531214241748,6092166,0.00123800,1.28000000,1
1531214242046,1531214242043,6092167,0.00123800,1.15000000,1
1531214242359,1531214242355,6092168,0.00123800,1.15000000,1
1531214242712,1531214242708,6092169,0.00123800,1.15000000,1
1531214242983,1531214242979,6092170,0.00123800,11.50000000,1
1531214243365,1531214243361,6092171,0.00123800,1.15000000,1
1531214244371,1531214244367,6092172,0.00123800,3.10000000,1
1531214281896,1531214281891,6092173,0.00124100,0.13000000,0
1531214284970,1531214284964,6092174,0.00123800,0.01000000,1
1531214355849,1531214355846,6092175,0.00123800,9.36000000,1
1531214362549,1531214362543,6092176,0.00123800,2.59000000,1
1531214367069,1531214367066,6092177,0.00124000,0.02000000,0
1531214410438,1531214410434,6092178,0.00124000,8.10000000,0
1531214410438,1531214410434,6092179,0.00124100,8.02000000,0
1531214427895,1531214427890,6092180,0.00123800,1.70000000,1
1531214428256,1531214428251,6092181,0.00123800,0.33000000,1
1531214464187,1531214464183,6092182,0.00124200,0.92000000,0
1531214473412,1531214473406,6092183,0.00123800,8.12000000,1
1531214473412,1531214473406,6092184,0.00123700,12.30000000,1
1531214473412,1531214473406,6092185,0.00123600,37.99000000,1
1531214473412,1531214473406,6092186,0.00123400,68.14000000,1
1531214502966,1531214502960,6092187,0.00123700,5.07000000,1
1531214507534,1531214507529,6092188,0.00123600,30.63000000,1
1531214507534,1531214507529,6092189,0.00123500,66.25000000,1
1531214607607,1531214607603,6092190,0.00123800,0.86000000,0
1531214618140,1531214618135,6092191,0.00123800,0.91000000,0
1531214621781,1531214621775,6092192,0.00123800,0.92000000,0
1531214645184,1531214645180,6092193,0.00123400,5.41000000,1
1531214645969,1531214645965,6092194,0.00123400,2.99000000,1
1531214647993,1531214647990,6092195,0.00123600,2.05000000,0
1531214648985,1531214648982,6092196,0.00123400,140.00000000,1
1531214650082,1531214650077,6092197,0.00123400,34.88000000,1
1531214650727,1531214650724,6092198,0.00123200,0.33000000,1
1531214650995,1531214650991,6092199,0.00123400,0.04000000,0
1531214653383,1531214653378,6092200,0.00123200,0.14000000,1
1531214654908,1531214654905,6092201,0.00123600,0.81000000,0
1531214673365,1531214673360,6092202,0.00123600,0.81000000,0
1531214724719,1531214724714,6092203,0.00123600,0.81000000,0
1531214768458,1531214768453,6092204,0.00123600,0.51000000,0
1531214834825,1531214834819,6092205,0.00123200,0.66000000,1
1531214999236,1531214999231,6092206,0.00123200,4.99000000,1
1531215024411,1531215024408,6092207,0.00123600,0.81000000,0
1531215025231,1531215025227,6092208,0.00123600,0.81000000,0
1531215026026,1531215026023,6092209,0.00123600,0.81000000,0
1531215042521,1531215042517,6092210,0.00123500,0.81000000,0
1531215045471,1531215045468,6092211,0.00123500,0.81000000,0
1531215086417,1531215086413,6092212,0.00123200,0.04000000,1
1531215108194,1531215108189,6092213,0.00123600,0.81000000,0
1531215110102,1531215110097,6092214,0.00123600,0.81000000,0
1531215110619,1531215110616,6092215,0.00123600,16.18000000,0
1531215114294,1531215114289,6092216,0.00123200,10.26000000,1
1531215114294,1531215114289,6092217,0.00123100,56.63000000,1
1531215114294,1531215114289,6092218,0.00123000,909.48000000,1
1531215114295,1531215114289,6092219,0.00122900,41.50000000,1
1531215114295,1531215114289,6092220,0.00122800,198.07000000,1
1531215114295,1531215114289,6092221,0.00122800,33.15000000,1
1531215114309,1531215114306,6092222,0.00122800,1.70000000,0
1531215114310,1531215114306,6092223,0.00122800,3.15000000,0
1531215114310,1531215114306,6092224,0.00123000,20.48000000,0
1531215114310,1531215114306,6092225,0.00123000,3.15000000,0
1531215114337,1531215114333,6092226,0.00122700,3.14000000,1
1531215122136,1531215122131,6092227,0.00123400,93.88000000,0
1531215122290,1531215122286,6092228,0.00123400,0.81000000,0
1531215122324,1531215122321,6092229,0.00123400,0.81000000,0
1531215123304,1531215123299,6092230,0.00123400,0.81000000,0
1531215124215,1531215124211,6092231,0.00123400,0.81000000,0
1531215125107,1531215125104,6092232,0.00123400,0.81000000,0
1531215126302,1531215126297,6092233,0.00123400,0.81000000,0
1531215126804,1531215126799,6092234,0.00123400,0.81000000,0
1531215127624,1531215127619,6092235,0.00123400,0.81000000,0
1531215128259,1531215128256,6092236,0.00123400,0.81000000,0
1531215129492,1531215129488,6092237,0.00123400,0.80000000,0
1531215130284,1531215130280,6092238,0.00123400,0.81000000,0
1531215139195,1531215139191,6092239,0.00123600,1.13000000,0
1531215139235,1531215139231,6092240,0.00123600,1.34000000,0
1531215139278,1531215139272,6092241,0.00123600,1.20000000,0
1531215143225,1531215143221,6092242,0.00123100,1.97000000,1
1531215145431,1531215145427,6092243,0.00123600,0.17000000,0
1531215158521,1531215158516,6092244,0.00123300,0.81000000,0
1531215158821,1531215158816,6092245,0.00123300,0.81000000,0
1531215159338,1531215159334,6092246,0.00123300,0.22000000,0
1531215159647,1531215159644,6092247,0.00123300,0.81000000,0
1531215160383,1531215160379,6092248,0.00123300,0.81000000,0
1531215162325,1531215162321,6092249,0.00123300,0.81000000,0
1531215162791,1531215162787,6092250,0.00123000,0.83000000,1
1531215163499,1531215163494,6092251,0.00123000,5.75000000,1
1531215163667,1531215163663,6092252,0.00123000,2.47000000,1
1531215164030,1531215164027,6092253,0.00123300,0.81000000,0
1531215165843,1531215165837,6092254,0.00123600,0.81000000,0
1531215167715,1531215167711,6092255,0.00123500,0.81000000,0
1531215169616,1531215169611,6092256,0.00123500,0.81000000,0
1531215171360,1531215171355,6092257,0.00123500,0.81000000,0
1531215183198,1531215183195,6092258,0.00123500,0.81000000,0
1531215185108,1531215185104,6092259,0.00123500,0.81000000,0
1531215186937,1531215186934,6092260,0.00123500,0.81000000,0
1531215188739,1531215188731,6092261,0.00123500,0.81000000,0
1531215190657,1531215190653,6092262,0.00123500,0.81000000,0
1531215192381,1531215192377,6092263,0.00123500,0.81000000,0
1531215194282,1531215194276,6092264,0.00123500,0.81000000,0
1531215196044,1531215196039,6092265,0.00123500,0.81000000,0
1531215197913,1531215197909,6092266,0.00123500,0.81000000,0
1531215199707,1531215199704,6092267,0.00123500,0.81000000,0
1531215201520,1531215201516,6092268,0.00123500,0.81000000,0
1531215203231,1531215203226,6092269,0.00123500,0.81000000,0
1531215205073,1531215205070,6092270,0.00123500,0.81000000,0
1531215207026,1531215207023,6092271,0.00123500,0.81000000,0
1531215209133,1531215209129,6092272,0.00123500,0.81000000,0
1531215210737,1531215210732,6092273,0.00123500,0.81000000,0
1531215212509,1531215212504,6092274,0.00123500,0.81000000,0
1531215214387,1531215214383,6092275,0.00123500,0.81000000,0
1531215216165,1531215216159,6092276,0.00123500,0.81000000,0
1531215256547,1531215256543,6092277,0.00123400,0.81000000,0
1531215258446,1531215258442,6092278,0.00123400,0.81000000,0
1531215258657,1531215258652,6092279,0.00123400,0.01000000,0
1531215271874,1531215271868,6092280,0.00123000,15.58000000,1
1531215271874,1531215271868,6092281,0.00122900,74.24000000,1
1531215271874,1531215271868,6092282,0.00122700,795.76000000,1
1531215271874,1531215271868,6092283,0.00122600,9.19000000,1
1531215271874,1531215271868,6092284,0.00122500,86.51000000,1
1531215271875,1531215271868,6092285,0.00122400,283.93000000,1
1531215271887,1531215271883,6092286,0.00122500,313.20000000,0
1531215271894,1531215271889,6092287,0.00122500,91.14000000,0
1531215271918,1531215271914,6092288,0.00122500,545.41000000,0
1531215271922,1531215271920,6092289,0.00122500,34.64000000,0
1531215271940,1531215271937,6092290,0.00122500,91.14000000,0
1531215271956,1531215271951,6092291,0.00122500,10.43000000,0
1531215271969,1531215271965,6092292,0.00122500,220.41000000,0
1531215271971,1531215271966,6092293,0.00122500,80.47000000,0
1531215271974,1531215271969,6092294,0.00122500,220.41000000,0
1531215272017,1531215272012,6092295,0.00122500,158.69000000,0
1531215272025,1531215272021,6092296,0.00122500,252.78000000,0
1531215272240,1531215272237,6092297,0.00123400,0.40000000,0
1531215272754,1531215272750,6092298,0.00122800,50.82000000,1
1531215272878,1531215272874,6092299,0.00123400,20.00000000,0
1531215273273,1531215273269,6092300,0.00123200,20.00000000,0
1531215273452,1531215273448,6092301,0.00123100,0.81000000,0
1531215274203,1531215274197,6092302,0.00122800,7.89000000,1
1531215274597,1531215274593,6092303,0.00123000,8.13000000,0
1531215274817,1531215274813,6092304,0.00122800,18.25000000,1
1531215275199,1531215275194,6092305,0.00123000,73.50000000,0
1531215275199,1531215275194,6092306,0.00123100,17.60000000,0
1531215275294,1531215275289,6092307,0.00123100,0.81000000,0
1531215275455,1531215275449,6092308,0.00123000,11.43000000,1
1531215276026,1531215276021,6092309,0.00123000,11.33000000,1
1531215277257,1531215277253,6092310,0.00123100,0.81000000,0
1531215277672,1531215277667,6092311,0.00122800,0.12000000,1
1531215277699,1531215277697,6092312,0.00122800,0.11000000,1
1531215277711,1531215277705,6092313,0.00122800,0.14000000,1
1531215277737,1531215277732,6092314,0.00122800,0.14000000,1
1531215277741,1531215277736,6092315,0.00122800,0.12000000,1
1531215279052,1531215279048,6092316,0.00123100,0.81000000,0
1531215282190,1531215282187,6092317,0.00123100,0.81000000,0
1531215283886,1531215283883,6092318,0.00122800,0.12000000,1
1531215283936,1531215283932,6092319,0.00122800,0.12000000,1
1531215284071,1531215284068,6092320,0.00123100,0.81000000,0
1531215284265,1531215284258,6092321,0.00122800,0.14000000,1
1531215285867,1531215285862,6092322,0.00123100,0.81000000,0
1531215287763,1531215287758,6092323,0.00123000,7.49000000,0
1531215287763,1531215287758,6092324,0.00123100,8.97000000,0
1531215287835,1531215287830,6092325,0.00123100,0.81000000,0
1531215287897,1531215287893,6092326,0.00123100,193.39000000,0
1531215288589,1531215288585,6092327,0.00123000,10.44000000,0
1531215288589,1531215288585,6092328,0.00123100,6.02000000,0
1531215289084,1531215289080,6092329,0.00123100,15.62000000,0
1531215289391,1531215289387,6092330,0.00123100,16.46000000,0
1531215289595,1531215289590,6092331,0.00122600,0.17000000,1
1531215289707,1531215289703,6092332,0.00123100,0.81000000,0
1531215290740,1531215290733,6092333,0.00123100,13.00000000,0
1531215291519,1531215291515,6092334,0.00123100,0.81000000,0
1531215293129,1531215293124,6092335,0.00123100,0.81000000,0
1531215295975,1531215295971,6092336,0.00123100,0.81000000,0
1531215296106,1531215296102,6092337,0.00123100,20.57000000,0
1531215297584,1531215297579,6092338,0.00123100,225.05000000,0
1531215297789,1531215297784,6092339,0.00123100,0.81000000,0
1531215299719,1531215299716,6092340,0.00123100,0.81000000,0
1531215300267,1531215300263,6092341,0.00123100,20.00000000,0
1531215301914,1531215301910,6092342,0.00123100,20.57000000,0
1531215302512,1531215302509,6092343,0.00123100,0.81000000,0
1531215302843,1531215302839,6092344,0.00122600,6.38000000,1
1531215304283,1531215304278,6092345,0.00123100,0.81000000,0
1531215304774,1531215304769,6092346,0.00122600,0.83000000,1
1531215304972,1531215304968,6092347,0.00122600,0.83000000,1
1531215306064,1531215306060,6092348,0.00123100,0.81000000,0
1531215308358,1531215308355,6092349,0.00123100,0.81000000,0
1531215311153,1531215311149,6092350,0.00123100,0.81000000,0
1531215312794,1531215312790,6092351,0.00123100,0.81000000,0
1531215314620,1531215314616,6092352,0.00123100,0.81000000,0
1531215323331,1531215323327,6092353,0.00123100,1.51000000,0
1531215324688,1531215324685,6092354,0.00122600,0.83000000,1
1531215325331,1531215325326,6092355,0.00122600,1.82000000,1
1531215325908,1531215325903,6092356,0.00122600,0.83000000,1
1531215347041,1531215347036,6092357,0.00123100,5.03000000,0
1531215347431,1531215347425,6092358,0.00123100,0.07000000,0
1531215347431,1531215347425,6092359,0.00123200,0.45000000,0
1531215349828,1531215349824,6092360,0.00123200,0.56000000,0
1531215349951,1531215349946,6092361,0.00123200,0.34000000,0
1531215350054,1531215350050,6092362,0.00123200,6.03000000,0
1531215350092,1531215350087,6092363,0.00123200,0.66000000,0
1531215350329,1531215350324,6092364,0.00123200,0.26000000,0
1531215350369,1531215350365,6092365,0.00123200,161.12000000,0
1531215350397,1531215350392,6092366,0.00123200,0.35000000,0
1531215350440,1531215350437,6092367,0.00123200,0.26000000,0
1531215350494,1531215350491,6092368,0.00123200,0.27000000,0
1531215350613,1531215350607,6092369,0.00123200,1.66000000,0
1531215350655,1531215350650,6092370,0.00123200,0.95000000,0
1531215350818,1531215350813,6092371,0.00123200,0.30000000,0
1531215350860,1531215350857,6092372,0.00123200,0.64000000,0
1531215351007,1531215351003,6092373,0.00123200,0.56000000,0
1531215351041,1531215351037,6092374,0.00123200,0.31000000,0
1531215351104,1531215351100,6092375,0.00123200,0.71000000,0
1531215351128,1531215351125,6092376,0.00123200,1.61000000,0
1531215351288,1531215351283,6092377,0.00123200,0.32000000,0
1531215351338,1531215351334,6092378,0.00123200,0.32000000,0
1531215351432,1531215351426,6092379,0.00123200,0.31000000,0
1531215351486,1531215351483,6092380,0.00123200,0.72000000,0
1531215351568,1531215351565,6092381,0.00123200,3.78000000,0
1531215351613,1531215351608,6092382,0.00123200,0.38000000,0
1531215351800,1531215351796,6092383,0.00123200,0.53000000,0
1531215351812,1531215351807,6092384,0.00123200,0.21000000,0
1531215351901,1531215351897,6092385,0.00123200,0.31000000,0
1531215351952,1531215351946,6092386,0.00123200,0.25000000,0
1531215352136,1531215352131,6092387,0.00123200,0.67000000,0
1531215352188,1531215352183,6092388,0.00123200,0.30000000,0
1531215352236,1531215352231,6092389,0.00123200,0.80000000,0
1531215352650,1531215352645,6092390,0.00123200,0.28000000,0
1531215352690,1531215352686,6092391,0.00123200,0.28000000,0
1531215352711,1531215352706,6092392,0.00123200,0.34000000,0
1531215352838,1531215352832,6092393,0.00123200,0.24000000,0
1531215352891,1531215352886,6092394,0.00123200,0.32000000,0
1531215352912,1531215352908,6092395,0.00123200,0.27000000,0
1531215352974,1531215352970,6092396,0.00123200,0.29000000,0
1531215353084,1531215353080,6092397,0.00123200,0.35000000,0
1531215353349,1531215353344,6092398,0.00123200,0.27000000,0
1531215353411,1531215353406,6092399,0.00123200,0.76000000,0
1531215353480,1531215353476,6092400,0.00123200,0.35000000,0
1531215353500,1531215353496,6092401,0.00123200,0.94000000,0
1531215353660,1531215353655,6092402,0.00123200,0.29000000,0
1531215353704,1531215353700,6092403,0.00123200,0.80000000,0
1531215353763,1531215353757,6092404,0.00123200,2.04000000,0
1531215353812,1531215353806,6092405,0.00123200,0.37000000,0
1531215354106,1531215354103,6092406,0.00123200,0.30000000,0
1531215354156,1531215354153,6092407,0.00123200,0.66000000,0
1531215354196,1531215354192,6092408,0.00122700,58.94000000,1
1531215354231,1531215354226,6092409,0.00123200,0.25000000,0
1531215354431,1531215354428,6092410,0.00123200,0.34000000,0
1531215354486,1531215354483,6092411,0.00123200,0.32000000,0
1531215354530,1531215354526,6092412,0.00123200,0.38000000,0
1531215354707,1531215354702,6092413,0.00123200,0.16000000,0
1531215354743,1531215354740,6092414,0.00123200,0.26000000,0
1531215354789,1531215354786,6092415,0.00123200,3.47000000,0
1531215354801,1531215354797,6092416,0.00123200,0.24000000,0
1531215355219,1531215355214,6092417,0.00123200,0.70000000,0
1531215355367,1531215355364,6092418,0.00123200,0.25000000,0
1531215355418,1531215355414,6092419,0.00123200,0.30000000,0
1531215355461,1531215355455,6092420,0.00123200,0.85000000,0
1531215355463,1531215355459,6092421,0.00123200,0.22000000,0
1531215355513,1531215355510,6092422,0.00123200,1.02000000,0
1531215355555,1531215355550,6092423,0.00123200,0.29000000,0
1531215355639,1531215355634,6092424,0.00123200,0.28000000,0
1531215355897,1531215355893,6092425,0.00123200,0.27000000,0
1531215355977,1531215355974,6092426,0.00123200,0.88000000,0
1531215356044,1531215356040,6092427,0.00123200,0.39000000,0
1531215356093,1531215356089,6092428,0.00123200,0.83000000,0
1531215356133,1531215356129,6092429,0.00123200,0.26000000,0
1531215356298,1531215356295,6092430,0.00123200,3.24000000,0
1531215356306,1531215356302,6092431,0.00123200,0.08000000,0
1531215356324,1531215356319,6092432,0.00123200,0.30000000,0
1531215356410,1531215356407,6092433,0.00123200,0.25000000,0
1531215356456,1531215356451,6092434,0.00123200,2.65000000,0
1531215356571,1531215356566,6092435,0.00123200,3.51000000,0
1531215356675,1531215356671,6092436,0.00123200,0.71000000,0
1531215356864,1531215356859,6092437,0.00123200,0.29000000,0
1531215357000,1531215356993,6092438,0.00123200,0.38000000,0
1531215357045,1531215357041,6092439,0.00123200,0.40000000,0
1531215357129,1531215357126,6092440,0.00123200,0.64000000,0
1531215357169,1531215357166,6092441,0.00123200,1.51000000,0
1531215363788,1531215363784,6092442,0.00123300,76.84000000,0
1531215425069,1531215425065,6092443,0.00123200,2.33000000,0
1531215440623,1531215440619,6092444,0.00122900,5.85000000,1
1531215440623,1531215440619,6092445,0.00122700,281.95000000,1
1531215440623,1531215440619,6092446,0.00122600,312.24000000,1
1531215463887,1531215463883,6092447,0.00122600,19.68000000,1
1531215463887,1531215463883,6092448,0.00122500,12.21000000,1
1531215465034,1531215465029,6092449,0.00122900,18.70000000,0
1531215469983,1531215469979,6092450,0.00122500,7.41000000,1
1531215472801,1531215472796,6092451,0.00122900,0.01000000,0
1531215473115,1531215473111,6092452,0.00122500,0.14000000,1
1531215473145,1531215473141,6092453,0.00122500,0.14000000,1
1531215475755,1531215475752,6092454,0.00122900,7.48000000,0
1531215476801,1531215476798,6092455,0.00122500,0.14000000,1
1531215488058,1531215488054,6092456,0.00122500,7.18000000,1
1531215488710,1531215488705,6092457,0.00122500,2.90000000,1
1531215495102,1531215495098,6092458,0.00122500,3.00000000,1
1531215508539,1531215508532,6092459,0.00122900,199.99000000,0
1531215512167,1531215512163,6092460,0.00122900,131.49000000,0
1531215512167,1531215512163,6092461,0.00123000,68.51000000,0
1531215528734,1531215528729,6092462,0.00123200,0.85000000,0
1531215558131,1531215558126,6092463,0.00123100,29.85000000,0
1531215559452,1531215559447,6092464,0.00122800,0.40000000,1
1531215559462,1531215559458,6092465,0.00123100,89.55000000,0
1531215560182,1531215560178,6092466,0.00122800,0.37000000,1
1531215560777,1531215560773,6092467,0.00122800,0.46000000,1
1531215572785,1531215572782,6092468,0.00123200,98.26000000,0
1531215584599,1531215584594,6092469,0.00123200,36.94000000,0
1531215585154,1531215585149,6092470,0.00123400,5.05000000,0
1531215585620,1531215585615,6092471,0.00123400,0.01000000,0
1531215590042,1531215590038,6092472,0.00123200,5.00000000,1
1531215593994,1531215593989,6092473,0.00123400,11.15000000,0
1531215593994,1531215593989,6092474,0.00123500,87.06000000,0
1531215595745,1531215595741,6092475,0.00123600,33.17000000,0
1531215596399,1531215596396,6092476,0.00123600,23.84000000,0
1531215596402,1531215596398,6092477,0.00123600,23.88000000,0
1531215596407,1531215596403,6092478,0.00123600,23.84000000,0
1531215597011,1531215597006,6092479,0.00123600,44.91000000,0
1531215615046,1531215615042,6092480,0.00123600,2.27000000,0
1531215627557,1531215627554,6092481,0.00123600,60.00000000,0
1531215664420,1531215664415,6092482,0.00123600,0.01000000,0
1531215678082,1531215678078,6092483,0.00123700,0.81000000,0
1531215682946,1531215682943,6092484,0.00123200,70.39000000,1
1531215682946,1531215682943,6092485,0.00123100,348.04000000,1
1531215691413,1531215691410,6092486,0.00123700,14.00000000,0
1531215691445,1531215691440,6092487,0.00123700,14.00000000,0
1531215691457,1531215691452,6092488,0.00123700,13.99000000,0
1531215692144,1531215692140,6092489,0.00123700,0.81000000,0
1531215692984,1531215692981,6092490,0.00123700,0.81000000,0
1531215694077,1531215694072,6092491,0.00123700,0.81000000,0
1531215695080,1531215695077,6092492,0.00123700,0.81000000,0
1531215696013,1531215696010,6092493,0.00123700,0.81000000,0
1531215699961,1531215699958,6092494,0.00123300,13.99000000,1
1531215704007,1531215704003,6092495,0.00123700,0.81000000,0
1531215711382,1531215711379,6092496,0.00123600,0.06000000,0
1531215715054,1531215715049,6092497,0.00123300,3.29000000,0
1531215716420,1531215716415,6092498,0.00123300,0.18000000,0
1531215730616,1531215730612,6092499,0.00123300,0.92000000,0
1531215733510,1531215733506,6092500,0.00123300,0.81000000,0
1531215735316,1531215735313,6092501,0.00123300,0.72000000,0
1531215747429,1531215747425,6092502,0.00123100,0.81000000,0
1531215748239,1531215748236,6092503,0.00123100,0.81000000,0
1531215749124,1531215749121,6092504,0.00123100,0.81000000,0
1531215749919,1531215749915,6092505,0.00123100,0.81000000,0
1531215750738,1531215750735,6092506,0.00123100,0.81000000,0
1531215758418,1531215758414,6092507,0.00123000,0.81000000,0
1531215759129,1531215759126,6092508,0.00123000,17.92000000,0
1531215759548,1531215759545,6092509,0.00123000,0.81000000,0
1531215760602,1531215760598,6092510,0.00123000,0.81000000,0
1531215761959,1531215761956,6092511,0.00123000,0.81000000,0
1531215762894,1531215762889,6092512,0.00123000,0.81000000,0
1531215763703,1531215763699,6092513,0.00123000,0.81000000,0
1531215764619,1531215764616,6092514,0.00123000,0.81000000,0
1531215767481,1531215767476,6092515,0.00123000,0.98000000,0
1531215767511,1531215767506,6092516,0.00123000,0.82000000,0
1531215767819,1531215767814,6092517,0.00123000,0.72000000,0
1531215769442,1531215769438,6092518,0.00123000,0.57000000,0
1531215769442,1531215769438,6092519,0.00123100,0.11000000,0
1531215774832,1531215774827,6092520,0.00123100,0.81000000,0
1531215776952,1531215776948,6092521,0.00123100,0.81000000,0
1531215778964,1531215778961,6092522,0.00123100,0.81000000,0
1531215779838,1531215779835,6092523,0.00123100,0.81000000,0
1531215780799,1531215780795,6092524,0.00123100,0.81000000,0
1531215781732,1531215781728,6092525,0.00123100,0.81000000,0
1531215782420,1531215782416,6092526,0.00123100,1.48000000,0
1531215782624,1531215782619,6092527,0.00123100,0.81000000,0
1531215783515,1531215783512,6092528,0.00123100,0.81000000,0
1531215785525,1531215785521,6092529,0.00123100,0.81000000,0
1531215799421,1531215799417,6092530,0.00123100,0.81000000,0
1531215800314,1531215800311,6092531,0.00123100,0.81000000,0
1531215801194,1531215801190,6092532,0.00123100,0.81000000,0
1531215802011,1531215802007,6092533,0.00123100,0.81000000,0
1531215803118,1531215803115,6092534,0.00123100,0.81000000,0
1531215804720,1531215804715,6092535,0.00123100,0.02000000,0
1531215849326,1531215849315,6092536,0.00123100,0.02000000,0
1531215850442,1531215850439,6092537,0.00123100,0.60000000,0
1531215850496,1531215850493,6092538,0.00123100,0.72000000,0
1531215850524,1531215850520,6092539,0.00123100,0.86000000,0
1531215851643,1531215851638,6092540,0.00123100,0.75000000,0
1531215851643,1531215851638,6092541,0.00123200,0.06000000,0
1531215854816,1531215854812,6092542,0.00123200,10.01000000,0
1531215856737,1531215856733,6092543,0.00123200,10.01000000,0
1531215864541,1531215864536,6092544,0.00123400,0.98000000,0
1531215871905,1531215871900,6092545,0.00123400,0.85000000,0
1531215871961,1531215871958,6092546,0.00123400,0.70000000,0
1531215871992,1531215871989,6092547,0.00123400,0.78000000,0
1531215872061,1531215872055,6092548,0.00123400,0.69000000,0
1531215872163,1531215872160,6092549,0.00123400,0.92000000,0
1531215872339,1531215872336,6092550,0.00123400,0.72000000,0
1531215872384,1531215872380,6092551,0.00123400,0.98000000,0
1531215872474,1531215872471,6092552,0.00123400,0.72000000,0
1531215872570,1531215872565,6092553,0.00123400,0.72000000,0
1531215872647,1531215872643,6092554,0.00123400,1.13000000,0
1531215873182,1531215873178,6092555,0.00123400,0.67000000,0
1531215873338,1531215873334,6092556,0.00123400,0.67000000,0
1531215877709,1531215877705,6092557,0.00122900,0.85000000,1
1531215881601,1531215881598,6092558,0.00123400,0.70000000,0
1531215881696,1531215881691,6092559,0.00123400,0.91000000,0
1531215881929,1531215881924,6092560,0.00123400,0.67000000,0
1531215881995,1531215881990,6092561,0.00123400,0.81000000,0
1531215881998,1531215881994,6092562,0.00123400,0.76000000,0
1531215882041,1531215882036,6092563,0.00123400,0.59000000,0
1531215882263,1531215882260,6092564,0.00123400,0.86000000,0
1531215894789,1531215894785,6092565,0.00123400,0.69000000,0
1531215894814,1531215894810,6092566,0.00123400,0.83000000,0
1531215894878,1531215894874,6092567,0.00123400,0.31000000,0
1531215894978,1531215894972,6092568,0.00123400,0.81000000,0
1531215895044,1531215895039,6092569,0.00123400,0.76000000,0
1531215895088,1531215895083,6092570,0.00123400,0.81000000,0
1531215895136,1531215895133,6092571,0.00123400,0.92000000,0
1531215895210,1531215895206,6092572,0.00123400,0.64000000,0
1531215903520,1531215903517,6092573,0.00123400,0.86000000,0
1531215903566,1531215903563,6092574,0.00123400,0.61000000,0
1531215903609,1531215903605,6092575,0.00123400,0.98000000,0
1531215903646,1531215903643,6092576,0.00123400,0.92000000,0
1531215903688,1531215903685,6092577,0.00123400,0.72000000,0
1531215909281,1531215909277,6092578,0.00123400,0.67000000,0
1531215909319,1531215909315,6092579,0.00123400,0.67000000,0
1531215909347,1531215909343,6092580,0.00123400,0.86000000,0
1531215909425,1531215909419,6092581,0.00123400,0.86000000,0
1531215915506,1531215915501,6092582,0.00123400,0.98000000,0
1531215915575,1531215915571,6092583,0.00123400,0.72000000,0
1531215915764,1531215915761,6092584,0.00123400,0.67000000,0
1531215915781,1531215915776,6092585,0.00122800,5.19000000,1
1531215915781,1531215915776,6092586,0.00122700,13.91000000,1
1531215915781,1531215915776,6092587,0.00122600,27.67000000,1
1531215919707,1531215919704,6092588,0.00123100,0.81000000,0
1531215920827,1531215920824,6092589,0.00123100,0.81000000,0
1531215921815,1531215921811,6092590,0.00123100,0.81000000,0
1531215922271,1531215922266,6092591,0.00123100,0.92000000,0
1531215922301,1531215922297,6092592,0.00123200,0.76000000,0
1531215922717,1531215922713,6092593,0.00123200,3.05000000,0
1531215928397,1531215928393,6092594,0.00123200,0.83000000,0
1531215928488,1531215928485,6092595,0.00123200,0.81000000,0
1531215932345,1531215932340,6092596,0.00123200,0.81000000,0
1531215932471,1531215932466,6092597,0.00123200,0.88000000,0
1531215940958,1531215940954,6092598,0.00123200,0.80000000,0
1531215941039,1531215941035,6092599,0.00123200,0.98000000,0
1531215943287,1531215943282,6092600,0.00123200,0.51000000,0
1531215947324,1531215947320,6092601,0.00123300,0.10000000,0
1531215949093,1531215949088,6092602,0.00123300,0.81000000,0
1531215949169,1531215949165,6092603,0.00123300,0.92000000,0
1531215952804,1531215952799,6092604,0.00122800,0.83000000,1
1531215953283,1531215953279,6092605,0.00123300,0.01000000,0
1531215953283,1531215953279,6092606,0.00123400,0.97000000,0
1531215953366,1531215953361,6092607,0.00123400,0.72000000,0
1531215961811,1531215961807,6092608,0.00123400,0.83000000,0
1531215961917,1531215961913,6092609,0.00123400,0.92000000,0
1531215961975,1531215961971,6092610,0.00123400,2.36000000,0
1531215965776,1531215965772,6092611,0.00123400,0.81000000,0
1531215966715,1531215966712,6092612,0.00123400,0.86000000,0
1531215975087,1531215975083,6092613,0.00123400,0.98000000,0
1531215979622,1531215979618,6092614,0.00123400,0.86000000,0
1531215979654,1531215979650,6092615,0.00123400,0.32000000,0
1531215979697,1531215979693,6092616,0.00123400,0.81000000,0
1531215979958,1531215979955,6092617,0.00123400,0.81000000,0
1531215980775,1531215980772,6092618,0.00123400,0.81000000,0
1531215986989,1531215986985,6092619,0.00123400,0.98000000,0
1531215987020,1531215987015,6092620,0.00123400,0.98000000,0
1531215990051,1531215990046,6092621,0.00123400,0.92000000,0
1531215991527,1531215991524,6092622,0.00123400,0.81000000,0
1531215992325,1531215992322,6092623,0.00123400,0.81000000,0
1531215996816,1531215996812,6092624,0.00123400,0.53000000,0
1531215997002,1531215996999,6092625,0.00123400,0.86000000,0
1531216004961,1531216004957,6092626,0.00123400,0.87000000,0
1531216005224,1531216005220,6092627,0.00123400,0.55000000,0
1531216006211,1531216006207,6092628,0.00122900,6.47000000,1
1531216008281,1531216008277,6092629,0.00123400,0.81000000,0
1531216010228,1531216010225,6092630,0.00123400,0.92000000,0
1531216017094,1531216017089,6092631,0.00123400,1.89000000,0
1531216021245,1531216021242,6092632,0.00122900,4.99000000,1
1531216033581,1531216033577,6092633,0.00122900,5.76000000,1
1531216061392,1531216061387,6092634,0.00123300,0.81000000,0
1531216067734,1531216067730,6092635,0.00123300,0.81000000,0
1531216068573,1531216068568,6092636,0.00123300,0.81000000,0
1531216069375,1531216069371,6092637,0.00123300,0.81000000,0
1531216070568,1531216070565,6092638,0.00123300,0.81000000,0
1531216077248,1531216077245,6092639,0.00123200,0.81000000,0
1531216078082,1531216078077,6092640,0.00123200,0.81000000,0
1531216081074,1531216081069,6092641,0.00123100,0.81000000,0
1531216081088,1531216081082,6092642,0.00123100,11.27000000,0
1531216081326,1531216081322,6092643,0.00123200,0.78000000,0
1531216082222,1531216082219,6092644,0.00123200,0.81000000,0
1531216084424,1531216084421,6092645,0.00122900,1.74000000,1
1531216084435,1531216084431,6092646,0.00122900,1.75000000,1
1531216087785,1531216087781,6092647,0.00123200,100.46000000,0
1531216092588,1531216092584,6092648,0.00122900,6.16000000,1
1531216094051,1531216094046,6092649,0.00122900,6.16000000,1
1531216098710,1531216098706,6092650,0.00123100,21.26000000,1
1531216099918,1531216099913,6092651,0.00123100,301.97000000,1
1531216100881,1531216100877,6092652,0.00123400,1.92000000,0
1531216102444,1531216102441,6092653,0.00123400,0.87000000,0
1531216103139,1531216103135,6092654,0.00122900,34.46000000,1
1531216107886,1531216107883,6092655,0.00123400,0.82000000,0
1531216107918,1531216107915,6092656,0.00123400,0.95000000,0
1531216123158,1531216123155,6092657,0.00123400,0.03000000,0
1531216131499,1531216131496,6092658,0.00123400,0.46000000,0
1531216135796,1531216135792,6092659,0.00122900,0.46000000,1
1531216142499,1531216142495,6092660,0.00123400,1.01000000,0
1531216142553,1531216142548,6092661,0.00123400,0.98000000,0
1531216161322,1531216161317,6092662,0.00123400,1.22000000,0
1531216168940,1531216168935,6092663,0.00123400,0.61000000,0
1531216204547,1531216204543,6092664,0.00122900,0.01000000,1
1531216214330,1531216214326,6092665,0.00123400,8.10000000,0
1531216233632,1531216233628,6092666,0.00123400,0.81000000,0
1531216234536,1531216234533,6092667,0.00123400,0.81000000,0
1531216235331,1531216235326,6092668,0.00123400,0.81000000,0
1531216236214,1531216236211,6092669,0.00123400,0.81000000,0
1531216237296,1531216237292,6092670,0.00123400,0.81000000,0
1531216238219,1531216238215,6092671,0.00123400,0.81000000,0
1531216239276,1531216239272,6092672,0.00123400,0.81000000,0
1531216241078,1531216241073,6092673,0.00123400,0.81000000,0
1531216241991,1531216241986,6092674,0.00123400,0.81000000,0
1531216242903,1531216242898,6092675,0.00123400,0.81000000,0
1531216243792,1531216243788,6092676,0.00123400,0.81000000,0
1531216244602,1531216244597,6092677,0.00123400,0.81000000,0
1531216245585,1531216245582,6092678,0.00123400,0.81000000,0
1531216246390,1531216246385,6092679,0.00123400,0.81000000,0
1531216247211,1531216247206,6092680,0.00123400,0.81000000,0
1531216266031,1531216266026,6092681,0.00122900,194.89000000,1
1531216266638,1531216266633,6092682,0.00122900,8.60000000,1
1531216272137,1531216272134,6092683,0.00122900,91.25000000,1
1531216272139,1531216272135,6092684,0.00122900,91.25000000,1
1531216272704,1531216272701,6092685,0.00122900,9.98000000,1
1531216272731,1531216272727,6092686,0.00122900,60.00000000,1
1531216272776,1531216272772,6092687,0.00122900,23.70000000,1
1531216273481,1531216273476,6092688,0.00122900,10.77000000,1
1531216273625,1531216273621,6092689,0.00122600,9.70000000,1
1531216273874,1531216273870,6092690,0.00122600,0.82000000,1
1531216273874,1531216273870,6092691,0.00122500,28.58000000,1
1531216273929,1531216273925,6092692,0.00122800,7.25000000,0
1531216274103,1531216274099,6092693,0.00122800,0.01000000,0
1531216278798,1531216278794,6092694,0.00123100,0.81000000,0
1531216280435,1531216280431,6092695,0.00123100,0.81000000,0
1531216281273,1531216281270,6092696,0.00123100,0.81000000,0
1531216281550,1531216281546,6092697,0.00122600,0.14000000,1
1531216281563,1531216281560,6092698,0.00122600,0.14000000,1
1531216281595,1531216281591,6092699,0.00122600,0.12000000,1
1531216281606,1531216281602,6092700,0.00122600,0.12000000,1
1531216282153,1531216282150,6092701,0.00123100,0.81000000,0
1531216282809,1531216282805,6092702,0.00122500,0.52000000,1
1531216282955,1531216282951,6092703,0.00123000,0.81000000,0
1531216284912,1531216284908,6092704,0.00122900,0.81000000,0
1531216285787,1531216285783,6092705,0.00122900,0.81000000,0
1531216286667,1531216286663,6092706,0.00122900,0.81000000,0
1531216288583,1531216288579,6092707,0.00122900,0.81000000,0
1531216289656,1531216289651,6092708,0.00122900,0.81000000,0
1531216290546,1531216290542,6092709,0.00122900,0.81000000,0
1531216291509,1531216291504,6092710,0.00122900,0.81000000,0
1531216292387,1531216292383,6092711,0.00122900,0.81000000,0
1531216293298,1531216293294,6092712,0.00122900,0.81000000,0
1531216294371,1531216294367,6092713,0.00122900,0.81000000,0
1531216295250,1531216295245,6092714,0.00122900,0.81000000,0
1531216296080,1531216296075,6092715,0.00122900,0.81000000,0
1531216296936,1531216296932,6092716,0.00122900,0.81000000,0
1531216297386,1531216297383,6092717,0.00122900,0.01000000,0
1531216297810,1531216297806,6092718,0.00122900,0.81000000,0
1531216299862,1531216299858,6092719,0.00122900,0.81000000,0
1531216306008,1531216306004,6092720,0.00122800,17.07000000,0
1531216308084,1531216308080,6092721,0.00122500,0.07000000,1
1531216317409,1531216317405,6092722,0.00122500,1.45000000,1
1531216321188,1531216321185,6092723,0.00122500,20.00000000,1
1531216322102,1531216322099,6092724,0.00122500,15.12000000,1
1531216324324,1531216324320,6092725,0.00122700,0.81000000,0
1531216325166,1531216325162,6092726,0.00122700,0.81000000,0
1531216326053,1531216326050,6092727,0.00122700,0.81000000,0
1531216326878,1531216326873,6092728,0.00122700,0.81000000,0
1531216327841,1531216327837,6092729,0.00122700,0.81000000,0
1531216328767,1531216328762,6092730,0.00122700,0.81000000,0
1531216329768,1531216329762,6092731,0.00122700,0.81000000,0
1531216329895,1531216329891,6092732,0.00122600,6.14000000,0
1531216330115,1531216330111,6092733,0.00122300,4.32000000,1
1531216330337,1531216330332,6092734,0.00122500,5.52000000,0
1531216330418,1531216330414,6092735,0.00122200,0.12000000,1
1531216330421,1531216330414,6092736,0.00122200,12.54000000,1
1531216330421,1531216330414,6092737,0.00122100,29.63000000,1
1531216330477,1531216330473,6092738,0.00122100,6.31000000,0
1531216330487,1531216330482,6092739,0.00122000,0.12000000,1
1531216330488,1531216330482,6092740,0.00122000,42.13000000,1
1531216330509,1531216330505,6092741,0.00121900,0.14000000,1
1531216330518,1531216330514,6092742,0.00122000,2.13000000,0
1531216330525,1531216330521,6092743,0.00121900,0.14000000,1
1531216330603,1531216330598,6092744,0.00122000,91.47000000,0
1531216330609,1531216330606,6092745,0.00122000,4.31000000,0
1531216330618,1531216330614,6092746,0.00122000,4.30000000,0
1531216330631,1531216330628,6092747,0.00122000,2.13000000,0
1531216331106,1531216331099,6092748,0.00122000,0.69000000,0
1531216331106,1531216331099,6092749,0.00122100,100.03000000,0
1531216331129,1531216331125,6092750,0.00122100,1.50000000,0
1531216331263,1531216331259,6092751,0.00122100,70.65000000,0
1531216331635,1531216331630,6092752,0.00122100,32.34000000,0
1531216331672,1531216331668,6092753,0.00122500,0.82000000,0
1531216332343,1531216332339,6092754,0.00122500,0.93000000,0
1531216332377,1531216332373,6092755,0.00122500,0.86000000,0
1531216332439,1531216332433,6092756,0.00122500,0.72000000,0
1531216332510,1531216332506,6092757,0.00122500,0.82000000,0
1531216332548,1531216332543,6092758,0.00122500,0.76000000,0
1531216332666,1531216332660,6092759,0.00122500,0.74000000,0
1531216332706,1531216332701,6092760,0.00122500,0.81000000,0
1531216332761,1531216332757,6092761,0.00122500,0.86000000,0
1531216332776,1531216332772,6092762,0.00122500,0.76000000,0
1531216332796,1531216332791,6092763,0.00122500,0.74000000,0
1531216332821,1531216332818,6092764,0.00122500,0.76000000,0
1531216332887,1531216332883,6092765,0.00122500,0.84000000,0
1531216332914,1531216332911,6092766,0.00122500,0.83000000,0
1531216332960,1531216332955,6092767,0.00122500,0.60000000,0
1531216333059,1531216333055,6092768,0.00122500,0.91000000,0
1531216333158,1531216333155,6092769,0.00122500,1.06000000,0
1531216333230,1531216333225,6092770,0.00122500,0.88000000,0
1531216333388,1531216333383,6092771,0.00122100,0.14000000,1
1531216333445,1531216333441,6092772,0.00122100,0.14000000,1
1531216333555,1531216333552,6092773,0.00122500,0.82000000,0
1531216333891,1531216333887,6092774,0.00122500,0.86000000,0
1531216333964,1531216333960,6092775,0.00122500,123.23000000,0
1531216334469,1531216334439,6092776,0.00122500,0.82000000,0
1531216335394,1531216335390,6092777,0.00122500,0.82000000,0
1531216335574,1531216335571,6092778,0.00122100,38.00000000,1
1531216336066,1531216336062,6092779,0.00122500,13.29000000,0
1531216336255,1531216336251,6092780,0.00122600,0.82000000,0
1531216337209,1531216337204,6092781,0.00122600,0.82000000,0
1531216337282,1531216337278,6092782,0.00122600,0.76000000,0
1531216337383,1531216337378,6092783,0.00122600,0.72000000,0
1531216337429,1531216337424,6092784,0.00122600,0.76000000,0
1531216337461,1531216337457,6092785,0.00122600,0.76000000,0
1531216337627,1531216337624,6092786,0.00122100,0.14000000,1
1531216338067,1531216338062,6092787,0.00122600,0.82000000,0
1531216338505,1531216338502,6092788,0.00122600,0.64000000,0
1531216339986,1531216339982,6092789,0.00122600,0.82000000,0
1531216340593,1531216340589,6092790,0.00122600,0.82000000,0
1531216341556,1531216341551,6092791,0.00122600,0.82000000,0
1531216342475,1531216342470,6092792,0.00122600,0.82000000,0
1531216342754,1531216342749,6092793,0.00122100,97.35000000,1
1531216343392,1531216343388,6092794,0.00122600,0.82000000,0
1531216343823,1531216343820,6092795,0.00122100,0.24000000,1
1531216344210,1531216344206,6092796,0.00122600,0.82000000,0
1531216345672,1531216345667,6092797,0.00122600,200.00000000,0
1531216345967,1531216345963,6092798,0.00122100,6.52000000,1
1531216346351,1531216346344,6092799,0.00122600,0.82000000,0
1531216346863,1531216346860,6092800,0.00122500,111.46000000,0
1531216347522,1531216347517,6092801,0.00122500,0.82000000,0
1531216347525,1531216347519,6092802,0.00122500,0.86000000,0
1531216347568,1531216347564,6092803,0.00122500,0.86000000,0
1531216347599,1531216347594,6092804,0.00122500,0.81000000,0
1531216347639,1531216347635,6092805,0.00122500,0.62000000,0
1531216348280,1531216348276,6092806,0.00122100,9.72000000,1
1531216348280,1531216348276,6092807,0.00121900,22.50000000,1
1531216348682,1531216348678,6092808,0.00122500,0.82000000,0
1531216348926,1531216348923,6092809,0.00122500,16.73000000,0
1531216349797,1531216349794,6092810,0.00122400,0.82000000,0
1531216350919,1531216350914,6092811,0.00122400,0.82000000,0
1531216351059,1531216351055,6092812,0.00122400,110.66000000,0
1531216351670,1531216351665,6092813,0.00122400,0.88000000,0
1531216351714,1531216351710,6092814,0.00122400,0.98000000,0
1531216351737,1531216351733,6092815,0.00122400,0.92000000,0
1531216351763,1531216351759,6092816,0.00122400,0.98000000,0
1531216351820,1531216351815,6092817,0.00122400,0.92000000,0
1531216351865,1531216351861,6092818,0.00122400,0.92000000,0
1531216351888,1531216351884,6092819,0.00122400,0.98000000,0
1531216351960,1531216351957,6092820,0.00122400,0.92000000,0
1531216352070,1531216352067,6092821,0.00122400,0.86000000,0
1531216352110,1531216352107,6092822,0.00122400,0.82000000,0
1531216352117,1531216352112,6092823,0.00122400,0.92000000,0
1531216352152,1531216352147,6092824,0.00122400,0.91000000,0
1531216352196,1531216352191,6092825,0.00122400,0.86000000,0
1531216352228,1531216352225,6092826,0.00122400,0.92000000,0
1531216352309,1531216352305,6092827,0.00122400,0.60000000,0
1531216352448,1531216352444,6092828,0.00121900,0.12000000,1
1531216353359,1531216353355,6092829,0.00122400,0.82000000,0
1531216353781,1531216353777,6092830,0.00122400,15.33000000,0
1531216354497,1531216354493,6092831,0.00122400,0.82000000,0
1531216355642,1531216355638,6092832,0.00122400,0.82000000,0
1531216356724,1531216356719,6092833,0.00122400,0.82000000,0
1531216357904,1531216357900,6092834,0.00122400,0.82000000,0
1531216357986,1531216357983,6092835,0.00122400,2.51000000,0
1531216357994,1531216357990,6092836,0.00121800,6.54000000,1
1531216358277,1531216358272,6092837,0.00122400,0.72000000,0
1531216358309,1531216358306,6092838,0.00121800,0.14000000,1
1531216358354,1531216358349,6092839,0.00121800,0.14000000,1
1531216358534,1531216358530,6092840,0.00121800,7.35000000,1
1531216359137,1531216359134,6092841,0.00122400,0.82000000,0
1531216360330,1531216360325,6092842,0.00122400,0.82000000,0
1531216361523,1531216361520,6092843,0.00122400,0.82000000,0
1531216361725,1531216361722,6092844,0.00121900,13.42000000,1
1531216362497,1531216362492,6092845,0.00122300,0.72000000,0
1531216362622,1531216362617,6092846,0.00122300,0.92000000,0
1531216362707,1531216362704,6092847,0.00122300,0.82000000,0
1531216363640,1531216363636,6092848,0.00122300,9.33000000,0
1531216363751,1531216363746,6092849,0.00122300,0.82000000,0
1531216364864,1531216364860,6092850,0.00122300,0.81000000,0
1531216364864,1531216364860,6092851,0.00122400,0.01000000,0
1531216366085,1531216366079,6092852,0.00122400,0.82000000,0
1531216367199,1531216367194,6092853,0.00122400,0.82000000,0
1531216368353,1531216368349,6092854,0.00122400,0.82000000,0
1531216370490,1531216370485,6092855,0.00122400,0.98000000,0
1531216370537,1531216370532,6092856,0.00122400,0.76000000,0
1531216375167,1531216375164,6092857,0.00122400,0.98000000,0
1531216376293,1531216376290,6092858,0.00121900,0.83000000,1
1531216376307,1531216376302,6092859,0.00121900,0.83000000,1
1531216379530,1531216379526,6092860,0.00121900,6.96000000,1
1531216383646,1531216383641,6092861,0.00122300,1.10000000,0
1531216383647,1531216383643,6092862,0.00122300,0.56000000,0
1531216383647,1531216383643,6092863,0.00122400,0.25000000,0
1531216383819,1531216383815,6092864,0.00122300,0.76000000,0
1531216383881,1531216383876,6092865,0.00122300,0.47000000,0
1531216383881,1531216383876,6092866,0.00122400,0.17000000,0
1531216384559,1531216384554,6092867,0.00122300,0.83000000,0
1531216384625,1531216384620,6092868,0.00122300,0.86000000,0
1531216387574,1531216387570,6092869,0.00122300,0.86000000,0
1531216393998,1531216393993,6092870,0.00122300,0.92000000,0
1531216396918,1531216396915,6092871,0.00121900,0.83000000,1
1531216399186,1531216399181,6092872,0.00122300,0.72000000,0
1531216426906,1531216426902,6092873,0.00121900,13.41000000,1
1531216431528,1531216431524,6092874,0.00122300,0.05000000,0
1531216432053,1531216432048,6092875,0.00122300,0.34000000,0
1531216432053,1531216432048,6092876,0.00122400,199.65000000,0
1531216437393,1531216437389,6092877,0.00122400,200.00000000,0
1531216438485,1531216438480,6092878,0.00121900,77.01000000,1
1531216451575,1531216451570,6092879,0.00122300,0.01000000,0
1531216463210,1531216463205,6092880,0.00122300,0.01000000,0
1531216468429,1531216468423,6092881,0.00122000,62.67000000,1
1531216497049,1531216497044,6092882,0.00121900,3.74000000,1
1531216509288,1531216509284,6092883,0.00122300,0.10000000,0
1531216517372,1531216517368,6092884,0.00122300,2.62000000,0
1531216519143,1531216519139,6092885,0.00122300,2.20000000,0
1531216540270,1531216540266,6092886,0.00122300,19.34000000,0
1531216551638,1531216551633,6092887,0.00122100,8.53000000,1
1531216571286,1531216571281,6092888,0.00122300,0.81000000,0
1531216578874,1531216578870,6092889,0.00122300,35.21000000,0
1531216598739,1531216598735,6092890,0.00122300,1.66000000,0
1531216598846,1531216598842,6092891,0.00122300,1.59000000,0
1531216599137,1531216599134,6092892,0.00122300,1.66000000,0
1531216599244,1531216599241,6092893,0.00122300,1.59000000,0
1531216599577,1531216599573,6092894,0.00122300,1.66000000,0
1531216599655,1531216599651,6092895,0.00122300,1.59000000,0
1531216599979,1531216599975,6092896,0.00122300,1.27000000,0
1531216600083,1531216600079,6092897,0.00122300,1.27000000,0
1531216600441,1531216600437,6092898,0.00122300,1.27000000,0
1531216600481,1531216600476,6092899,0.00122300,1.27000000,0
1531216600903,1531216600898,6092900,0.00122300,1.27000000,0
1531216601072,1531216601068,6092901,0.00122300,1.06000000,0
1531216601291,1531216601286,6092902,0.00122300,1.06000000,0
1531216601311,1531216601307,6092903,0.00122300,1.02000000,0
1531216601694,1531216601690,6092904,0.00122300,1.06000000,0
1531216601716,1531216601711,6092905,0.00122300,1.02000000,0
1531216602055,1531216602050,6092906,0.00122300,49.24000000,0
1531216602248,1531216602243,6092907,0.00122300,214.41000000,0
1531216603580,1531216603577,6092908,0.00122600,17.61000000,0
1531216603991,1531216603988,6092909,0.00122300,1.20000000,1
1531216607438,1531216607433,6092910,0.00122600,0.33000000,0
1531216607512,1531216607509,6092911,0.00122600,1.70000000,0
1531216607596,1531216607591,6092912,0.00122600,0.22000000,0
1531216613005,1531216613001,6092913,0.00122300,8.00000000,1
1531216626555,1531216626551,6092914,0.00122300,2.13000000,1
1531216636205,1531216636200,6092915,0.00122300,76.78000000,1
1531216636269,1531216636264,6092916,0.00122300,8.18000000,0
1531216637203,1531216637199,6092917,0.00122300,8.18000000,0
1531216639805,1531216639800,6092918,0.00122300,8.18000000,0
1531216640514,1531216640508,6092919,0.00122300,7.36000000,0
1531216640711,1531216640706,6092920,0.00122300,100.00000000,0
1531216640781,1531216640777,6092921,0.00122300,178.55000000,0
1531216640895,1531216640890,6092922,0.00122300,8.93000000,0
1531216640906,1531216640903,6092923,0.00122300,7.36000000,0
1531216641066,1531216641063,6092924,0.00122300,41.35000000,0
1531216641335,1531216641331,6092925,0.00122300,4.41000000,0
1531216641356,1531216641351,6092926,0.00122300,84.03000000,0
1531216641598,1531216641593,6092927,0.00122300,8.93000000,0
1531216641665,1531216641661,6092928,0.00122300,12.97000000,0
1531216641665,1531216641661,6092929,0.00122700,27.16000000,0
1531216642404,1531216642400,6092930,0.00122600,5.52000000,1
1531216642720,1531216642716,6092931,0.00122700,11.52000000,0
1531216643968,1531216643963,6092932,0.00122700,10.22000000,0
1531216643968,1531216643963,6092933,0.00122800,9.36000000,0
1531216644909,1531216644904,6092934,0.00122300,0.45000000,1
1531216671770,1531216671765,6092935,0.00122900,0.22000000,0
1531216676129,1531216676124,6092936,0.00122900,0.19000000,0
1531216700655,1531216700650,6092937,0.00122700,7.90000000,0
1531216723896,1531216723891,6092938,0.00122700,0.02000000,0
1531216767981,1531216767977,6092939,0.00122700,16.30000000,0
1531216767981,1531216767977,6092940,0.00122800,16.02000000,0
1531216767981,1531216767977,6092941,0.00122900,171.05000000,0
1531216767981,1531216767977,6092942,0.00123000,204.12000000,0
1531216786240,1531216786236,6092943,0.00122700,0.01000000,0
1531216791763,1531216791759,6092944,0.00122700,0.02000000,0
1531216795946,1531216795942,6092945,0.00122400,15.60000000,1
1531216810695,1531216810691,6092946,0.00122300,200.02000000,1
1531216816440,1531216816437,6092947,0.00122700,0.01000000,0
1531216816813,1531216816808,6092948,0.00122300,1.73000000,1
1531216819669,1531216819666,6092949,0.00122000,0.14000000,1
1531216828834,1531216828830,6092950,0.00122500,7.93000000,0
1531216828834,1531216828830,6092951,0.00122600,102.76000000,0
1531216830739,1531216830736,6092952,0.00122600,11.03000000,0
1531216840638,1531216840633,6092953,0.00122600,110.69000000,0
1531216840735,1531216840731,6092954,0.00122600,0.01000000,0
1531216842731,1531216842727,6092955,0.00122600,16.60000000,0
1531216876632,1531216876627,6092956,0.00122500,8.51000000,0
1531216877837,1531216877833,6092957,0.00122500,1.49000000,0
1531216877837,1531216877833,6092958,0.00122600,6.66000000,0
1531216892855,1531216892851,6092959,0.00122100,9.96000000,1
1531216894630,1531216894624,6092960,0.00122500,100.59000000,0
1531216896733,1531216896728,6092961,0.00122500,14.98000000,0
1531216898626,1531216898622,6092962,0.00122200,73.29000000,1
1531216920241,1531216920237,6092963,0.00122600,0.18000000,0
1531216938882,1531216938877,6092964,0.00122100,0.01000000,1
1531216944619,1531216944615,6092965,0.00122500,33.58000000,0
1531216948673,1531216948668,6092966,0.00122500,5.52000000,1
1531216948767,1531216948762,6092967,0.00122500,73.90000000,1
1531216949174,1531216949170,6092968,0.00122500,3.19000000,1
1531216950792,1531216950788,6092969,0.00122500,12.39000000,0
1531216970862,1531216970857,6092970,0.00122100,8.15000000,1
1531216992364,1531216992361,6092971,0.00122600,0.03000000,0
1531216996923,1531216996920,6092972,0.00122600,0.82000000,0
1531216997964,1531216997959,6092973,0.00122600,0.82000000,0
1531217047217,1531217047214,6092974,0.00122600,119.50000000,0
1531217052985,1531217052982,6092975,0.00122600,85.42000000,0
1531217055744,1531217055739,6092976,0.00122600,0.82000000,0
1531217056713,1531217056708,6092977,0.00122600,0.82000000,0
1531217057229,1531217057225,6092978,0.00122600,119.50000000,0
1531217057883,1531217057878,6092979,0.00122600,0.82000000,0
1531217058835,1531217058830,6092980,0.00122600,0.82000000,0
1531217061512,1531217061508,6092981,0.00122600,0.82000000,0
1531217062642,1531217062638,6092982,0.00122600,0.82000000,0
1531217063363,1531217063359,6092983,0.00122600,0.82000000,0
1531217064386,1531217064383,6092984,0.00122600,0.82000000,0
1531217065318,1531217065313,6092985,0.00122600,0.82000000,0
1531217066296,1531217066292,6092986,0.00122600,0.82000000,0
1531217067414,1531217067409,6092987,0.00122600,119.50000000,0
1531217068151,1531217068147,6092988,0.00122600,0.82000000,0
1531217068993,1531217068989,6092989,0.00122600,0.82000000,0
1531217069847,1531217069843,6092990,0.00122600,0.82000000,0
1531217070660,1531217070657,6092991,0.00122600,0.82000000,0
1531217071700,1531217071695,6092992,0.00122600,0.82000000,0
1531217073361,1531217073358,6092993,0.00122600,0.82000000,0
1531217074208,1531217074203,6092994,0.00122600,0.82000000,0
1531217074983,1531217074979,6092995,0.00122600,0.82000000,0
1531217075911,1531217075906,6092996,0.00122600,0.82000000,0
1531217076749,1531217076744,6092997,0.00122600,0.82000000,0
1531217077474,1531217077470,6092998,0.00122600,119.50000000,0
1531217078534,1531217078529,6092999,0.00122600,0.82000000,0
1531217079281,1531217079277,6093000,0.00122600,0.82000000,0
1531217080095,1531217080090,6093001,0.00122600,0.82000000,0
1531217080988,1531217080982,6093002,0.00122600,0.82000000,0
1531217081825,1531217081821,6093003,0.00122600,0.82000000,0
1531217082640,1531217082636,6093004,0.00122600,0.82000000,0
1531217083440,1531217083437,6093005,0.00122600,0.82000000,0
1531217084226,1531217084220,6093006,0.00122600,0.82000000,0
1531217085236,1531217085233,6093007,0.00122600,0.82000000,0
1531217087556,1531217087551,6093008,0.00122600,31.32000000,0
1531217089031,1531217089027,6093009,0.00122600,0.82000000,0
1531217089924,1531217089919,6093010,0.00122600,0.82000000,0
1531217090735,1531217090732,6093011,0.00122600,0.82000000,0
1531217095266,1531217095262,6093012,0.00122600,0.82000000,0
1531217096159,1531217096155,6093013,0.00122600,0.82000000,0
1531217099283,1531217099278,6093014,0.00122600,0.82000000,0
1531217100267,1531217100263,6093015,0.00122600,0.82000000,0
1531217101016,1531217101011,6093016,0.00122600,0.82000000,0
1531217105193,1531217105189,6093017,0.00122600,0.82000000,0
1531217106077,1531217106074,6093018,0.00122600,0.82000000,0
1531217106983,1531217106980,6093019,0.00122600,0.82000000,0
1531217107900,1531217107894,6093020,0.00122600,0.82000000,0
1531217108157,1531217108153,6093021,0.00122600,1.90000000,0
1531217137324,1531217137319,6093022,0.00122600,0.04000000,0
1531217160703,1531217160699,6093023,0.00122600,2.67000000,0
1531217169579,1531217169575,6093024,0.00122600,5.55000000,0
1531217221711,1531217221707,6093025,0.00122600,0.72000000,0
1531217231191,1531217231186,6093026,0.00122800,0.01000000,0
1531217260205,1531217260201,6093027,0.00122700,0.81000000,0
1531217284860,1531217284855,6093028,0.00122700,0.81000000,0
1531217287446,1531217287443,6093029,0.00122700,0.81000000,0
1531217301279,1531217301274,6093030,0.00123000,0.04000000,0
1531217301951,1531217301947,6093031,0.00123000,0.81000000,0
1531217302784,1531217302780,6093032,0.00123000,0.81000000,0
1531217303683,1531217303677,6093033,0.00123000,0.81000000,0
1531217304855,1531217304851,6093034,0.00122900,0.81000000,0
1531217305648,1531217305642,6093035,0.00122900,0.81000000,0
1531217306750,1531217306746,6093036,0.00122900,0.81000000,0
1531217307584,1531217307580,6093037,0.00122900,0.81000000,0
1531217308407,1531217308404,6093038,0.00123000,0.81000000,0
1531217309197,1531217309193,6093039,0.00123000,0.81000000,0
1531217310060,1531217310056,6093040,0.00123000,0.81000000,0
1531217311194,1531217311190,6093041,0.00123000,0.81000000,0
1531217313099,1531217313095,6093042,0.00123000,0.81000000,0
1531217314004,1531217314000,6093043,0.00123000,0.81000000,0
1531217314813,1531217314808,6093044,0.00123000,0.81000000,0
1531217315840,1531217315836,6093045,0.00123000,0.81000000,0
1531217328453,1531217328448,6093046,0.00122500,5.28000000,1
1531217328470,1531217328467,6093047,0.00122500,5.81000000,0
1531217330350,1531217330346,6093048,0.00122900,0.05000000,0
1531217352379,1531217352375,6093049,0.00122500,2.60000000,1
1531217352745,1531217352740,6093050,0.00122500,2.60000000,0
1531217353204,1531217353199,6093051,0.00122700,6.51000000,1
1531217369379,1531217369375,6093052,0.00122600,0.82000000,0
1531217370239,1531217370233,6093053,0.00122500,3.19000000,0
1531217370496,1531217370492,6093054,0.00122500,0.82000000,0
1531217371354,1531217371350,6093055,0.00122500,0.82000000,0
1531217375342,1531217375338,6093056,0.00122400,0.45000000,1
1531217386683,1531217386678,6093057,0.00122800,0.81000000,0
1531217397843,1531217397838,6093058,0.00122400,0.01000000,1
1531217406096,1531217406092,6093059,0.00122400,24.58000000,1
1531217406110,1531217406105,6093060,0.00122400,91.49000000,1
1531217437998,1531217437993,6093061,0.00122600,6.39000000,0
1531217437998,1531217437993,6093062,0.00122800,0.16000000,0
1531217475940,1531217475937,6093063,0.00122200,3.92000000,1
1531217493166,1531217493162,6093064,0.00122200,3.69000000,1
1531217500282,1531217500279,6093065,0.00122300,20.00000000,1
1531217500283,1531217500279,6093066,0.00122300,20.00000000,1
1531217501276,1531217501272,6093067,0.00122300,5.08000000,1
1531217509861,1531217509858,6093068,0.00122700,1.23000000,0
1531217510162,1531217510157,6093069,0.00122700,1.22000000,0
1531217530650,1531217530645,6093070,0.00122600,79.70000000,0
1531217558001,1531217557995,6093071,0.00122700,0.01000000,0
1531217569378,1531217569375,6093072,0.00122700,1.64000000,0
1531217572386,1531217572382,6093073,0.00122700,0.01000000,0
1531217595884,1531217595880,6093074,0.00122100,2.23000000,1
1531217598832,1531217598828,6093075,0.00122700,31.97000000,0
1531217612391,1531217612386,6093076,0.00122500,40.00000000,1
1531217612402,1531217612397,6093077,0.00122500,40.00000000,1
1531217612411,1531217612407,6093078,0.00122500,34.92000000,1
1531217621567,1531217621564,6093079,0.00122500,0.12000000,1
1531217624599,1531217624595,6093080,0.00122800,8.14000000,0
1531217641206,1531217641201,6093081,0.00122500,8.18000000,1
1531217645166,1531217645162,6093082,0.00122500,8.19000000,1
1531217648066,1531217648059,6093083,0.00122500,5.60000000,1
1531217656666,1531217656662,6093084,0.00122500,5.52000000,1
1531217656962,1531217656958,6093085,0.00122500,4.52000000,1
1531217657287,1531217657283,6093086,0.00122500,21.68000000,1
1531217657403,1531217657400,6093087,0.00122500,8.98000000,1
1531217664531,1531217664526,6093088,0.00122500,2.20000000,1
1531217665250,1531217665246,6093089,0.00122500,4.30000000,1
1531217706260,1531217706256,6093090,0.00122700,10.37000000,0
1531217709150,1531217709146,6093091,0.00122800,7.90000000,0
1531217709150,1531217709146,6093092,0.00122900,44.36000000,0
1531217709155,1531217709151,6093093,0.00122500,3.79000000,1
1531217710610,1531217710605,6093094,0.00122500,5.40000000,1
1531217711444,1531217711440,6093095,0.00122500,1.38000000,1
1531217711667,1531217711663,6093096,0.00122500,1.33000000,1
1531217712750,1531217712746,6093097,0.00122500,1.30000000,1
1531217753804,1531217753800,6093098,0.00122500,1.82000000,1
1531217761790,1531217761786,6093099,0.00123000,2.58000000,0
1531217783088,1531217783083,6093100,0.00123000,0.01000000,0
1531217800554,1531217800549,6093101,0.00122500,37.28000000,1
1531217814578,1531217814574,6093102,0.00122900,0.07000000,0
1531217828323,1531217828319,6093103,0.00122500,0.67000000,1
1531217828358,1531217828353,6093104,0.00122500,1.68000000,1
1531217828521,1531217828516,6093105,0.00122500,1.17000000,1
1531217831731,1531217831725,6093106,0.00122500,9.97000000,1
1531217838382,1531217838377,6093107,0.00122700,6.60000000,0
1531217853376,1531217853370,6093108,0.00122500,19.25000000,1
1531217861848,1531217861843,6093109,0.00122500,3.20000000,1
1531217889674,1531217889669,6093110,0.00123000,3.26000000,0
1531217896973,1531217896969,6093111,0.00122500,0.03000000,1
1531217945713,1531217945710,6093112,0.00123000,0.21000000,0
1531217967020,1531217967017,6093113,0.00122600,2.35000000,1
1531217968577,1531217968574,6093114,0.00122600,5.00000000,1
1531217980513,1531217980509,6093115,0.00122900,8.13000000,0
1531217990995,1531217990991,6093116,0.00122500,7.35000000,1
1531218002184,1531218002181,6093117,0.00122500,62.93000000,1
1531218034055,1531218034051,6093118,0.00122500,36.39000000,1
1531218039797,1531218039793,6093119,0.00122500,2.65000000,1
1531218043538,1531218043533,6093120,0.00122500,26.55000000,1
1531218076662,1531218076658,6093121,0.00122500,0.02000000,1
1531218143433,1531218143430,6093122,0.00122500,15.87000000,1
1531218143455,1531218143451,6093123,0.00122500,15.87000000,1
1531218165315,1531218165311,6093124,0.00123000,8.13000000,0
1531218183002,1531218182997,6093125,0.00123000,0.27000000,0
1531218183100,1531218183096,6093126,0.00123000,2.22000000,0
1531218196268,1531218196265,6093127,0.00122500,0.27000000,1
1531218196775,1531218196771,6093128,0.00122500,2.65000000,1
1531218197345,1531218197340,6093129,0.00122500,2.04000000,1
1531218197925,1531218197920,6093130,0.00122500,0.83000000,1
1531218198471,1531218198467,6093131,0.00122500,0.30000000,1
1531218198975,1531218198971,6093132,0.00122500,0.71000000,1
1531218199293,1531218199289,6093133,0.00122500,0.63000000,1
1531218199906,1531218199900,6093134,0.00122500,0.66000000,1
1531218200156,1531218200151,6093135,0.00122500,0.33000000,1
1531218200801,1531218200798,6093136,0.00122500,0.56000000,1
1531218201130,1531218201127,6093137,0.00122500,0.52000000,1
1531218201715,1531218201710,6093138,0.00122500,0.29000000,1
1531218202235,1531218202231,6093139,0.00122500,0.21000000,1
1531218202728,1531218202724,6093140,0.00122500,6.30000000,1
1531218203354,1531218203350,6093141,0.00122500,0.17000000,1
1531218203916,1531218203911,6093142,0.00122500,0.50000000,1
1531218204299,1531218204294,6093143,0.00122500,0.30000000,1
1531218204837,1531218204833,6093144,0.00122500,0.32000000,1
1531218205309,1531218205305,6093145,0.00122500,0.66000000,1
1531218205993,1531218205989,6093146,0.00122500,0.21000000,1
1531218206350,1531218206346,6093147,0.00122500,0.38000000,1
1531218206827,1531218206822,6093148,0.00122500,0.78000000,1
1531218207367,1531218207361,6093149,0.00122500,0.67000000,1
1531218208204,1531218208198,6093150,0.00122500,0.26000000,1
1531218208964,1531218208959,6093151,0.00122500,0.37000000,1
1531218209362,1531218209358,6093152,0.00122500,0.70000000,1
1531218210039,1531218210035,6093153,0.00122500,0.84000000,1
1531218210630,1531218210625,6093154,0.00122500,0.24000000,1
1531218211008,1531218211004,6093155,0.00122500,3.78000000,1
1531218212505,1531218212501,6093156,0.00122500,0.56000000,1
1531218213007,1531218213000,6093157,0.00122500,0.95000000,1
1531218213441,1531218213434,6093158,0.00122500,0.35000000,1
1531218213938,1531218213934,6093159,0.00122500,0.30000000,1
1531218214745,1531218214742,6093160,0.00122500,0.66000000,1
1531218215115,1531218215110,6093161,0.00122500,3.24000000,1
1531218216363,1531218216358,6093162,0.00122500,0.32000000,1
1531218216773,1531218216768,6093163,0.00122500,0.32000000,1
1531218216778,1531218216773,6093164,0.00122500,0.25000000,1
1531218217258,1531218217254,6093165,0.00122500,0.17000000,1
1531218217892,1531218217888,6093166,0.00122500,0.30000000,1
1531218232179,1531218232174,6093167,0.00122500,3.65000000,1
1531218261124,1531218261119,6093168,0.00123000,5.00000000,0
1531218275547,1531218275541,6093169,0.00123000,0.02000000,0
1531218295699,1531218295692,6093170,0.00122600,0.99000000,1
1531218295936,1531218295931,6093171,0.00122600,5.26000000,1
1531218296332,1531218296327,6093172,0.00122600,0.29000000,1
1531218296882,1531218296878,6093173,0.00122600,0.34000000,1
1531218297474,1531218297440,6093174,0.00122600,0.32000000,1
1531218298026,1531218298022,6093175,0.00122600,0.62000000,1
1531218298618,1531218298614,6093176,0.00122600,0.22000000,1
1531218300237,1531218300232,6093177,0.00122600,0.70000000,1
1531218300722,1531218300718,6093178,0.00122600,0.29000000,1
1531218304104,1531218304099,6093179,0.00122600,0.85000000,1
1531218307753,1531218307749,6093180,0.00122600,0.35000000,1
1531218311854,1531218311850,6093181,0.00122600,0.34000000,1
1531218313355,1531218313352,6093182,0.00122600,0.76000000,1
1531218316263,1531218316259,6093183,0.00122600,1.59000000,1
1531218318654,1531218318648,6093184,0.00122600,0.34000000,1
1531218318765,1531218318761,6093185,0.00122600,11.06000000,1
1531218319323,1531218319317,6093186,0.00122600,138.79000000,0
1531218321806,1531218321802,6093187,0.00122500,0.43000000,1
1531218322535,1531218322531,6093188,0.00122500,0.35000000,1
1531218323320,1531218323317,6093189,0.00122500,0.94000000,1
1531218324120,1531218324115,6093190,0.00122500,0.25000000,1
1531218325100,1531218325095,6093191,0.00122500,5.32000000,1
1531218325914,1531218325909,6093192,0.00122500,1.27000000,1
1531218326713,1531218326708,6093193,0.00122500,4.14000000,1
1531218328601,1531218328597,6093194,0.00122500,0.40000000,1
1531218332229,1531218332225,6093195,0.00122500,0.38000000,1
1531218337874,1531218337869,6093196,0.00122500,0.45000000,1
1531218340521,1531218340516,6093197,0.00122500,6.06000000,1
1531218342919,1531218342914,6093198,0.00122500,0.71000000,1
1531218345449,1531218345445,6093199,0.00122500,0.24000000,1
1531218348626,1531218348620,6093200,0.00122500,0.53000000,1
1531218351490,1531218351486,6093201,0.00122500,0.19000000,1
1531218354563,1531218354558,6093202,0.00122500,0.21000000,1
1531218357741,1531218357736,6093203,0.00122500,0.27000000,1
1531218359183,1531218359177,6093204,0.00122500,0.30000000,1
1531218360641,1531218360637,6093205,0.00122500,0.88000000,1
1531218361302,1531218361297,6093206,0.00122500,0.62000000,1
1531218362373,1531218362368,6093207,0.00122500,0.35000000,1
1531218363294,1531218363288,6093208,0.00122500,0.26000000,1
1531218363816,1531218363813,6093209,0.00122500,0.32000000,1
1531218364585,1531218364580,6093210,0.00122500,0.38000000,1
1531218365193,1531218365189,6093211,0.00122500,0.73000000,1
1531218365792,1531218365787,6093212,0.00122500,1.04000000,1
1531218366551,1531218366548,6093213,0.00122500,3.51000000,1
1531218394359,1531218394355,6093214,0.00122500,0.01000000,1
1531218401332,1531218401328,6093215,0.00122600,1.25000000,0
1531218442939,1531218442934,6093216,0.00122500,0.05000000,1
1531218447084,1531218447079,6093217,0.00122500,30.53000000,1
1531218447115,1531218447110,6093218,0.00122500,30.53000000,1
1531218455066,1531218455061,6093219,0.00122500,2.50000000,1
1531218463553,1531218463548,6093220,0.00122600,1.05000000,1
1531218463553,1531218463548,6093221,0.00122500,10.14000000,1
1531218468628,1531218468623,6093222,0.00122500,19.90000000,1
1531218548395,1531218548392,6093223,0.00122700,11.79000000,0
1531218548446,1531218548442,6093224,0.00122700,0.01000000,1
1531218560270,1531218560267,6093225,0.00122500,2.40000000,1
1531218566317,1531218566312,6093226,0.00122800,0.02000000,0
1531218576986,1531218576981,6093227,0.00122800,2.25000000,0
1531218579083,1531218579079,6093228,0.00122800,3.76000000,0
1531218579476,1531218579471,6093229,0.00122800,3.61000000,0
1531218579888,1531218579884,6093230,0.00122800,3.61000000,0
1531218585250,1531218585244,6093231,0.00122500,0.85000000,1
1531218585250,1531218585244,6093232,0.00122300,1.13000000,1
1531218628479,1531218628475,6093233,0.00122900,5.80000000,0
1531218673467,1531218673463,6093234,0.00122900,9.00000000,0
1531218725354,1531218725349,6093235,0.00122900,0.01000000,0
1531218726314,1531218726312,6093236,0.00122500,0.02000000,1
1531218732350,1531218732345,6093237,0.00122500,0.04000000,1
1531218761779,1531218761775,6093238,0.00123000,0.22000000,0
1531218838862,1531218838856,6093239,0.00122800,0.43000000,0
1531218858048,1531218858044,6093240,0.00122700,3.30000000,0
1531218922057,1531218922052,6093241,0.00122700,0.01000000,0
1531218934011,1531218934004,6093242,0.00122700,0.75000000,0
1531218979128,1531218979124,6093243,0.00122800,0.02000000,0
1531219006709,1531219006704,6093244,0.00122900,0.01000000,0
1531219010690,1531219010684,6093245,0.00122500,4.94000000,1
1531219010723,1531219010717,6093246,0.00122500,5.71000000,0
1531219011377,1531219011372,6093247,0.00122500,2.99000000,0
1531219011594,1531219011589,6093248,0.00122500,36.76000000,0
1531219060194,1531219060189,6093249,0.00122800,0.05000000,0
1531219081596,1531219081592,6093250,0.00122800,8.14000000,0
1531219160744,1531219160740,6093251,0.00122700,1.71000000,0
1531219212042,1531219212039,6093252,0.00122700,3.62000000,0
1531219294894,1531219294890,6093253,0.00122700,1.48000000,0
1531219346830,1531219346826,6093254,0.00122800,0.56000000,0
1531219368900,1531219368896,6093255,0.00122700,5.00000000,0
1531219368900,1531219368896,6093256,0.00122800,4.00000000,0
1531219383280,1531219383276,6093257,0.00122800,0.81000000,0
1531219384251,1531219384246,6093258,0.00122800,0.81000000,0
1531219385059,1531219385054,6093259,0.00122800,0.81000000,0
1531219386023,1531219386017,6093260,0.00122800,0.81000000,0
1531219386889,1531219386886,6093261,0.00122800,0.81000000,0
1531219388732,1531219388728,6093262,0.00122800,0.81000000,0
1531219404534,1531219404529,6093263,0.00122800,10.00000000,0
1531219409120,1531219409115,6093264,0.00122800,4.89000000,0
1531219410111,1531219410105,6093265,0.00122800,0.81000000,0
1531219411159,1531219411154,6093266,0.00122800,0.81000000,0
1531219412345,1531219412341,6093267,0.00122800,0.81000000,0
1531219413213,1531219413208,6093268,0.00122800,0.81000000,0
1531219414094,1531219414089,6093269,0.00122800,0.81000000,0
1531219415331,1531219415326,6093270,0.00122800,0.81000000,0
1531219416474,1531219416470,6093271,0.00122800,0.81000000,0
1531219418350,1531219418345,6093272,0.00122800,0.81000000,0
1531219418946,1531219418941,6093273,0.00122800,0.81000000,0
1531219419984,1531219419982,6093274,0.00122800,0.81000000,0
1531219421146,1531219421141,6093275,0.00122800,0.81000000,0
1531219422333,1531219422328,6093276,0.00122800,0.81000000,0
1531219423231,1531219423227,6093277,0.00122800,0.81000000,0
1531219424224,1531219424219,6093278,0.00122800,0.81000000,0
1531219425384,1531219425379,6093279,0.00122800,0.81000000,0
1531219426452,1531219426446,6093280,0.00122800,0.81000000,0
1531219429092,1531219429086,6093281,0.00122800,0.81000000,0
1531219429802,1531219429796,6093282,0.00122800,0.81000000,0
1531219430767,1531219430762,6093283,0.00122800,0.81000000,0
1531219431866,1531219431861,6093284,0.00122800,0.81000000,0
1531219432754,1531219432746,6093285,0.00122800,0.81000000,0
1531219433697,1531219433692,6093286,0.00122800,0.81000000,0
1531219434634,1531219434628,6093287,0.00122800,0.81000000,0
1531219435807,1531219435803,6093288,0.00122800,0.81000000,0
1531219436663,1531219436658,6093289,0.00122800,0.81000000,0
1531219437545,1531219437541,6093290,0.00122800,0.81000000,0
1531219438421,1531219438416,6093291,0.00122800,0.81000000,0
1531219439249,1531219439244,6093292,0.00122800,0.81000000,0
1531219441073,1531219441067,6093293,0.00122800,0.81000000,0
1531219444011,1531219444006,6093294,0.00122800,0.81000000,0
1531219444767,1531219444763,6093295,0.00122800,0.81000000,0
1531219445586,1531219445580,6093296,0.00122800,0.81000000,0
1531219446487,1531219446482,6093297,0.00122800,0.81000000,0
1531219447412,1531219447408,6093298,0.00122800,0.81000000,0
1531219449341,1531219449336,6093299,0.00122900,0.81000000,0
1531219451182,1531219451177,6093300,0.00122900,0.81000000,0
1531219453177,1531219453172,6093301,0.00122900,0.81000000,0
1531219454036,1531219454031,6093302,0.00122900,0.81000000,0
1531219454906,1531219454900,6093303,0.00122900,0.81000000,0
1531219456805,1531219456802,6093304,0.00122900,0.81000000,0
1531219457749,1531219457717,6093305,0.00122900,0.81000000,0
1531219488609,1531219488603,6093306,0.00122900,16.78000000,0
1531219504594,1531219504590,6093307,0.00123000,1.48000000,0
1531219504594,1531219504590,6093308,0.00123200,11.55000000,0
1531219518673,1531219518668,6093309,0.00122800,0.32000000,1
1531219519493,1531219519487,6093310,0.00122800,0.80000000,1
1531219520070,1531219520066,6093311,0.00122800,0.64000000,1
1531219520701,1531219520697,6093312,0.00122800,0.25000000,1
1531219521354,1531219521349,6093313,0.00122800,0.71000000,1
1531219521958,1531219521953,6093314,0.00122800,2.04000000,1
1531219522349,1531219522345,6093315,0.00122800,0.29000000,1
1531219522931,1531219522927,6093316,0.00122900,1.66000000,1
1531219523606,1531219523600,6093317,0.00122900,0.40000000,1
1531219524360,1531219524355,6093318,0.00122900,0.22000000,1
1531219524918,1531219524912,6093319,0.00122900,0.55000000,1
1531219525538,1531219525533,6093320,0.00122900,0.24000000,1
1531219526062,1531219526057,6093321,0.00122900,0.24000000,1
1531219526712,1531219526708,6093322,0.00122900,0.31000000,1
1531219527450,1531219527444,6093323,0.00122900,0.26000000,1
1531219528046,1531219528042,6093324,0.00122900,1.02000000,1
1531219528696,1531219528690,6093325,0.00122800,0.25000000,1
1531219529414,1531219529408,6093326,0.00122800,0.61000000,1
1531219530119,1531219530115,6093327,0.00122800,0.30000000,1
1531219530579,1531219530573,6093328,0.00122800,0.56000000,1
1531219530977,1531219530972,6093329,0.00122800,0.28000000,1
1531219531852,1531219531847,6093330,0.00122800,0.37000000,1
1531219532533,1531219532528,6093331,0.00122800,0.69000000,1
1531219533792,1531219533785,6093332,0.00122800,0.26000000,1
1531219534332,1531219534327,6093333,0.00122800,3.47000000,1
1531219534439,1531219534435,6093334,0.00122800,0.26000000,1
1531219535269,1531219535265,6093335,0.00122800,0.39000000,1
1531219535830,1531219535825,6093336,0.00122800,0.28000000,1
1531219536213,1531219536209,6093337,0.00122800,1.70000000,1
1531219536756,1531219536750,6093338,0.00122800,1.61000000,1
1531219537294,1531219537290,6093339,0.00122800,0.72000000,1
1531219537662,1531219537658,6093340,0.00122800,0.61000000,1
1531219538236,1531219538232,6093341,0.00122800,1.76000000,1
1531219539022,1531219539016,6093342,0.00122800,0.80000000,1
1531219539737,1531219539732,6093343,0.00123200,0.02000000,0
1531219539779,1531219539774,6093344,0.00122800,0.27000000,1
1531219540559,1531219540556,6093345,0.00122800,0.28000000,1
1531219541252,1531219541246,6093346,0.00122800,0.44000000,1
1531219541956,1531219541953,6093347,0.00122800,0.34000000,1
1531219542657,1531219542653,6093348,0.00122800,0.27000000,1
1531219543373,1531219543368,6093349,0.00122800,0.34000000,1
1531219562985,1531219562980,6093350,0.00122800,199.80000000,1
1531219597223,1531219597219,6093351,0.00122600,27.73000000,1
1531219599023,1531219599019,6093352,0.00122600,6.58000000,1
1531219621424,1531219621418,6093353,0.00122800,38.22000000,1
1531219628913,1531219628908,6093354,0.00123000,0.01000000,0
1531219645808,1531219645801,6093355,0.00122600,6.53000000,1
1531219661637,1531219661631,6093356,0.00123000,6.77000000,0
1531219663947,1531219663939,6093357,0.00123000,1.18000000,0
1531219663947,1531219663939,6093358,0.00123100,11.44000000,0
1531219687750,1531219687746,6093359,0.00123100,23.36000000,0
1531219696771,1531219696765,6093360,0.00123100,7.09000000,0
1531219721588,1531219721583,6093361,0.00123200,17.83000000,0
1531219734607,1531219734603,6093362,0.00123100,26.27000000,0
1531219736469,1531219736464,6093363,0.00123100,0.03000000,0
1531219751826,1531219751822,6093364,0.00123100,4.57000000,0
1531219751842,1531219751838,6093365,0.00123100,45.43000000,1
1531219758891,1531219758886,6093366,0.00122800,20.99000000,1
1531219762668,1531219762663,6093367,0.00122800,0.46000000,1
1531219773661,1531219773656,6093368,0.00123200,0.70000000,0
1531219779309,1531219779303,6093369,0.00122800,0.31000000,1
1531219779957,1531219779953,6093370,0.00122800,0.30000000,1
1531219780293,1531219780288,6093371,0.00122800,1.70000000,1
1531219780862,1531219780857,6093372,0.00122800,0.30000000,1
1531219781194,1531219781189,6093373,0.00122800,0.36000000,1
1531219782089,1531219782084,6093374,0.00122800,0.31000000,1
1531219782678,1531219782674,6093375,0.00122800,0.20000000,1
1531219783339,1531219783334,6093376,0.00122800,0.64000000,1
1531219783920,1531219783915,6093377,0.00122800,0.29000000,1
1531219784546,1531219784543,6093378,0.00122800,0.27000000,1
1531219785074,1531219785067,6093379,0.00122800,3.10000000,1
1531219808610,1531219808604,6093380,0.00122900,30.83000000,1
1531219808619,1531219808616,6093381,0.00122600,30.83000000,1
1531219809603,1531219809596,6093382,0.00122900,26.30000000,0
1531219809628,1531219809624,6093383,0.00122900,4.59000000,0
1531219822613,1531219822608,6093384,0.00123000,55.23000000,0
1531219824715,1531219824711,6093385,0.00123000,8.24000000,0
1531219826262,1531219826256,6093386,0.00122500,0.14000000,1
1531219859825,1531219859821,6093387,0.00123100,170.30000000,0
1531219884632,1531219884627,6093388,0.00123200,70.11000000,0
1531219886716,1531219886708,6093389,0.00123200,10.52000000,0
1531219892655,1531219892650,6093390,0.00123200,3.13000000,0
1531219908398,1531219908393,6093391,0.00122700,0.03000000,1
1531220027705,1531220027700,6093392,0.00122800,38.84000000,1
1531220027715,1531220027710,6093393,0.00122700,38.84000000,1
1531220029734,1531220029729,6093394,0.00122700,0.05000000,1
1531220034601,1531220034597,6093395,0.00123000,19.96000000,0
1531220036694,1531220036689,6093396,0.00123000,113.63000000,0
1531220038796,1531220038790,6093397,0.00123000,14.05000000,0
1531220042597,1531220042592,6093398,0.00123000,87.27000000,0
1531220044695,1531220044690,6093399,0.00122900,23.80000000,0
1531220046801,1531220046796,6093400,0.00122900,14.22000000,0
1531220121609,1531220121607,6093401,0.00122900,164.58000000,0
1531220123740,1531220123735,6093402,0.00122900,24.69000000,0
1531220125855,1531220125850,6093403,0.00122900,18.94000000,0
1531220147863,1531220147859,6093404,0.00122900,0.01000000,0
1531220191950,1531220191945,6093405,0.00122500,181.05000000,1
1531220191977,1531220191972,6093406,0.00122500,34.14000000,0
1531220191978,1531220191973,6093407,0.00122500,34.14000000,0
1531220191986,1531220191980,6093408,0.00122500,177.51000000,0
1531220192005,1531220192003,6093409,0.00122500,9.68000000,0
1531220192076,1531220192072,6093410,0.00122500,34.19000000,0
1531220192094,1531220192089,6093411,0.00122500,7.00000000,0
1531220192200,1531220192196,6093412,0.00122500,7.17000000,0
1531220192453,1531220192449,6093413,0.00122500,33.63000000,0
1531220192498,1531220192493,6093414,0.00122500,25.41000000,0
1531220192808,1531220192805,6093415,0.00122500,7.16000000,0
1531220193263,1531220193261,6093416,0.00122500,7.16000000,0
1531220193610,1531220193607,6093417,0.00122500,189.51000000,0
1531220195711,1531220195707,6093418,0.00122500,121.42000000,0
1531220195938,1531220195934,6093419,0.00122500,4.11000000,0
1531220196903,1531220196899,6093420,0.00122500,696.93000000,0
1531220228126,1531220228121,6093421,0.00122500,16.57000000,1
1531220236926,1531220236921,6093422,0.00122900,0.03000000,0
1531220250638,1531220250632,6093423,0.00122900,0.87000000,0
1531220256727,1531220256721,6093424,0.00122900,3.43000000,0
1531220257450,1531220257443,6093425,0.00122900,1.02000000,1
1531220288206,1531220288202,6093426,0.00122500,0.01000000,1
1531220294067,1531220294062,6093427,0.00122500,3.13000000,1
1531220300220,1531220300216,6093428,0.00123000,30.83000000,0
1531220300220,1531220300216,6093429,0.00123100,47.27000000,0
1531220311428,1531220311422,6093430,0.00122600,0.46000000,1
1531220324931,1531220324927,6093431,0.00123200,0.13000000,0
1531220401645,1531220401640,6093432,0.00122600,0.04000000,1
1531220416180,1531220416176,6093433,0.00123200,0.01000000,0
1531220459610,1531220459605,6093434,0.00122700,0.01000000,1
1531220467587,1531220467581,6093435,0.00123100,14.67000000,0
1531220499045,1531220499040,6093436,0.00123100,0.54000000,0
1531220531216,1531220531211,6093437,0.00123100,1.27000000,0
1531220603326,1531220603321,6093438,0.00122800,0.11000000,1
1531220691354,1531220691349,6093439,0.00123100,2.99000000,0
1531220718248,1531220718242,6093440,0.00122800,0.01000000,1
1531220739128,1531220739124,6093441,0.00122800,5.42000000,1
1531220739128,1531220739124,6093442,0.00122700,1.05000000,1
1531220739151,1531220739145,6093443,0.00122700,4.67000000,0
1531220739239,1531220739237,6093444,0.00122700,0.01000000,0
1531220769347,1531220769342,6093445,0.00122700,0.01000000,1
1531220818881,1531220818876,6093446,0.00122700,0.89000000,1
1531220827801,1531220827797,6093447,0.00122800,0.07000000,1
1531220838939,1531220838934,6093448,0.00122800,17.52000000,1
1531220871139,1531220871104,6093449,0.00122700,16.85000000,1
1531220967018,1531220967012,6093450,0.00122700,0.01000000,1
1531221102889,1531221102884,6093451,0.00122700,0.34000000,1
1531221108529,1531221108523,6093452,0.00122700,0.99000000,1
1531221175593,1531221175587,6093453,0.00122900,29.48000000,1
1531221175593,1531221175587,6093454,0.00122800,7.86000000,1
1531221293331,1531221293326,6093455,0.00122800,1.50000000,1
1531221313041,1531221313037,6093456,0.00123100,0.02000000,0
1531221379701,1531221379697,6093457,0.00123100,0.01000000,0
1531221393742,1531221393737,6093458,0.00123100,0.03000000,0
1531221397891,1531221397886,6093459,0.00122600,10.00000000,1
1531221412984,1531221412979,6093460,0.00122600,0.04000000,1
1531221527345,1531221527339,6093461,0.00122800,0.03000000,1
1531221541890,1531221541886,6093462,0.00123100,0.79000000,0
1531221581921,1531221581917,6093463,0.00123100,0.01000000,0
1531221708776,1531221708771,6093464,0.00123100,0.01000000,0
1531221716430,1531221716424,6093465,0.00123100,0.01000000,0
1531221731792,1531221731787,6093466,0.00123100,3.29000000,0
1531221731792,1531221731787,6093467,0.00123200,4.83000000,0
1531221733166,1531221733161,6093468,0.00123200,138.83000000,0
1531221733567,1531221733561,6093469,0.00123200,59.55000000,1
1531221876602,1531221876599,6093470,0.00123300,1.39000000,0
1531221876959,1531221876953,6093471,0.00123300,33.44000000,0
1531221876959,1531221876953,6093472,0.00123400,41.23000000,0
1531221877009,1531221877004,6093473,0.00123400,1.34000000,0
1531221877083,1531221877077,6093474,0.00123400,41.53000000,0
1531221877242,1531221877236,6093475,0.00123400,20.02000000,0
1531221877438,1531221877433,6093476,0.00123400,1.34000000,0
1531221877578,1531221877573,6093477,0.00123300,10.00000000,1
1531221877746,1531221877741,6093478,0.00123400,50.00000000,0
1531221877852,1531221877847,6093479,0.00123400,1.34000000,0
1531221881872,1531221881867,6093480,0.00123400,20.02000000,0
1531222015081,1531222015076,6093481,0.00123100,9.89000000,1
1531222028027,1531222028014,6093482,0.00123400,1.27000000,0
1531222031045,1531222031042,6093483,0.00123400,7.02000000,0
1531222036053,1531222036049,6093484,0.00123100,5.11000000,1
1531222036053,1531222036049,6093485,0.00123000,4.92000000,1
1531222048749,1531222048745,6093486,0.00123400,14.89000000,0
1531222052201,1531222052196,6093487,0.00123200,25.77000000,1
1531222055600,1531222055595,6093488,0.00123600,10.48000000,0
1531222055600,1531222055595,6093489,0.00123700,48.94000000,0
1531222078218,1531222078213,6093490,0.00123400,1.04000000,1
1531222089834,1531222089830,6093491,0.00123300,175.75000000,1
1531222090187,1531222090183,6093492,0.00123300,175.73000000,1
1531222123243,1531222123238,6093493,0.00123300,1.31000000,1
1531222187436,1531222187432,6093494,0.00123300,7.21000000,1
1531222211132,1531222211128,6093495,0.00123300,0.05000000,1
1531222256767,1531222256763,6093496,0.00123200,0.24000000,1
1531222287117,1531222287113,6093497,0.00123300,0.60000000,1
1531222287545,1531222287542,6093498,0.00123300,7.99000000,1
1531222292156,1531222292153,6093499,0.00123300,0.07000000,1
1531222312713,1531222312709,6093500,0.00123600,2.99000000,0
1531222346601,1531222346597,6093501,0.00123200,1.78000000,0
1531222351431,1531222351426,6093502,0.00123200,0.01000000,1
1531222362663,1531222362657,6093503,0.00123300,111.95000000,1
1531222373666,1531222373663,6093504,0.00123300,23.19000000,1
1531222374549,1531222374545,6093505,0.00123600,1.56000000,0
1531222407669,1531222407664,6093506,0.00123400,189.59000000,1
1531222423786,1531222423782,6093507,0.00123200,0.05000000,1
1531222425921,1531222425917,6093508,0.00123200,0.05000000,1
1531222427664,1531222427660,6093509,0.00123300,5.61000000,1
1531222441542,1531222441538,6093510,0.00123100,0.01000000,1
1531222469242,1531222469236,6093511,0.00123200,0.50000000,1
1531222469250,1531222469246,6093512,0.00123200,2.50000000,1
1531222503528,1531222503523,6093513,0.00123200,0.10000000,1
1531222523497,1531222523492,6093514,0.00123200,2.34000000,1
1531222523614,1531222523609,6093515,0.00123400,1.04000000,0
1531222544772,1531222544768,6093516,0.00123200,230.77000000,1
1531222544859,1531222544855,6093517,0.00123200,403.35000000,1
1531222544876,1531222544874,6093518,0.00123200,107.14000000,1
1531222566571,1531222566565,6093519,0.00123500,5.61000000,0
1531222566571,1531222566565,6093520,0.00123600,24.52000000,0
1531222571751,1531222571747,6093521,0.00123600,38.33000000,0
1531222606848,1531222606844,6093522,0.00123500,154.01000000,0
1531222608372,1531222608369,6093523,0.00123500,79.42000000,0
1531222627365,1531222627361,6093524,0.00123500,0.07000000,0
1531222634352,1531222634347,6093525,0.00123500,27.26000000,0
1531222634931,1531222634926,6093526,0.00123500,40.55000000,0
1531222635034,1531222635030,6093527,0.00123500,8.80000000,0
1531222635049,1531222635045,6093528,0.00123500,8.80000000,0
1531222635065,1531222635061,6093529,0.00123500,4.07000000,0
1531222638903,1531222638900,6093530,0.00123600,6.46000000,0
1531222651659,1531222651655,6093531,0.00123300,5.19000000,1
1531222651673,1531222651669,6093532,0.00123100,1.05000000,1
1531222651673,1531222651669,6093533,0.00123000,4.14000000,1
1531222657505,1531222657500,6093534,0.00123300,301.04000000,0
1531222659012,1531222659008,6093535,0.00122800,9.09000000,1
1531222670679,1531222670675,6093536,0.00122700,0.58000000,1
1531222671162,1531222671159,6093537,0.00122900,5.00000000,0
1531222671162,1531222671159,6093538,0.00123000,4.99000000,0
1531222682525,1531222682520,6093539,0.00122800,5.52000000,1
1531222682569,1531222682566,6093540,0.00122800,7.12000000,1
1531222683900,1531222683897,6093541,0.00122800,3.08000000,1
1531222688889,1531222688886,6093542,0.00123000,1.05000000,0
1531222688889,1531222688886,6093543,0.00123100,52.00000000,0
1531222690054,1531222690049,6093544,0.00123100,3.80000000,0
1531222690132,1531222690128,6093545,0.00122800,128.11000000,1
1531222690132,1531222690128,6093546,0.00122700,53.70000000,1
1531222690866,1531222690862,6093547,0.00123100,105.30000000,0
1531222720435,1531222720431,6093548,0.00122700,4.85000000,1
1531222738705,1531222738701,6093549,0.00122900,6.78000000,1
1531222744581,1531222744577,6093550,0.00122800,0.03000000,1
1531222745175,1531222745170,6093551,0.00123100,0.29000000,0
1531222750146,1531222750145,6093552,0.00123100,14.46000000,0
1531222758572,1531222758569,6093553,0.00122900,4.67000000,1
1531222758994,1531222758991,6093554,0.00123300,8.11000000,0
1531222759399,1531222759395,6093555,0.00122900,3.15000000,1
1531222759407,1531222759404,6093556,0.00122800,5.51000000,1
1531222759428,1531222759424,6093557,0.00122800,52.38000000,1
1531222759629,1531222759624,6093558,0.00122800,9.76000000,0
1531222759652,1531222759651,6093559,0.00123300,10.00000000,0
1531222759792,1531222759788,6093560,0.00123300,8.00000000,0
1531222760610,1531222760606,6093561,0.00122900,52.10000000,1
1531222760640,1531222760636,6093562,0.00122900,0.08000000,0
1531222760663,1531222760660,6093563,0.00123300,8.11000000,0
1531222773424,1531222773419,6093564,0.00122900,1.34000000,1
1531222775239,1531222775234,6093565,0.00122800,9.76000000,1
1531222775646,1531222775642,6093566,0.00122800,14.48000000,0
1531222776594,1531222776589,6093567,0.00122800,5.02000000,1
1531222776594,1531222776589,6093568,0.00122700,0.62000000,1
1531222799589,1531222799585,6093569,0.00122800,2.51000000,1
1531222813578,1531222813574,6093570,0.00122700,118.22000000,1
1531222821642,1531222821638,6093571,0.00122800,1.46000000,0
1531222825502,1531222825498,6093572,0.00123200,100.30000000,0
1531222833103,1531222833098,6093573,0.00122800,3.30000000,1
1531222833326,1531222833322,6093574,0.00123200,36.49000000,0
1531222834087,1531222834084,6093575,0.00122800,3.30000000,1
1531222835511,1531222835508,6093576,0.00122800,5.40000000,1
1531222836614,1531222836609,6093577,0.00123000,2.51000000,0
1531222836614,1531222836609,6093578,0.00123100,76.59000000,0
1531222839670,1531222839666,6093579,0.00123100,7.72000000,0
1531222839670,1531222839666,6093580,0.00123200,56.98000000,0
1531222846294,1531222846290,6093581,0.00122800,4.40000000,1
1531222847241,1531222847237,6093582,0.00123200,35.77000000,0
1531222847241,1531222847237,6093583,0.00123300,122.98000000,0
1531222847368,1531222847365,6093584,0.00123300,59.79000000,0
1531222847688,1531222847685,6093585,0.00122800,1.36000000,1
1531222850837,1531222850832,6093586,0.00122800,2.20000000,1
1531222851085,1531222851082,6093587,0.00122800,0.37000000,1
1531222860701,1531222860698,6093588,0.00122900,8.87000000,1
1531222860831,1531222860828,6093589,0.00122800,0.07000000,0
1531222865941,1531222865936,6093590,0.00122700,4.30000000,1
1531222866692,1531222866688,6093591,0.00122700,5.30000000,1
1531222869048,1531222869045,6093592,0.00123200,0.34000000,0
1531222869092,1531222869088,6093593,0.00123200,0.23000000,0
1531222869134,1531222869131,6093594,0.00122700,4.40000000,1
1531222869141,1531222869138,6093595,0.00123200,0.67000000,0
1531222869832,1531222869813,6093596,0.00122700,3.40000000,1
1531222870076,1531222870072,6093597,0.00122700,2.00000000,1
1531222873409,1531222873406,6093598,0.00122700,3.10000000,1
1531222879254,1531222879251,6093599,0.00122700,5.40000000,1
1531222879308,1531222879303,6093600,0.00122700,5.40000000,1
1531222904656,1531222904652,6093601,0.00122700,1.63000000,1
1531222909327,1531222909323,6093602,0.00122800,0.25000000,1
1531222924048,1531222924043,6093603,0.00123200,7.47000000,0
1531222951004,1531222951000,6093604,0.00123200,69.23000000,0
1531222951513,1531222951511,6093605,0.00123300,7.74000000,0
1531222952762,1531222952759,6093606,0.00123200,2.24000000,0
1531222952801,1531222952796,6093607,0.00123200,12.16000000,0
1531222952801,1531222952796,6093608,0.00123300,21.53000000,0
