event_time,trade_time,trade_id,price,quantity,maker
1531210357385,1531210357380,3253012,0.00004141,45.00000000,1
1531210358787,1531210358783,3253013,0.00004141,141.00000000,1
1531210472332,1531210472328,3253014,0.00004155,33.00000000,0
1531210507780,1531210507776,3253015,0.00004141,48.00000000,1
1531210520635,1531210520630,3253016,0.00004141,3.00000000,1
1531210756605,1531210756601,3253017,0.00004141,507.00000000,1
1531210856380,1531210856376,3253018,0.00004141,234.00000000,1
1531211047617,1531211047612,3253019,0.00004141,1242.00000000,1
1531211051626,1531211051623,3253020,0.00004140,125.00000000,1
1531211104633,1531211104629,3253021,0.00004147,1.00000000,0
1531211234857,1531211234851,3253022,0.00004140,536.00000000,0
1531211235633,1531211235629,3253023,0.00004140,1084.00000000,1
1531211390613,1531211390608,3253024,0.00004133,1050.00000000,1
1531211405299,1531211405294,3253025,0.00004125,143.00000000,1
1531211586992,1531211586988,3253026,0.00004141,1.00000000,0
1531211634159,1531211634153,3253027,0.00004128,197.00000000,1
1531211709247,1531211709242,3253028,0.00004128,238.00000000,1
1531211710278,1531211710273,3253029,0.00004128,238.00000000,1
1531211740219,1531211740216,3253030,0.00004129,200.00000000,1
1531211742472,1531211742469,3253031,0.00004129,45.00000000,1
1531211744891,1531211744887,3253032,0.00004130,86.00000000,1
1531211798956,1531211798950,3253033,0.00004130,244.00000000,1
1531211847322,1531211847316,3253034,0.00004128,45.00000000,1
1531211849624,1531211849616,3253035,0.00004128,104.00000000,1
1531211854041,1531211854037,3253036,0.00004128,433.00000000,1
1531211942699,1531211942696,3253037,0.00004140,50.00000000,0
1531211952604,1531211952598,3253038,0.00004140,122.00000000,0
1531211952604,1531211952598,3253039,0.00004141,1149.00000000,0
1531211957500,1531211957499,3253040,0.00004128,25.00000000,1
1531212084954,1531212084949,3253041,0.00004130,209.00000000,1
1531212148069,1531212148065,3253042,0.00004140,59.00000000,0
1531212148857,1531212148852,3253043,0.00004140,66.00000000,0
1531212149585,1531212149581,3253044,0.00004140,74.00000000,0
1531212229358,1531212229354,3253045,0.00004128,655.00000000,1
1531212271991,1531212271989,3253046,0.00004128,291.00000000,1
1531212333152,1531212333148,3253047,0.00004128,150.00000000,1
1531212441720,1531212441718,3253048,0.00004128,200.00000000,1
1531212472378,1531212472371,3253049,0.00004140,337.00000000,0
1531212472378,1531212472371,3253050,0.00004141,344.00000000,0
1531212472378,1531212472371,3253051,0.00004151,1583.00000000,0
1531212472378,1531212472371,3253052,0.00004152,90.00000000,0
1531212472378,1531212472371,3253053,0.00004154,779.00000000,0
1531212550545,1531212550525,3253054,0.00004133,45.00000000,1
1531212560123,1531212560118,3253055,0.00004128,221.00000000,1
1531212560778,1531212560773,3253056,0.00004128,95.00000000,1
1531212562322,1531212562317,3253057,0.00004125,4.00000000,1
1531212562808,1531212562803,3253058,0.00004121,722.00000000,0
1531212644981,1531212644976,3253059,0.00004132,88.00000000,0
1531212644981,1531212644976,3253060,0.00004154,912.00000000,0
1531212902364,1531212902359,3253061,0.00004122,46.00000000,1
1531213120652,1531213120647,3253062,0.00004126,2.00000000,1
1531213160792,1531213160787,3253063,0.00004126,127.00000000,1
1531213188679,1531213188675,3253064,0.00004151,86.00000000,0
1531213227295,1531213227292,3253065,0.00004127,172.00000000,1
1531213227295,1531213227292,3253066,0.00004120,4.00000000,1
1531213270936,1531213270932,3253067,0.00004121,143.00000000,1
1531213436328,1531213436324,3253068,0.00004128,2353.00000000,1
1531213436328,1531213436324,3253069,0.00004126,933.00000000,1
1531213482487,1531213482484,3253070,0.00004126,146.00000000,1
1531213617379,1531213617375,3253071,0.00004126,72.00000000,1
1531213685134,1531213685128,3253072,0.00004126,2467.00000000,1
1531213686713,1531213686708,3253073,0.00004126,46.00000000,1
1531213688041,1531213688037,3253074,0.00004126,141.00000000,1
1531213689045,1531213689040,3253075,0.00004126,727.00000000,1
1531213703845,1531213703840,3253076,0.00004126,100.00000000,1
1531213704140,1531213704135,3253077,0.00004126,44.00000000,1
1531213704140,1531213704135,3253078,0.00004121,56.00000000,1
1531213715382,1531213715377,3253079,0.00004126,228.00000000,0
1531213725019,1531213725015,3253080,0.00004135,2760.00000000,1
1531213736078,1531213736073,3253081,0.00004135,298.00000000,1
1531213736183,1531213736179,3253082,0.00004135,214.00000000,1
1531213940695,1531213940689,3253083,0.00004130,64.00000000,1
1531213994488,1531213994481,3253084,0.00004126,55.00000000,1
1531214023600,1531214023595,3253085,0.00004129,64.00000000,0
1531214040091,1531214040087,3253086,0.00004126,329.00000000,1
1531214040091,1531214040087,3253087,0.00004122,582.00000000,1
1531214040091,1531214040087,3253088,0.00004121,166.00000000,1
1531214040091,1531214040087,3253089,0.00004120,1763.00000000,1
1531214044575,1531214044571,3253090,0.00004120,300.00000000,1
1531214088875,1531214088872,3253091,0.00004130,124.00000000,0
1531214088875,1531214088872,3253092,0.00004141,2540.00000000,0
1531214250984,1531214250979,3253093,0.00004120,1981.00000000,1
1531214294684,1531214294678,3253094,0.00004121,2.00000000,1
1531214472326,1531214472321,3253095,0.00004121,241.00000000,1
1531214472326,1531214472321,3253096,0.00004120,1220.00000000,1
1531214518119,1531214518115,3253097,0.00004120,1055.00000000,1
1531214523710,1531214523706,3253098,0.00004119,1198.00000000,1
1531214550193,1531214550189,3253099,0.00004119,802.00000000,1
1531214572466,1531214572461,3253100,0.00004117,64.00000000,1
1531214588649,1531214588644,3253101,0.00004117,725.00000000,1
1531214601557,1531214601553,3253102,0.00004117,713.00000000,1
1531214607457,1531214607452,3253103,0.00004117,63.00000000,0
1531214627671,1531214627667,3253104,0.00004117,3931.00000000,0
1531214659988,1531214659983,3253105,0.00004108,25.00000000,1
1531214662649,1531214662645,3253106,0.00004124,113.00000000,0
1531214715069,1531214715063,3253107,0.00004108,1572.00000000,1
1531214715069,1531214715063,3253108,0.00004107,1031.00000000,1
1531214715069,1531214715063,3253109,0.00004106,3576.00000000,1
1531214715512,1531214715509,3253110,0.00004109,544.00000000,1
1531214716419,1531214716416,3253111,0.00004109,148.00000000,1
1531214718826,1531214718822,3253112,0.00004109,361.00000000,1
1531214737286,1531214737281,3253113,0.00004114,172.00000000,0
1531214737286,1531214737281,3253114,0.00004115,271.00000000,0
1531214737286,1531214737281,3253115,0.00004116,107.00000000,0
1531214737286,1531214737281,3253116,0.00004121,92.00000000,0
1531214777597,1531214777592,3253117,0.00004109,4.00000000,1
1531214780648,1531214780644,3253118,0.00004109,246.00000000,1
1531214795695,1531214795692,3253119,0.00004109,582.00000000,1
1531214866593,1531214866589,3253120,0.00004109,100.00000000,1
1531214917876,1531214917871,3253121,0.00004108,28.00000000,0
1531214970062,1531214970058,3253122,0.00004107,83.00000000,0
1531214971090,1531214971086,3253123,0.00004105,1.00000000,1
1531214982374,1531214982370,3253124,0.00004105,247.00000000,1
1531215010053,1531215010049,3253125,0.00004106,152.00000000,1
1531215010053,1531215010049,3253126,0.00004105,490.00000000,1
1531215010053,1531215010049,3253127,0.00004104,2558.00000000,1
1531215030206,1531215030202,3253128,0.00004104,95.00000000,1
1531215037279,1531215037275,3253129,0.00004103,531.00000000,0
1531215054306,1531215054301,3253130,0.00004104,121.00000000,0
1531215064823,1531215064818,3253131,0.00004104,25.00000000,0
1531215197104,1531215197100,3253132,0.00004100,136.00000000,1
1531215199174,1531215199169,3253133,0.00004099,121.00000000,1
1531215237040,1531215237035,3253134,0.00004092,3690.00000000,1
1531215241313,1531215241309,3253135,0.00004102,2.00000000,0
1531215251355,1531215251351,3253136,0.00004102,25.00000000,0
1531215277832,1531215277827,3253137,0.00004102,25.00000000,0
1531215367851,1531215367847,3253138,0.00004093,10.00000000,1
1531215380630,1531215380627,3253139,0.00004102,58.00000000,0
1531215429891,1531215429887,3253140,0.00004093,1998.00000000,1
1531215438095,1531215438090,3253141,0.00004102,3.00000000,0
1531215450329,1531215450325,3253142,0.00004095,77.00000000,1
1531215450329,1531215450325,3253143,0.00004094,3305.00000000,1
1531215466133,1531215466127,3253144,0.00004102,108.00000000,0
1531215480893,1531215480888,3253145,0.00004103,651.00000000,1
1531215480893,1531215480888,3253146,0.00004102,135.00000000,1
1531215482768,1531215482763,3253147,0.00004102,242.00000000,0
1531215591665,1531215591661,3253148,0.00004102,80.00000000,0
1531215624709,1531215624704,3253149,0.00004102,2.00000000,0
1531215654899,1531215654896,3253150,0.00004102,8.00000000,0
1531215664191,1531215664187,3253151,0.00004094,169.00000000,1
1531215664191,1531215664187,3253152,0.00004093,46.00000000,1
1531215664191,1531215664187,3253153,0.00004092,586.00000000,1
1531215713842,1531215713838,3253154,0.00004095,244.00000000,1
1531215713842,1531215713838,3253155,0.00004094,2939.00000000,1
1531215731939,1531215731935,3253156,0.00004094,359.00000000,1
1531215733813,1531215733808,3253157,0.00004091,288.00000000,1
1531215757003,1531215757000,3253158,0.00004108,8.00000000,0
1531215759635,1531215759631,3253159,0.00004107,244.00000000,0
1531215782836,1531215782831,3253160,0.00004108,707.00000000,0
1531215810756,1531215810752,3253161,0.00004107,1.00000000,0
1531215838567,1531215838564,3253162,0.00004091,71.00000000,1
1531215838567,1531215838564,3253163,0.00004090,30.00000000,1
1531215838567,1531215838564,3253164,0.00004089,1190.00000000,1
1531215842117,1531215842114,3253165,0.00004089,361.00000000,1
1531215913785,1531215913779,3253166,0.00004107,1.00000000,0
1531215918539,1531215918534,3253167,0.00004107,25.00000000,0
1531215931090,1531215931087,3253168,0.00004107,200.00000000,1
1531216006798,1531216006795,3253169,0.00004092,645.00000000,1
1531216027514,1531216027511,3253170,0.00004093,517.00000000,1
1531216034143,1531216034138,3253171,0.00004108,243.00000000,0
1531216034353,1531216034349,3253172,0.00004093,1296.00000000,1
1531216034390,1531216034386,3253173,0.00004093,143.00000000,1
1531216034390,1531216034386,3253174,0.00004091,1296.00000000,1
1531216034390,1531216034386,3253175,0.00004088,246.00000000,1
1531216034740,1531216034736,3253176,0.00004086,1439.00000000,1
1531216034930,1531216034926,3253177,0.00004088,142.00000000,0
1531216035099,1531216035096,3253178,0.00004088,200.00000000,0
1531216035201,1531216035196,3253179,0.00004086,1085.00000000,1
1531216035201,1531216035196,3253180,0.00004085,1114.00000000,1
1531216036224,1531216036219,3253181,0.00004088,953.00000000,0
1531216038492,1531216038488,3253182,0.00004088,1.00000000,0
1531216038492,1531216038488,3253183,0.00004105,31.00000000,0
1531216041870,1531216041866,3253184,0.00004085,732.00000000,1
1531216044527,1531216044523,3253185,0.00004085,732.00000000,1
1531216044866,1531216044833,3253186,0.00004085,492.00000000,1
1531216046803,1531216046798,3253187,0.00004085,24.00000000,1
1531216046898,1531216046895,3253188,0.00004085,732.00000000,1
1531216048539,1531216048533,3253189,0.00004085,99.00000000,1
1531216049194,1531216049189,3253190,0.00004085,732.00000000,1
1531216051025,1531216051022,3253191,0.00004085,492.00000000,1
1531216051513,1531216051509,3253192,0.00004085,732.00000000,1
1531216053875,1531216053870,3253193,0.00004085,732.00000000,1
1531216056239,1531216056235,3253194,0.00004085,732.00000000,1
1531216056459,1531216056455,3253195,0.00004092,125.00000000,0
1531216060864,1531216060859,3253196,0.00004085,735.00000000,1
1531216061390,1531216061385,3253197,0.00004085,99.00000000,1
1531216063145,1531216063141,3253198,0.00004085,735.00000000,1
1531216065533,1531216065529,3253199,0.00004085,735.00000000,1
1531216067938,1531216067934,3253200,0.00004085,735.00000000,1
1531216068978,1531216068975,3253201,0.00004085,4961.00000000,1
1531216070234,1531216070231,3253202,0.00004085,735.00000000,1
1531216071217,1531216071211,3253203,0.00004100,152.00000000,0
1531216073591,1531216073586,3253204,0.00004085,735.00000000,1
1531216076028,1531216076023,3253205,0.00004086,166.00000000,1
1531216076028,1531216076023,3253206,0.00004085,569.00000000,1
1531216085787,1531216085782,3253207,0.00004100,166.00000000,0
1531216097375,1531216097369,3253208,0.00004086,166.00000000,1
1531216105312,1531216105309,3253209,0.00004085,15182.00000000,1
1531216107171,1531216107167,3253210,0.00004084,363.00000000,1
1531216108215,1531216108210,3253211,0.00004081,77.00000000,1
1531216108215,1531216108210,3253212,0.00004081,860.00000000,1
1531216119171,1531216119167,3253213,0.00004081,7547.00000000,1
1531216121168,1531216121164,3253214,0.00004079,104.00000000,1
1531216133835,1531216133832,3253215,0.00004078,25.00000000,1
1531216135233,1531216135230,3253216,0.00004086,1.00000000,0
1531216139452,1531216139448,3253217,0.00004078,407.00000000,1
1531216149789,1531216149783,3253218,0.00004079,248.00000000,1
1531216155557,1531216155552,3253219,0.00004080,300.00000000,1
1531216168414,1531216168409,3253220,0.00004093,10.00000000,0
1531216168559,1531216168556,3253221,0.00004093,6.00000000,0
1531216168641,1531216168637,3253222,0.00004093,12.00000000,0
1531216182602,1531216182599,3253223,0.00004079,36.00000000,1
1531216182602,1531216182599,3253224,0.00004078,264.00000000,1
1531216188235,1531216188232,3253225,0.00004078,86.00000000,1
1531216194018,1531216194013,3253226,0.00004078,500.00000000,1
1531216223649,1531216223645,3253227,0.00004080,2.00000000,0
1531216231113,1531216231110,3253228,0.00004080,1.00000000,0
1531216237332,1531216237329,3253229,0.00004078,574.00000000,1
1531216243486,1531216243482,3253230,0.00004078,200.00000000,1
1531216249556,1531216249551,3253231,0.00004078,210.00000000,1
1531216264784,1531216264781,3253232,0.00004094,17.00000000,0
1531216348492,1531216348488,3253233,0.00004085,100.00000000,1
1531216348492,1531216348488,3253234,0.00004081,313.00000000,1
1531216348492,1531216348488,3253235,0.00004079,290.00000000,1
1531216355332,1531216355327,3253236,0.00004080,157.00000000,1
1531216355332,1531216355327,3253237,0.00004078,1738.00000000,1
1531216355332,1531216355327,3253238,0.00004074,56.00000000,1
1531216355332,1531216355327,3253239,0.00004074,15.00000000,1
1531216355332,1531216355327,3253240,0.00004070,1023.00000000,1
1531216355333,1531216355327,3253241,0.00004070,31.00000000,1
1531216405693,1531216405688,3253242,0.00004070,126.00000000,1
1531216413897,1531216413891,3253243,0.00004070,238.00000000,1
1531216450421,1531216450417,3253244,0.00004070,175.00000000,1
1531216450421,1531216450417,3253245,0.00004067,244.00000000,1
1531216456536,1531216456530,3253246,0.00004067,245.00000000,1
1531216517179,1531216517175,3253247,0.00004067,2135.00000000,1
1531216517472,1531216517468,3253248,0.00004067,10250.00000000,1
1531216518127,1531216518122,3253249,0.00004063,136.00000000,1
1531216520041,1531216520036,3253250,0.00004067,1.00000000,0
1531216520063,1531216520059,3253251,0.00004061,457.00000000,1
1531216521115,1531216521109,3253252,0.00004059,117.00000000,1
1531216521176,1531216521172,3253253,0.00004053,304.00000000,1
1531216523127,1531216523123,3253254,0.00004053,159.00000000,1
1531216524137,1531216524132,3253255,0.00004050,1285.00000000,1
1531216525142,1531216525138,3253256,0.00004051,864.00000000,1
1531216526153,1531216526149,3253257,0.00004049,25.00000000,1
1531216526395,1531216526390,3253258,0.00004049,25.00000000,1
1531216528139,1531216528134,3253259,0.00004049,847.00000000,1
1531216530140,1531216530135,3253260,0.00004049,872.00000000,1
1531216530221,1531216530218,3253261,0.00004049,872.00000000,1
1531216532152,1531216532148,3253262,0.00004049,224.00000000,1
1531216534137,1531216534133,3253263,0.00004049,872.00000000,1
1531216535152,1531216535148,3253264,0.00004049,600.00000000,1
1531216537142,1531216537138,3253265,0.00004047,25.00000000,1
1531216539140,1531216539136,3253266,0.00004043,619.00000000,1
1531216541141,1531216541137,3253267,0.00004044,1940.00000000,1
1531216543154,1531216543150,3253268,0.00004043,179.00000000,1
1531216544158,1531216544154,3253269,0.00004042,25.00000000,1
1531216547212,1531216547208,3253270,0.00004041,209.00000000,1
1531216548210,1531216548205,3253271,0.00004040,253.00000000,1
1531216550024,1531216550020,3253272,0.00004055,166.00000000,0
1531216554149,1531216554144,3253273,0.00004039,131.00000000,1
1531216554700,1531216554696,3253274,0.00004046,209.00000000,0
1531216554700,1531216554696,3253275,0.00004047,114.00000000,0
1531216555865,1531216555859,3253276,0.00004048,244.00000000,0
1531216555865,1531216555859,3253277,0.00004059,293.00000000,0
1531216561751,1531216561747,3253278,0.00004059,49.00000000,0
1531216562655,1531216562651,3253279,0.00004059,24.00000000,0
1531216579236,1531216579232,3253280,0.00004041,237.00000000,1
1531216579236,1531216579232,3253281,0.00004040,14.00000000,1
1531216591860,1531216591855,3253282,0.00004057,237.00000000,0
1531216591860,1531216591855,3253283,0.00004060,135.00000000,0
1531216595405,1531216595401,3253284,0.00004054,5.00000000,0
1531216595426,1531216595422,3253285,0.00004038,199.00000000,1
1531216597932,1531216597928,3253286,0.00004038,26.00000000,1
1531216598567,1531216598564,3253287,0.00004038,82.00000000,1
1531216599572,1531216599568,3253288,0.00004038,94.00000000,0
1531216600906,1531216600903,3253289,0.00004034,3.00000000,1
1531216648788,1531216648785,3253290,0.00004034,810.00000000,1
1531216664065,1531216664062,3253291,0.00004040,5.00000000,0
1531216675747,1531216675743,3253292,0.00004039,537.00000000,0
1531216675747,1531216675743,3253293,0.00004040,172.00000000,0
1531216675747,1531216675743,3253294,0.00004047,154.00000000,0
1531216675747,1531216675743,3253295,0.00004053,124.00000000,0
1531216675747,1531216675743,3253296,0.00004054,316.00000000,0
1531216675747,1531216675743,3253297,0.00004060,122.00000000,0
1531216677024,1531216677019,3253298,0.00004060,24.00000000,0
1531216681362,1531216681358,3253299,0.00004060,477.00000000,0
1531216710973,1531216710967,3253300,0.00004060,1439.00000000,0
1531216746233,1531216746228,3253301,0.00004060,1452.00000000,0
1531216766345,1531216766337,3253302,0.00004044,154.00000000,1
1531216766345,1531216766337,3253303,0.00004034,2545.00000000,1
1531216766345,1531216766337,3253304,0.00004033,175.00000000,1
1531216766345,1531216766337,3253305,0.00004032,86.00000000,1
1531216766345,1531216766337,3253306,0.00004031,1383.00000000,1
1531216766345,1531216766337,3253307,0.00004030,1159.00000000,1
1531216766345,1531216766337,3253308,0.00004028,683.00000000,1
1531216766345,1531216766337,3253309,0.00004027,249.00000000,1
1531216766345,1531216766337,3253310,0.00004026,5548.00000000,1
1531216766372,1531216766369,3253311,0.00004027,349.00000000,0
1531216774368,1531216774364,3253312,0.00004040,6.00000000,0
1531216801334,1531216801330,3253313,0.00004040,19.00000000,0
1531216801334,1531216801330,3253314,0.00004055,181.00000000,0
1531216811163,1531216811159,3253315,0.00004054,45.00000000,0
1531216817817,1531216817813,3253316,0.00004053,4.00000000,0
1531216821390,1531216821386,3253317,0.00004030,26.00000000,1
1531216822530,1531216822526,3253318,0.00004030,222.00000000,1
1531216822530,1531216822526,3253319,0.00004029,29.00000000,1
1531216861969,1531216861965,3253320,0.00004037,92.00000000,0
1531216866791,1531216866788,3253321,0.00004026,17.00000000,1
1531216869215,1531216869212,3253322,0.00004026,1.00000000,1
1531216879732,1531216879729,3253323,0.00004038,87.00000000,0
1531216880783,1531216880778,3253324,0.00004026,1340.00000000,1
1531216886659,1531216886654,3253325,0.00004037,735.00000000,0
1531216889608,1531216889604,3253326,0.00004037,735.00000000,0
1531216891545,1531216891540,3253327,0.00004037,735.00000000,0
1531216900260,1531216900255,3253328,0.00004042,30.00000000,0
1531216901847,1531216901843,3253329,0.00004029,29.00000000,1
1531216926661,1531216926656,3253330,0.00004041,2.00000000,0
1531216965677,1531216965672,3253331,0.00004041,27.00000000,0
1531216966184,1531216966179,3253332,0.00004041,220.00000000,1
1531216985041,1531216985034,3253333,0.00004035,50.00000000,0
1531216998414,1531216998410,3253334,0.00004042,2.00000000,0
1531217034613,1531217034609,3253335,0.00004030,396.00000000,1
1531217034625,1531217034621,3253336,0.00004042,73.00000000,0
1531217041007,1531217041003,3253337,0.00004030,253.00000000,1
1531217048725,1531217048721,3253338,0.00004026,108.00000000,1
1531217048960,1531217048956,3253339,0.00004029,420.00000000,0
1531217078469,1531217078464,3253340,0.00004026,627.00000000,1
1531217097769,1531217097765,3253341,0.00004029,482.00000000,0
1531217097769,1531217097765,3253342,0.00004030,2959.00000000,0
1531217119222,1531217119217,3253343,0.00004042,107.00000000,0
1531217169187,1531217169184,3253344,0.00004042,110.00000000,0
1531217169187,1531217169184,3253345,0.00004055,7896.00000000,0
1531217226098,1531217226092,3253346,0.00004037,43.00000000,1
1531217252728,1531217252724,3253347,0.00004041,26.00000000,1
1531217256205,1531217256199,3253348,0.00004041,32.00000000,1
1531217259843,1531217259839,3253349,0.00004051,5.00000000,0
1531217276305,1531217276302,3253350,0.00004032,26.00000000,1
1531217320231,1531217320228,3253351,0.00004038,32.00000000,1
1531217320231,1531217320228,3253352,0.00004031,22.00000000,1
1531217340659,1531217340654,3253353,0.00004055,690.00000000,0
1531217349624,1531217349619,3253354,0.00004053,8.00000000,0
1531217356036,1531217356032,3253355,0.00004053,27.00000000,0
1531217356036,1531217356032,3253356,0.00004054,88.00000000,0
1531217460095,1531217460090,3253357,0.00004054,7.00000000,0
1531217521621,1531217521617,3253358,0.00004032,2575.00000000,1
1531217522093,1531217522088,3253359,0.00004032,450.00000000,0
1531217522247,1531217522242,3253360,0.00004032,193.00000000,0
1531217534584,1531217534580,3253361,0.00004031,124.00000000,1
1531217534584,1531217534580,3253362,0.00004030,4462.00000000,1
1531217534701,1531217534696,3253363,0.00004030,289.00000000,0
1531217538807,1531217538802,3253364,0.00004026,104.00000000,1
1531217561903,1531217561898,3253365,0.00004030,125.00000000,0
1531217561903,1531217561898,3253366,0.00004045,124.00000000,0
1531217561903,1531217561898,3253367,0.00004050,304.00000000,0
1531217589030,1531217589026,3253368,0.00004047,1.00000000,0
1531217609674,1531217609668,3253369,0.00004045,9.00000000,0
1531217619237,1531217619232,3253370,0.00004043,52.00000000,0
1531217624466,1531217624462,3253371,0.00004043,162.00000000,0
1531217632359,1531217632354,3253372,0.00004043,1589.00000000,0
1531217634807,1531217634803,3253373,0.00004030,108.00000000,1
1531217634807,1531217634803,3253374,0.00004026,961.00000000,1
1531217644626,1531217644621,3253375,0.00004027,28.00000000,1
1531217645726,1531217645720,3253376,0.00004041,26.00000000,0
1531217667641,1531217667636,3253377,0.00004038,1.00000000,0
1531217671109,1531217671103,3253378,0.00004038,5.00000000,0
1531217673598,1531217673593,3253379,0.00004026,22.00000000,1
1531217677673,1531217677669,3253380,0.00004036,454.00000000,0
1531217677673,1531217677669,3253381,0.00004037,289.00000000,0
1531217721847,1531217721843,3253382,0.00004027,366.00000000,1
1531217731989,1531217731984,3253383,0.00004036,97.00000000,0
1531217731989,1531217731984,3253384,0.00004051,685.00000000,0
1531217737933,1531217737928,3253385,0.00004050,366.00000000,0
1531217737933,1531217737928,3253386,0.00004051,90.00000000,0
1531217741062,1531217741058,3253387,0.00004032,159.00000000,1
1531217741062,1531217741058,3253388,0.00004031,635.00000000,1
1531217741062,1531217741058,3253389,0.00004026,3.00000000,1
1531217743345,1531217743341,3253390,0.00004049,20.00000000,0
1531217743828,1531217743823,3253391,0.00004049,198.00000000,0
1531217743828,1531217743823,3253392,0.00004050,159.00000000,0
1531217743828,1531217743823,3253393,0.00004051,707.00000000,0
1531217749432,1531217749428,3253394,0.00004050,372.00000000,0
1531217755105,1531217755101,3253395,0.00004049,389.00000000,0
1531217773368,1531217773364,3253396,0.00004031,10.00000000,1
1531217775383,1531217775379,3253397,0.00004027,10.00000000,1
1531217867467,1531217867462,3253398,0.00004033,210.00000000,1
1531217867467,1531217867462,3253399,0.00004027,2458.00000000,1
1531217867467,1531217867462,3253400,0.00004026,1545.00000000,1
1531217867467,1531217867462,3253401,0.00004025,5678.00000000,1
1531217867831,1531217867827,3253402,0.00004024,1039.00000000,0
1531217868475,1531217868471,3253403,0.00004024,742.00000000,0
1531217869407,1531217869402,3253404,0.00004024,444.00000000,0
1531217870256,1531217870252,3253405,0.00004024,233.00000000,0
1531217870380,1531217870375,3253406,0.00004025,742.00000000,0
1531217871514,1531217871509,3253407,0.00004021,3.00000000,1
1531217871543,1531217871539,3253408,0.00004025,743.00000000,0
1531217872692,1531217872687,3253409,0.00004024,329.00000000,1
1531217921614,1531217921609,3253410,0.00004034,53.00000000,0
1531217921614,1531217921609,3253411,0.00004040,194.00000000,0
1531217943449,1531217943445,3253412,0.00004035,25.00000000,0
1531217951869,1531217951864,3253413,0.00004027,26.00000000,1
1531217967416,1531217967412,3253414,0.00004030,4898.00000000,0
1531217968973,1531217968968,3253415,0.00004027,140.00000000,1
1531217977452,1531217977447,3253416,0.00004029,30.00000000,0
1531218073041,1531218073036,3253417,0.00004028,1.00000000,0
1531218075597,1531218075592,3253418,0.00004027,76.00000000,1
1531218075597,1531218075592,3253419,0.00004021,13.00000000,1
1531218108180,1531218108176,3253420,0.00004022,2613.00000000,1
1531218108547,1531218108543,3253421,0.00004022,327.00000000,0
1531218108685,1531218108681,3253422,0.00004022,311.00000000,0
1531218108715,1531218108711,3253423,0.00004022,870.00000000,0
1531218108805,1531218108800,3253424,0.00004022,1508.00000000,0
1531218109807,1531218109802,3253425,0.00004022,936.00000000,0
1531218124275,1531218124271,3253426,0.00004025,2437.00000000,1
1531218124275,1531218124271,3253427,0.00004022,653.00000000,1
1531218181238,1531218181234,3253428,0.00004036,112.00000000,0
1531218197163,1531218197159,3253429,0.00004025,15.00000000,1
1531218218749,1531218218745,3253430,0.00004034,16.00000000,0
1531218229021,1531218229017,3253431,0.00004034,7.00000000,0
1531218234451,1531218234446,3253432,0.00004025,154.00000000,1
1531218234451,1531218234446,3253433,0.00004022,283.00000000,1
1531218234451,1531218234446,3253434,0.00004021,130.00000000,1
1531218268050,1531218268045,3253435,0.00004022,144.00000000,1
1531218285491,1531218285486,3253436,0.00004033,21.00000000,0
1531218287681,1531218287673,3253437,0.00004022,25.00000000,1
1531218287681,1531218287673,3253438,0.00004021,815.00000000,1
1531218287681,1531218287673,3253439,0.00004020,1442.00000000,1
1531218287681,1531218287673,3253440,0.00004019,147.00000000,1
1531218287681,1531218287673,3253441,0.00004016,573.00000000,1
1531218287681,1531218287673,3253442,0.00004008,149.00000000,1
1531218287681,1531218287673,3253443,0.00004007,30.00000000,1
1531218287681,1531218287673,3253444,0.00004002,759.00000000,1
1531218287681,1531218287673,3253445,0.00004001,5617.00000000,1
1531218287695,1531218287690,3253446,0.00004010,295.00000000,0
1531218287716,1531218287712,3253447,0.00004033,295.00000000,0
1531218289190,1531218289186,3253448,0.00004007,3.00000000,1
1531218290645,1531218290641,3253449,0.00004025,44.00000000,0
1531218292020,1531218292016,3253450,0.00004025,96.00000000,0
1531218311145,1531218311140,3253451,0.00004016,97.00000000,1
1531218333839,1531218333834,3253452,0.00004016,82.00000000,1
1531218333839,1531218333834,3253453,0.00004014,27.00000000,1
1531218334448,1531218334444,3253454,0.00004016,363.00000000,1
1531218336607,1531218336601,3253455,0.00004016,252.00000000,1
1531218336862,1531218336859,3253456,0.00004016,50.00000000,0
1531218337038,1531218337034,3253457,0.00004016,59.00000000,0
1531218337239,1531218337234,3253458,0.00004025,9.00000000,0
1531218337239,1531218337234,3253459,0.00004033,50.00000000,0
1531218362534,1531218362530,3253460,0.00004020,82.00000000,1
1531218362534,1531218362530,3253461,0.00004014,700.00000000,1
1531218362534,1531218362530,3253462,0.00004001,347.00000000,1
1531218363363,1531218363359,3253463,0.00004003,433.00000000,1
1531218372477,1531218372472,3253464,0.00004002,157.00000000,1
1531218374001,1531218373997,3253465,0.00004028,157.00000000,0
1531218374001,1531218373997,3253466,0.00004029,7.00000000,0
1531218376155,1531218376149,3253467,0.00004003,81.00000000,1
1531218389095,1531218389091,3253468,0.00004028,123.00000000,0
1531218390109,1531218390103,3253469,0.00004028,123.00000000,0
1531218411351,1531218411346,3253470,0.00004014,166.00000000,1
1531218411351,1531218411346,3253471,0.00004013,169.00000000,1
1531218411351,1531218411346,3253472,0.00004001,757.00000000,1
1531218423993,1531218423988,3253473,0.00004004,169.00000000,1
1531218423993,1531218423988,3253474,0.00004001,7823.00000000,1
1531218427446,1531218427442,3253475,0.00004004,177.00000000,1
1531218429697,1531218429693,3253476,0.00004005,62.00000000,1
1531218429697,1531218429693,3253477,0.00004001,924.00000000,1
1531218460489,1531218460485,3253478,0.00004005,32.00000000,1
1531218460489,1531218460485,3253479,0.00004001,1058.00000000,1
1531218460489,1531218460485,3253480,0.00004000,6353.00000000,1
1531218460490,1531218460485,3253481,0.00004000,75.00000000,1
1531218484676,1531218484672,3253482,0.00004001,23.00000000,1
1531218484962,1531218484957,3253483,0.00004001,59.00000000,1
1531218498706,1531218498702,3253484,0.00004022,5.00000000,0
1531218528598,1531218528594,3253485,0.00004019,82.00000000,0
1531218538721,1531218538715,3253486,0.00004001,110.00000000,1
1531218538721,1531218538715,3253487,0.00004000,1090.00000000,1
1531218589071,1531218589067,3253488,0.00004011,4.00000000,0
1531218614300,1531218614295,3253489,0.00004001,192.00000000,1
1531218614300,1531218614295,3253490,0.00004000,406.00000000,1
1531218646511,1531218646507,3253491,0.00004001,192.00000000,1
1531218646511,1531218646507,3253492,0.00004000,27.00000000,1
1531218647846,1531218647841,3253493,0.00004001,116.00000000,0
1531218647947,1531218647941,3253494,0.00004011,86.00000000,0
1531218647947,1531218647941,3253495,0.00004012,30.00000000,0
1531218767508,1531218767505,3253496,0.00004017,5.00000000,0
1531218805121,1531218805116,3253497,0.00004017,597.00000000,0
1531218853449,1531218853445,3253498,0.00004017,1433.00000000,0
1531218853449,1531218853445,3253499,0.00004019,970.00000000,0
1531218853449,1531218853445,3253500,0.00004020,170.00000000,0
1531218854424,1531218854418,3253501,0.00004020,67.00000000,0
1531218854434,1531218854429,3253502,0.00004029,2141.00000000,0
1531218854887,1531218854882,3253503,0.00004029,1851.00000000,0
1531218855433,1531218855428,3253504,0.00004034,61.00000000,0
1531218858268,1531218858264,3253505,0.00004034,744.00000000,0
1531218858863,1531218858858,3253506,0.00004034,167.00000000,0
1531218860927,1531218860923,3253507,0.00004034,744.00000000,0
1531218863238,1531218863232,3253508,0.00004034,571.00000000,0
1531218898677,1531218898673,3253509,0.00004033,256.00000000,0
1531218898677,1531218898673,3253510,0.00004034,1170.00000000,0
1531218923230,1531218923225,3253511,0.00004034,8.00000000,0
1531218934623,1531218934619,3253512,0.00004034,1.00000000,0
1531218951837,1531218951833,3253513,0.00004034,3602.00000000,0
1531218953386,1531218953381,3253514,0.00004032,200.00000000,1
1531218953588,1531218953582,3253515,0.00004041,67.00000000,0
1531218959445,1531218959441,3253516,0.00004042,124.00000000,0
1531218961863,1531218961858,3253517,0.00004053,13.00000000,0
1531218977083,1531218977077,3253518,0.00004036,323.00000000,1
1531218979440,1531218979435,3253519,0.00004042,264.00000000,0
1531219019311,1531219019305,3253520,0.00004045,2.00000000,0
1531219025685,1531219025681,3253521,0.00004045,198.00000000,0
1531219026636,1531219026631,3253522,0.00004046,6367.00000000,0
1531219031465,1531219031461,3253523,0.00004049,274.00000000,0
1531219063218,1531219063213,3253524,0.00004052,3.00000000,0
1531219077351,1531219077347,3253525,0.00004038,8.00000000,1
1531219077894,1531219077889,3253526,0.00004038,12.00000000,1
1531219078421,1531219078416,3253527,0.00004038,10.00000000,1
1531219079010,1531219079006,3253528,0.00004038,9.00000000,1
1531219079664,1531219079660,3253529,0.00004038,6.00000000,1
1531219090605,1531219090601,3253530,0.00004050,153.00000000,0
1531219103766,1531219103760,3253531,0.00004044,9273.00000000,1
1531219143754,1531219143749,3253532,0.00004044,166.00000000,1
1531219193214,1531219193209,3253533,0.00004051,148.00000000,0
1531219193214,1531219193209,3253534,0.00004053,127.00000000,0
1531219217071,1531219217066,3253535,0.00004053,5.00000000,0
1531219218669,1531219218664,3253536,0.00004044,95.00000000,1
1531219270458,1531219270453,3253537,0.00004053,370.00000000,0
1531219283773,1531219283769,3253538,0.00004053,7.00000000,0
1531219425648,1531219425643,3253539,0.00004053,125.00000000,0
1531219474756,1531219474750,3253540,0.00004053,1.00000000,0
1531219477974,1531219477968,3253541,0.00004053,1.00000000,0
1531219524398,1531219524393,3253542,0.00004053,1.00000000,0
1531219534031,1531219534025,3253543,0.00004049,362.00000000,1
1531219613567,1531219613562,3253544,0.00004049,193.00000000,1
1531219625035,1531219625030,3253545,0.00004049,151.00000000,1
1531219640978,1531219640972,3253546,0.00004050,2.00000000,0
1531219659351,1531219659349,3253547,0.00004049,1000.00000000,1
1531219659633,1531219659628,3253548,0.00004049,155.00000000,1
1531219732491,1531219732485,3253549,0.00004045,67.00000000,1
1531219742466,1531219742461,3253550,0.00004050,5.00000000,0
1531219820027,1531219820022,3253551,0.00004053,3.00000000,0
1531219849966,1531219849961,3253552,0.00004037,161.00000000,1
1531219849966,1531219849961,3253553,0.00004036,335.00000000,1
1531219849966,1531219849961,3253554,0.00004029,744.00000000,1
1531219850124,1531219850119,3253555,0.00004029,383.00000000,0
1531219913623,1531219913618,3253556,0.00004052,161.00000000,0
1531219913623,1531219913618,3253557,0.00004053,87.00000000,0
1531219913623,1531219913618,3253558,0.00004054,182.00000000,0
1531219913623,1531219913618,3253559,0.00004058,120.00000000,0
1531219951216,1531219951212,3253560,0.00004036,44.00000000,1
1531219995936,1531219995931,3253561,0.00004027,188.00000000,1
1531220032744,1531220032740,3253562,0.00004054,189.00000000,0
1531220155557,1531220155552,3253563,0.00004054,3.00000000,0
1531220159537,1531220159536,3253564,0.00004054,1.00000000,0
1531220218179,1531220218175,3253565,0.00004037,153.00000000,1
1531220252362,1531220252357,3253566,0.00004031,136.00000000,1
1531220259699,1531220259697,3253567,0.00004050,26.00000000,0
1531220311400,1531220311394,3253568,0.00004050,127.00000000,0
1531220311400,1531220311394,3253569,0.00004055,11.00000000,0
1531220340587,1531220340583,3253570,0.00004055,3.00000000,0
1531220388999,1531220388994,3253571,0.00004041,172.00000000,1
1531220388999,1531220388994,3253572,0.00004040,693.00000000,1
1531220393195,1531220393188,3253573,0.00004047,177.00000000,1
1531220393195,1531220393188,3253574,0.00004040,717.00000000,1
1531220407104,1531220407098,3253575,0.00004052,25.00000000,0
1531220439395,1531220439390,3253576,0.00004040,1090.00000000,1
1531220466568,1531220466563,3253577,0.00004039,161.00000000,0
1531220469563,1531220469559,3253578,0.00004040,75.00000000,0
1531220472570,1531220472565,3253579,0.00004040,1.00000000,0
1531220523179,1531220523177,3253580,0.00004040,16.00000000,0
1531220525062,1531220525058,3253581,0.00004040,24.00000000,0
1531220597665,1531220597661,3253582,0.00004025,9.00000000,1
1531220681020,1531220681015,3253583,0.00004040,1.00000000,0
1531220736366,1531220736359,3253584,0.00004040,1.00000000,0
1531220792942,1531220792937,3253585,0.00004025,99.00000000,1
1531220873291,1531220873286,3253586,0.00004038,1.00000000,0
1531220873426,1531220873420,3253587,0.00004025,903.00000000,1
1531220874054,1531220874049,3253588,0.00004025,3.00000000,0
1531220878708,1531220878702,3253589,0.00004023,536.00000000,0
1531220878933,1531220878928,3253590,0.00004025,100.00000000,0
1531220905542,1531220905536,3253591,0.00004023,268.00000000,0
1531220906542,1531220906538,3253592,0.00004025,771.00000000,0
1531220917782,1531220917777,3253593,0.00004022,30.00000000,1
1531220960749,1531220960742,3253594,0.00004022,8326.00000000,1
1531220960749,1531220960742,3253595,0.00004014,959.00000000,1
1531220960749,1531220960742,3253596,0.00004004,677.00000000,1
1531220997169,1531220997166,3253597,0.00004028,3.00000000,0
1531221024859,1531221024853,3253598,0.00004022,82.00000000,1
1531221024886,1531221024880,3253599,0.00004018,61.00000000,0
1531221025032,1531221025027,3253600,0.00004018,61.00000000,0
1531221025537,1531221025530,3253601,0.00004018,48.00000000,0
1531221043441,1531221043436,3253602,0.00004016,26.00000000,1
1531221111326,1531221111321,3253603,0.00004016,3261.00000000,1
1531221111742,1531221111738,3253604,0.00004015,12.00000000,0
1531221178736,1531221178732,3253605,0.00004015,2.00000000,0
1531221196985,1531221196979,3253606,0.00004015,315.00000000,0
1531221198555,1531221198552,3253607,0.00004015,1865.00000000,0
1531221207804,1531221207799,3253608,0.00004027,147.00000000,0
1531221207804,1531221207799,3253609,0.00004028,196.00000000,0
1531221207804,1531221207799,3253610,0.00004031,57.00000000,0
1531221276808,1531221276802,3253611,0.00004031,68.00000000,0
1531221276808,1531221276802,3253612,0.00004032,180.00000000,0
1531221317937,1531221317933,3253613,0.00004032,143.00000000,0
1531221317937,1531221317933,3253614,0.00004040,318.00000000,0
1531221318823,1531221318818,3253615,0.00004040,126.00000000,0
1531221324107,1531221324102,3253616,0.00004040,1684.00000000,0
1531221328295,1531221328291,3253617,0.00004040,6.00000000,0
1531221548043,1531221548041,3253618,0.00004040,247.00000000,0
1531221568703,1531221568699,3253619,0.00004040,49.00000000,0
1531221607230,1531221607227,3253620,0.00004045,66.00000000,1
1531221609089,1531221609085,3253621,0.00004045,113.00000000,1
1531221629568,1531221629563,3253622,0.00004045,821.00000000,1
1531221636578,1531221636571,3253623,0.00004045,760.00000000,1
1531221683748,1531221683744,3253624,0.00004045,1.00000000,0
1531221684350,1531221684345,3253625,0.00004045,1.00000000,0
1531221749426,1531221749420,3253626,0.00004045,39.00000000,0
1531221846150,1531221846147,3253627,0.00004046,52.00000000,0
1531221951964,1531221951959,3253628,0.00004046,212.00000000,0
1531221951964,1531221951959,3253629,0.00004048,161.00000000,0
1531221951964,1531221951959,3253630,0.00004056,1127.00000000,0
1531222298184,1531222298179,3253631,0.00004042,2.00000000,1
1531222299359,1531222299355,3253632,0.00004042,2.00000000,1
1531222322203,1531222322198,3253633,0.00004042,162.00000000,1
1531222322547,1531222322543,3253634,0.00004042,162.00000000,1
1531222420822,1531222420818,3253635,0.00004055,106.00000000,0
1531222501148,1531222501144,3253636,0.00004042,4.00000000,1
1531222527095,1531222527090,3253637,0.00004042,159.00000000,1
1531222527187,1531222527181,3253638,0.00004042,649.00000000,1
1531222541577,1531222541572,3253639,0.00004049,144.00000000,0
1531222541577,1531222541572,3253640,0.00004055,133.00000000,0
1531222564726,1531222564722,3253641,0.00004039,1.00000000,1
1531222567054,1531222567050,3253642,0.00004038,1.00000000,1
1531222573636,1531222573632,3253643,0.00004055,142.00000000,0
1531222578441,1531222578437,3253644,0.00004055,10.00000000,0
1531222595949,1531222595945,3253645,0.00004039,2.00000000,1
1531222595983,1531222595980,3253646,0.00004055,10.00000000,0
1531222598147,1531222598144,3253647,0.00004039,2.00000000,1
1531222602115,1531222602112,3253648,0.00004055,100.00000000,0
1531222607342,1531222607338,3253649,0.00004055,250.00000000,0
1531222624980,1531222624976,3253650,0.00004039,128.00000000,1
1531222624980,1531222624976,3253651,0.00004038,282.00000000,1
1531222624980,1531222624976,3253652,0.00004026,312.00000000,1
1531222624980,1531222624976,3253653,0.00004016,2576.00000000,1
1531222624980,1531222624976,3253654,0.00004013,5940.00000000,1
1531222624980,1531222624976,3253655,0.00004012,839.00000000,1
1531222624980,1531222624976,3253656,0.00004009,6267.00000000,1
1531222625045,1531222625041,3253657,0.00004009,413.00000000,1
1531222628529,1531222628525,3253658,0.00004044,111.00000000,0
1531222635463,1531222635459,3253659,0.00004036,1297.00000000,0
1531222640877,1531222640874,3253660,0.00004033,1168.00000000,0
1531222650476,1531222650471,3253661,0.00004034,9.00000000,0
1531222656030,1531222656025,3253662,0.00004010,218.00000000,1
1531222656030,1531222656025,3253663,0.00004006,177.00000000,1
1531222656030,1531222656025,3253664,0.00004002,296.00000000,1
1531222656030,1531222656025,3253665,0.00004001,401.00000000,1
1531222659472,1531222659468,3253666,0.00004022,142.00000000,0
1531222678303,1531222678297,3253667,0.00004023,489.00000000,0
1531222678303,1531222678297,3253668,0.00004025,120.00000000,0
1531222684062,1531222684058,3253669,0.00004023,245.00000000,0
1531222684814,1531222684811,3253670,0.00004005,26.00000000,1
1531222685495,1531222685492,3253671,0.00004005,126.00000000,1
1531222685520,1531222685516,3253672,0.00004004,126.00000000,0
1531222686677,1531222686673,3253673,0.00004003,152.00000000,0
1531222706722,1531222706718,3253674,0.00004001,623.00000000,1
1531222708802,1531222708797,3253675,0.00004000,33147.00000000,1
1531222724252,1531222724250,3253676,0.00004003,221.00000000,1
1531222724252,1531222724250,3253677,0.00004002,32.00000000,1
1531222747963,1531222747959,3253678,0.00004015,4.00000000,0
1531222754729,1531222754726,3253679,0.00004015,162.00000000,0
1531222754729,1531222754726,3253680,0.00004016,87.00000000,0
1531222758182,1531222758178,3253681,0.00004016,142.00000000,0
1531222777512,1531222777493,3253682,0.00004016,3.00000000,0
1531222794189,1531222794185,3253683,0.00004003,166.00000000,1
1531222795856,1531222795852,3253684,0.00004002,413.00000000,1
1531222797003,1531222797000,3253685,0.00004004,130.00000000,1
1531222797533,1531222797530,3253686,0.00004004,76.00000000,1
1531222797533,1531222797530,3253687,0.00004000,1251.00000000,1
1531222801317,1531222801313,3253688,0.00004000,1173.00000000,1
1531222801317,1531222801313,3253689,0.00003999,164.00000000,1
1531222801317,1531222801313,3253690,0.00003993,165.00000000,1
1531222801317,1531222801313,3253691,0.00003990,700.00000000,1
1531222801319,1531222801313,3253692,0.00003990,539.00000000,1
1531222801319,1531222801313,3253693,0.00003989,176.00000000,1
1531222801319,1531222801313,3253694,0.00003987,737.00000000,1
1531222801319,1531222801313,3253695,0.00003986,131.00000000,1
1531222801319,1531222801313,3253696,0.00003984,252.00000000,1
1531222801319,1531222801313,3253697,0.00003983,628.00000000,1
1531222801655,1531222801651,3253698,0.00003979,153.00000000,1
1531222801666,1531222801663,3253699,0.00003977,200.00000000,1
1531222801666,1531222801663,3253700,0.00003975,125.00000000,1
1531222801666,1531222801663,3253701,0.00003969,136.00000000,1
1531222801690,1531222801689,3253702,0.00003970,55.00000000,0
1531222802136,1531222802130,3253703,0.00003979,373.00000000,0
1531222802187,1531222802183,3253704,0.00003979,331.00000000,0
1531222802948,1531222802944,3253705,0.00003979,174.00000000,0
1531222803692,1531222803690,3253706,0.00003979,631.00000000,1
1531222805434,1531222805427,3253707,0.00003970,486.00000000,1
1531222805434,1531222805427,3253708,0.00003969,605.00000000,1
1531222805434,1531222805427,3253709,0.00003966,32.00000000,1
1531222805434,1531222805427,3253710,0.00003961,969.00000000,1
1531222805434,1531222805427,3253711,0.00003959,338.00000000,1
1531222805434,1531222805427,3253712,0.00003958,181.00000000,1
1531222805434,1531222805427,3253713,0.00003955,231.00000000,1
1531222805434,1531222805427,3253714,0.00003946,26.00000000,1
1531222805434,1531222805427,3253715,0.00003944,155.00000000,1
1531222805434,1531222805427,3253716,0.00003938,579.00000000,1
1531222805459,1531222805454,3253717,0.00003940,2937.00000000,0
1531222805466,1531222805464,3253718,0.00003940,86.00000000,0
1531222805467,1531222805464,3253719,0.00003947,97.00000000,0
1531222805642,1531222805638,3253720,0.00003947,3.00000000,0
1531222805716,1531222805712,3253721,0.00003949,3.00000000,1
1531222805904,1531222805902,3253722,0.00003980,29.00000000,0
1531222808516,1531222808512,3253723,0.00003980,1946.00000000,0
1531222810933,1531222810929,3253724,0.00003975,169.00000000,0
1531222811497,1531222811493,3253725,0.00003975,50.00000000,0
1531222811497,1531222811493,3253726,0.00003976,154.00000000,0
1531222811497,1531222811493,3253727,0.00003989,450.00000000,0
1531222813322,1531222813318,3253728,0.00003953,333.00000000,1
1531222814718,1531222814715,3253729,0.00003989,38.00000000,0
1531222815114,1531222815109,3253730,0.00003989,2.00000000,0
1531222815953,1531222815949,3253731,0.00003954,2.00000000,1
1531222817206,1531222817203,3253732,0.00003989,286.00000000,0
1531222819046,1531222819044,3253733,0.00003987,47.00000000,0
1531222819426,1531222819423,3253734,0.00003954,141.00000000,1
1531222820631,1531222820628,3253735,0.00003987,48.00000000,0
1531222820827,1531222820821,3253736,0.00003987,501.00000000,0
1531222821403,1531222821398,3253737,0.00003956,252.00000000,1
1531222821468,1531222821465,3253738,0.00003955,253.00000000,1
1531222821593,1531222821591,3253739,0.00003943,235.00000000,1
1531222821643,1531222821639,3253740,0.00003951,64.00000000,0
1531222824605,1531222824601,3253741,0.00003983,235.00000000,0
1531222824829,1531222824826,3253742,0.00003949,39.00000000,1
1531222824886,1531222824881,3253743,0.00003984,252.00000000,0
1531222825118,1531222825114,3253744,0.00003949,422.00000000,1
1531222825172,1531222825168,3253745,0.00003985,180.00000000,0
1531222828396,1531222828392,3253746,0.00003982,397.00000000,0
1531222835326,1531222835325,3253747,0.00003954,247.00000000,1
1531222837993,1531222837990,3253748,0.00003955,30.00000000,1
1531222842456,1531222842452,3253749,0.00003957,62.00000000,1
1531222843318,1531222843313,3253750,0.00003958,117.00000000,0
1531222843622,1531222843616,3253751,0.00003957,247.00000000,1
1531222856436,1531222856432,3253752,0.00003966,51.00000000,0
1531222856436,1531222856432,3253753,0.00003967,30.00000000,0
1531222856436,1531222856432,3253754,0.00003982,124.00000000,0
1531222856436,1531222856432,3253755,0.00003983,47.00000000,0
1531222860136,1531222860132,3253756,0.00003958,297.00000000,1
1531222860984,1531222860980,3253757,0.00003956,65.00000000,0
1531222861506,1531222861503,3253758,0.00003956,128.00000000,0
1531222862098,1531222862094,3253759,0.00003948,26.00000000,1
1531222862256,1531222862252,3253760,0.00003948,26.00000000,1
1531222863087,1531222863086,3253761,0.00003948,75.00000000,1
1531222863322,1531222863318,3253762,0.00003948,105.00000000,0
1531222872800,1531222872795,3253763,0.00003945,104.00000000,0
1531222872800,1531222872795,3253764,0.00003947,704.00000000,0
1531222872800,1531222872795,3253765,0.00003948,141.00000000,0
1531222874774,1531222874770,3253766,0.00003947,141.00000000,0
1531222874774,1531222874770,3253767,0.00003948,87.00000000,0
1531222877317,1531222877312,3253768,0.00003944,126.00000000,1
1531222884871,1531222884868,3253769,0.00003948,54.00000000,0
1531222895806,1531222895802,3253770,0.00003956,6.00000000,0
1531222895936,1531222895931,3253771,0.00003956,9.00000000,0
1531222896005,1531222896003,3253772,0.00003956,10.00000000,0
1531222896060,1531222896057,3253773,0.00003956,12.00000000,0
1531222896246,1531222896243,3253774,0.00003956,8.00000000,0
1531222896356,1531222896353,3253775,0.00003956,16.00000000,0
1531222899652,1531222899649,3253776,0.00003948,117.00000000,1
1531222900271,1531222900267,3253777,0.00003948,1495.00000000,1
1531222911519,1531222911515,3253778,0.00003949,2322.00000000,1
1531222924536,1531222924531,3253779,0.00003949,26.00000000,0
1531222924564,1531222924560,3253780,0.00003948,3213.00000000,1
1531222928928,1531222928924,3253781,0.00003948,43.00000000,1
1531222929978,1531222929974,3253782,0.00003948,107.00000000,1
1531222932061,1531222932054,3253783,0.00003944,1.00000000,1
1531222932061,1531222932054,3253784,0.00003940,1522.00000000,1
1531222932061,1531222932054,3253785,0.00003937,163.00000000,1
1531222932061,1531222932054,3253786,0.00003934,538.00000000,1
1531222932061,1531222932054,3253787,0.00003932,26.00000000,1
1531222932061,1531222932054,3253788,0.00003931,256.00000000,1
1531222932061,1531222932054,3253789,0.00003930,419.00000000,1
1531222932061,1531222932054,3253790,0.00003928,256.00000000,1
1531222932061,1531222932054,3253791,0.00003924,689.00000000,1
1531222932061,1531222932054,3253792,0.00003918,161.00000000,1
1531222932061,1531222932054,3253793,0.00003917,2743.00000000,1
1531222932061,1531222932054,3253794,0.00003916,26.00000000,1
1531222932061,1531222932054,3253795,0.00003914,383.00000000,1
1531222932061,1531222932054,3253796,0.00003912,809.00000000,1
1531222934238,1531222934235,3253797,0.00003945,1.00000000,0
1531222935963,1531222935959,3253798,0.00003944,2546.00000000,0
1531222937541,1531222937537,3253799,0.00003944,185.00000000,0
1531222937541,1531222937537,3253800,0.00003945,119.00000000,0
1531222940279,1531222940275,3253801,0.00003945,131.00000000,0
1531222940491,1531222940487,3253802,0.00003919,159.00000000,1
1531222940491,1531222940487,3253803,0.00003918,255.00000000,1
1531222940527,1531222940524,3253804,0.00003918,63.00000000,0
1531222945834,1531222945830,3253805,0.00003942,159.00000000,0
1531222945834,1531222945830,3253806,0.00003943,145.00000000,0
1531222946801,1531222946796,3253807,0.00003920,199.00000000,1
1531222946801,1531222946796,3253808,0.00003919,182.00000000,1
1531222946801,1531222946796,3253809,0.00003912,2960.00000000,1
1531222957210,1531222957206,3253810,0.00003924,3.00000000,1
1531222959372,1531222959371,3253811,0.00003912,3.00000000,1
1531222963198,1531222963194,3253812,0.00003913,815.00000000,1
1531222963198,1531222963194,3253813,0.00003912,314.00000000,1
1531222968860,1531222968856,3253814,0.00003931,3.00000000,0
1531222977903,1531222977899,3253815,0.00003914,232.00000000,1
1531222977903,1531222977899,3253816,0.00003912,1786.00000000,1
1531222983031,1531222983028,3253817,0.00003919,182.00000000,0
1531222983266,1531222983261,3253818,0.00003919,50.00000000,0
1531222983266,1531222983261,3253819,0.00003920,91.00000000,0
1531222984239,1531222984235,3253820,0.00003919,51.00000000,0
1531222984666,1531222984663,3253821,0.00003912,26.00000000,1
1531222984690,1531222984685,3253822,0.00003919,110.00000000,0
1531222986754,1531222986749,3253823,0.00003921,183.00000000,0
1531222987485,1531222987480,3253824,0.00003921,30.00000000,0
1531222987933,1531222987930,3253825,0.00003913,259.00000000,1
1531222990089,1531222990086,3253826,0.00003921,126.00000000,0
1531222991582,1531222991578,3253827,0.00003921,187.00000000,0
1531223000523,1531223000517,3253828,0.00003920,118.00000000,0
1531223000523,1531223000517,3253829,0.00003921,21.00000000,0
1531223000836,1531223000833,3253830,0.00003921,48.00000000,0
1531223015264,1531223015260,3253831,0.00003914,33.00000000,1
1531223015264,1531223015260,3253832,0.00003912,293.00000000,1
1531223035846,1531223035843,3253833,0.00003914,30.00000000,1
1531223040083,1531223040078,3253834,0.00003921,95.00000000,0
1531223040083,1531223040078,3253835,0.00003922,44.00000000,0
1531223048714,1531223048710,3253836,0.00003913,239.00000000,1
1531223049419,1531223049415,3253837,0.00003913,97.00000000,1
1531223049419,1531223049415,3253838,0.00003912,144.00000000,1
1531223052597,1531223052594,3253839,0.00003920,300.00000000,0
1531223056429,1531223056426,3253840,0.00003922,142.00000000,0
1531223058943,1531223058939,3253841,0.00003922,177.00000000,0
1531223065026,1531223065023,3253842,0.00003923,73.00000000,0
1531223065026,1531223065023,3253843,0.00003925,16.00000000,0
1531223065270,1531223065265,3253844,0.00003925,73.00000000,0
1531223066178,1531223066175,3253845,0.00003925,243.00000000,0
1531223071677,1531223071674,3253846,0.00003926,117.00000000,0
1531223076695,1531223076690,3253847,0.00003938,199.00000000,0
1531223078898,1531223078894,3253848,0.00003937,152.00000000,0
1531223079302,1531223079298,3253849,0.00003920,159.00000000,1
1531223079302,1531223079298,3253850,0.00003919,79.00000000,1
1531223080084,1531223080082,3253851,0.00003919,176.00000000,1
1531223080084,1531223080082,3253852,0.00003918,56.00000000,1
1531223080084,1531223080082,3253853,0.00003914,7.00000000,1
1531223087902,1531223087897,3253854,0.00003936,215.00000000,0
1531223088629,1531223088626,3253855,0.00003916,118.00000000,1
1531223092429,1531223092426,3253856,0.00003936,159.00000000,0
1531223097736,1531223097731,3253857,0.00003932,96.00000000,0
1531223101244,1531223101240,3253858,0.00003932,31.00000000,0
1531223105718,1531223105714,3253859,0.00003912,243.00000000,1
1531223110742,1531223110738,3253860,0.00003929,161.00000000,0
1531223116275,1531223116273,3253861,0.00003932,87.00000000,0
1531223122043,1531223122039,3253862,0.00003939,271.00000000,0
1531223122593,1531223122589,3253863,0.00003945,106.00000000,0
1531223123697,1531223123693,3253864,0.00003921,671.00000000,1
1531223123697,1531223123693,3253865,0.00003920,83.00000000,1
1531223123697,1531223123693,3253866,0.00003913,923.00000000,1
1531223164798,1531223164793,3253867,0.00003937,41.00000000,0
1531223191957,1531223191954,3253868,0.00003920,73.00000000,1
1531223203705,1531223203702,3253869,0.00003931,115.00000000,0
1531223213021,1531223213018,3253870,0.00003925,120.00000000,1
1531223225033,1531223225031,3253871,0.00003947,3.00000000,0
1531223257691,1531223257683,3253872,0.00003944,161.00000000,0
1531223257691,1531223257683,3253873,0.00003945,92.00000000,0
1531223267067,1531223267064,3253874,0.00003945,5.00000000,0
1531223305872,1531223305866,3253875,0.00003953,6.00000000,0
1531223335828,1531223335825,3253876,0.00003954,7.00000000,0
1531223362933,1531223362929,3253877,0.00003953,252.00000000,0
1531223409663,1531223409659,3253878,0.00003953,142.00000000,0
1531223428808,1531223428804,3253879,0.00003953,53.00000000,0
1531223430241,1531223430236,3253880,0.00003953,40.00000000,0
1531223437110,1531223437106,3253881,0.00003954,101.00000000,0
1531223474574,1531223474570,3253882,0.00003953,37.00000000,0
1531223474574,1531223474570,3253883,0.00003954,114.00000000,0
1531223499155,1531223499154,3253884,0.00003963,127.00000000,0
1531223499155,1531223499154,3253885,0.00003971,16.00000000,0
1531223501314,1531223501311,3253886,0.00003954,48.00000000,1
1531223501923,1531223501919,3253887,0.00003956,177.00000000,1
1531223507610,1531223507608,3253888,0.00003959,169.00000000,1
1531223507610,1531223507608,3253889,0.00003954,231.00000000,1
1531223508780,1531223508776,3253890,0.00003954,30.00000000,1
1531223608175,1531223608175,3253891,0.00003957,26.00000000,1
1531223611755,1531223611751,3253892,0.00003957,74.00000000,1
1531223612729,1531223612726,3253893,0.00003956,100.00000000,1
1531223613755,1531223613751,3253894,0.00003954,51.00000000,1
1531223662811,1531223662809,3253895,0.00003957,60.00000000,0
1531223670963,1531223670960,3253896,0.00003958,96.00000000,0
1531223700488,1531223700484,3253897,0.00003957,109.00000000,0
1531223700488,1531223700484,3253898,0.00003959,116.00000000,0
1531223700488,1531223700484,3253899,0.00003960,1742.00000000,0
1531223715989,1531223715986,3253900,0.00003959,1.00000000,0
1531223736124,1531223736120,3253901,0.00003959,18.00000000,0
1531223761194,1531223761189,3253902,0.00003956,31.00000000,1
1531223776537,1531223776533,3253903,0.00003959,48.00000000,0
1531223793074,1531223793071,3253904,0.00003959,6.00000000,0
1531223810829,1531223810825,3253905,0.00003959,8.00000000,0
1531223810829,1531223810825,3253906,0.00003960,670.00000000,0
1531223811328,1531223811324,3253907,0.00003960,4.00000000,0
1531223852942,1531223852938,3253908,0.00003960,99.00000000,0
1531223883276,1531223883272,3253909,0.00003956,88.00000000,1
1531223923382,1531223923380,3253910,0.00003956,271.00000000,0
1531223923382,1531223923380,3253911,0.00003959,604.00000000,0
1531223923382,1531223923380,3253912,0.00003960,126.00000000,0
1531223966199,1531223966195,3253913,0.00003959,1174.00000000,0
1531223981543,1531223981541,3253914,0.00003959,10.00000000,0
1531223991870,1531223991866,3253915,0.00003959,2.00000000,0
1531224010348,1531224010345,3253916,0.00003954,40.00000000,1
1531224014936,1531224014933,3253917,0.00003947,85.00000000,0
1531224016431,1531224016428,3253918,0.00003943,10.00000000,1
1531224030631,1531224030627,3253919,0.00003944,169.00000000,1
1531224030631,1531224030627,3253920,0.00003943,143.00000000,1
1531224030631,1531224030627,3253921,0.00003936,2496.00000000,1
1531224064289,1531224064286,3253922,0.00003935,120.00000000,1
1531224076024,1531224076026,3253923,0.00003935,26.00000000,1
1531224077724,1531224077720,3253924,0.00003936,13.00000000,0
1531224088315,1531224088307,3253925,0.00003935,853.00000000,1
1531224088315,1531224088307,3253926,0.00003934,2500.00000000,1
1531224088315,1531224088307,3253927,0.00003920,26.00000000,1
1531224088315,1531224088307,3253928,0.00003918,52.00000000,1
1531224088315,1531224088307,3253929,0.00003916,337.00000000,1
1531224088315,1531224088307,3253930,0.00003915,351.00000000,1
1531224088315,1531224088307,3253931,0.00003914,5000.00000000,1
1531224088315,1531224088307,3253932,0.00003913,303.00000000,1
1531224088315,1531224088307,3253933,0.00003912,3396.00000000,1
1531224088315,1531224088307,3253934,0.00003911,1084.00000000,1
1531224088315,1531224088307,3253935,0.00003909,26.00000000,1
1531224088315,1531224088307,3253936,0.00003906,153.00000000,1
1531224088315,1531224088307,3253937,0.00003905,815.00000000,1
1531224088315,1531224088307,3253938,0.00003904,26.00000000,1
1531224088315,1531224088307,3253939,0.00003902,154.00000000,1
1531224088315,1531224088307,3253940,0.00003900,15.00000000,1
1531224088315,1531224088307,3253941,0.00003900,968.00000000,1
1531224088319,1531224088307,3253942,0.00003899,38.00000000,1
1531224088319,1531224088307,3253943,0.00003898,83.00000000,1
1531224088319,1531224088307,3253944,0.00003897,305.00000000,1
1531224088319,1531224088307,3253945,0.00003896,55.00000000,1
1531224088319,1531224088307,3253946,0.00003895,173.00000000,1
1531224088319,1531224088307,3253947,0.00003894,166.00000000,1
1531224088319,1531224088307,3253948,0.00003893,384.00000000,1
1531224088319,1531224088307,3253949,0.00003892,489.00000000,1
1531224088319,1531224088307,3253950,0.00003890,535.00000000,1
1531224088319,1531224088307,3253951,0.00003888,157.00000000,1
1531224088328,1531224088324,3253952,0.00003890,200.00000000,0
1531224088328,1531224088324,3253953,0.00003894,726.00000000,0
1531224088335,1531224088332,3253954,0.00003894,213.00000000,0
1531224088337,1531224088333,3253955,0.00003894,213.00000000,0
1531224088338,1531224088334,3253956,0.00003894,213.00000000,0
1531224088345,1531224088343,3253957,0.00003894,212.00000000,0
1531224088350,1531224088347,3253958,0.00003894,213.00000000,0
1531224088353,1531224088349,3253959,0.00003894,213.00000000,0
1531224088355,1531224088355,3253960,0.00003888,135.00000000,1
1531224088355,1531224088355,3253961,0.00003887,291.00000000,1
1531224088355,1531224088355,3253962,0.00003894,605.00000000,0
1531224088355,1531224088355,3253963,0.00003900,321.00000000,0
1531224088359,1531224088360,3253964,0.00003900,713.00000000,0
1531224088362,1531224088364,3253965,0.00003900,213.00000000,0
1531224088365,1531224088364,3253966,0.00003900,22.00000000,0
1531224088804,1531224088800,3253967,0.00003910,152.00000000,0
1531224089240,1531224089236,3253968,0.00003916,384.00000000,0
1531224089343,1531224089338,3253969,0.00003924,170.00000000,0
1531224089398,1531224089396,3253970,0.00003924,208.00000000,0
1531224089480,1531224089476,3253971,0.00003924,203.00000000,0
1531224089484,1531224089481,3253972,0.00003924,81.00000000,0
1531224089560,1531224089557,3253973,0.00003927,30.00000000,0
1531224089761,1531224089757,3253974,0.00003913,291.00000000,1
1531224089807,1531224089804,3253975,0.00003928,152.00000000,0
1531224090115,1531224090111,3253976,0.00003924,35.00000000,0
1531224090267,1531224090262,3253977,0.00003919,38.00000000,0
1531224090467,1531224090464,3253978,0.00003924,55.00000000,0
1531224094412,1531224094408,3253979,0.00003928,1.00000000,0
1531224094412,1531224094408,3253980,0.00003934,124.00000000,0
1531224095622,1531224095620,3253981,0.00003934,2370.00000000,0
1531224100858,1531224100855,3253982,0.00003936,572.00000000,0
1531224103009,1531224103006,3253983,0.00003936,707.00000000,0
1531224113464,1531224113459,3253984,0.00003922,897.00000000,1
1531224113464,1531224113459,3253985,0.00003895,678.00000000,1
1531224125618,1531224125614,3253986,0.00003935,680.00000000,0
1531224143644,1531224143642,3253987,0.00003936,32.00000000,0
1531224150191,1531224150188,3253988,0.00003936,142.00000000,0
1531224156169,1531224156165,3253989,0.00003923,26.00000000,0
1531224156642,1531224156639,3253990,0.00003923,258.00000000,0
1531224157587,1531224157583,3253991,0.00003923,63.00000000,0
1531224157782,1531224157780,3253992,0.00003923,118.00000000,0
1531224159682,1531224159678,3253993,0.00003936,3.00000000,0
1531224170703,1531224170699,3253994,0.00003936,707.00000000,0
1531224176775,1531224176771,3253995,0.00003935,118.00000000,1
1531224184013,1531224184011,3253996,0.00003936,707.00000000,0
1531224184241,1531224184238,3253997,0.00003935,19.00000000,1
1531224189661,1531224189657,3253998,0.00003935,138.00000000,0
1531224194975,1531224194975,3253999,0.00003935,174.00000000,0
1531224200106,1531224200105,3254000,0.00003936,142.00000000,0
1531224202097,1531224202097,3254001,0.00003936,536.00000000,0
1531224207866,1531224207865,3254002,0.00003936,512.00000000,0
1531224221901,1531224221898,3254003,0.00003929,535.00000000,1
1531224226949,1531224226950,3254004,0.00003928,49.00000000,0
1531224226949,1531224226950,3254005,0.00003929,109.00000000,0
1531224227002,1531224226999,3254006,0.00003929,77.00000000,0
1531224227030,1531224227026,3254007,0.00003929,126.00000000,0
1531224227041,1531224227037,3254008,0.00003929,1653.00000000,0
1531224248737,1531224248734,3254009,0.00003931,2580.00000000,1
1531224257370,1531224257367,3254010,0.00003923,169.00000000,0
1531224257370,1531224257367,3254011,0.00003924,591.00000000,0
1531224258464,1531224258460,3254012,0.00003923,65.00000000,0
1531224258464,1531224258460,3254013,0.00003931,130.00000000,0
1531224266769,1531224266766,3254014,0.00003930,138.00000000,0
1531224269768,1531224269764,3254015,0.00003930,40.00000000,0
1531224269854,1531224269851,3254016,0.00003930,1746.00000000,0
1531224277709,1531224277707,3254017,0.00003949,52.00000000,0
1531224285624,1531224285620,3254018,0.00003949,5.00000000,0
1531224298838,1531224298835,3254019,0.00003936,60.00000000,0
1531224307471,1531224307464,3254020,0.00003933,14.00000000,1
1531224307515,1531224307518,3254021,0.00003949,1.00000000,0
1531224308996,1531224308993,3254022,0.00003927,14.00000000,1
1531224318607,1531224318603,3254023,0.00003931,121.00000000,1
1531224330057,1531224330054,3254024,0.00003931,2499.00000000,1
1531224332653,1531224332652,3254025,0.00003924,5.00000000,1
1531224337234,1531224337231,3254026,0.00003930,38.00000000,0
1531224341729,1531224341731,3254027,0.00003930,86.00000000,0
1531224343544,1531224343539,3254028,0.00003930,172.00000000,0
1531224345200,1531224345197,3254029,0.00003930,78.00000000,0
1531224346716,1531224346711,3254030,0.00003930,171.00000000,0
1531224346762,1531224346759,3254031,0.00003930,137.00000000,0
1531224346953,1531224346949,3254032,0.00003930,1817.00000000,0
1531224354752,1531224354749,3254033,0.00003948,10.00000000,0
1531224363762,1531224363758,3254034,0.00003948,26.00000000,0
1531224376007,1531224376004,3254035,0.00003948,85.00000000,0
1531224376007,1531224376004,3254036,0.00003949,212.00000000,0
1531224376007,1531224376004,3254037,0.00003950,127.00000000,0
1531224376553,1531224376549,3254038,0.00003959,26.00000000,0
1531224376553,1531224376549,3254039,0.00003963,26.00000000,0
1531224376553,1531224376549,3254040,0.00003964,160.00000000,0
1531224378869,1531224378870,3254041,0.00003964,61.00000000,0
1531224380950,1531224380947,3254042,0.00003966,164.00000000,0
1531224382029,1531224382026,3254043,0.00003970,74.00000000,0
1531224396686,1531224396682,3254044,0.00003975,52.00000000,0
1531224396686,1531224396682,3254045,0.00003977,121.00000000,0
1531224396686,1531224396682,3254046,0.00003982,267.00000000,0
1531224396699,1531224396702,3254047,0.00003982,40.00000000,0
1531224396714,1531224396710,3254048,0.00003985,212.00000000,0
1531224398562,1531224398559,3254049,0.00003985,1.00000000,0
1531224410524,1531224410520,3254050,0.00003985,189.00000000,0
1531224410861,1531224410856,3254051,0.00003982,623.00000000,1
1531224439659,1531224439657,3254052,0.00003985,26.00000000,0
1531224451798,1531224451794,3254053,0.00003966,2485.00000000,1
1531224457839,1531224457842,3254054,0.00003957,530.00000000,1
1531224459978,1531224459975,3254055,0.00003962,1.00000000,0
1531224461145,1531224461141,3254056,0.00003962,29.00000000,0
1531224461145,1531224461141,3254057,0.00003983,173.00000000,0
1531224461145,1531224461141,3254058,0.00003984,50.00000000,0
1531224463436,1531224463432,3254059,0.00003953,3.00000000,1
1531224464975,1531224464971,3254060,0.00003953,3.00000000,1
1531224491128,1531224491125,3254061,0.00003980,5.00000000,0
1531224519841,1531224519838,3254062,0.00003962,26.00000000,1
1531224551646,1531224551643,3254063,0.00003975,2476.00000000,0
1531224551646,1531224551643,3254064,0.00003977,476.00000000,0
1531224551646,1531224551643,3254065,0.00003979,2762.00000000,0
1531224551856,1531224551853,3254066,0.00003974,1023.00000000,0
1531224615326,1531224615322,3254067,0.00003980,2.00000000,0
1531224667372,1531224667368,3254068,0.00003964,171.00000000,1
1531224667372,1531224667368,3254069,0.00003960,129.00000000,1
1531224672460,1531224672457,3254070,0.00003960,2339.00000000,1
1531224672825,1531224672828,3254071,0.00003959,225.00000000,1
1531224674826,1531224674823,3254072,0.00003957,152.00000000,1
1531224675829,1531224675830,3254073,0.00003952,26.00000000,1
1531224685822,1531224685822,3254074,0.00003957,52.00000000,0
1531224689604,1531224689600,3254075,0.00003957,6.00000000,0
1531224711612,1531224711608,3254076,0.00003957,26.00000000,0
1531224742119,1531224742116,3254077,0.00003938,26.00000000,1
1531224810477,1531224810477,3254078,0.00003940,250.00000000,1
1531224825415,1531224825412,3254079,0.00003938,55.00000000,1
1531224835439,1531224835436,3254080,0.00003931,665.00000000,1
1531224851105,1531224851100,3254081,0.00003930,410.00000000,1
1531224855313,1531224855310,3254082,0.00003931,143.00000000,1
1531224871975,1531224871972,3254083,0.00003932,31.00000000,1
1531224871975,1531224871972,3254084,0.00003931,111.00000000,1
1531224871975,1531224871972,3254085,0.00003928,354.00000000,1
1531224871975,1531224871972,3254086,0.00003927,813.00000000,1
1531224876745,1531224876742,3254087,0.00003952,32.00000000,0
1531224881404,1531224881402,3254088,0.00003952,2.00000000,0
1531224907187,1531224907184,3254089,0.00003928,8892.00000000,1
1531224907213,1531224907209,3254090,0.00003928,196.00000000,0
1531224907703,1531224907700,3254091,0.00003928,222.00000000,0
1531224907871,1531224907869,3254092,0.00003928,4717.00000000,0
1531224909189,1531224909187,3254093,0.00003952,144.00000000,0
1531224969585,1531224969580,3254094,0.00003944,1978.00000000,0
1531225021552,1531225021548,3254095,0.00003953,2.00000000,0
1531225029952,1531225029949,3254096,0.00003953,125.00000000,0
1531225030871,1531225030867,3254097,0.00003957,253.00000000,1
1531225031874,1531225031871,3254098,0.00003956,125.00000000,1
1531225040870,1531225040867,3254099,0.00003964,101.00000000,1
1531225045148,1531225045145,3254100,0.00003965,130.00000000,0
1531225050394,1531225050393,3254101,0.00003963,668.00000000,0
1531225050394,1531225050393,3254102,0.00003964,171.00000000,0
1531225050394,1531225050393,3254103,0.00003969,161.00000000,0
1531225072142,1531225072142,3254104,0.00003968,253.00000000,0
1531225072142,1531225072142,3254105,0.00003969,3.00000000,0
1531225072172,1531225072174,3254106,0.00003976,171.00000000,0
1531225077873,1531225077869,3254107,0.00003971,135.00000000,1
1531225086851,1531225086855,3254108,0.00003959,201.00000000,1
1531225112519,1531225112519,3254109,0.00003977,9.00000000,0
1531225118654,1531225118649,3254110,0.00003959,315.00000000,1
1531225141309,1531225141308,3254111,0.00003975,599.00000000,0
1531225141309,1531225141308,3254112,0.00003976,8892.00000000,0
1531225148612,1531225148608,3254113,0.00003956,117.00000000,1
1531225170907,1531225170904,3254114,0.00003977,4260.00000000,1
1531225191978,1531225191973,3254115,0.00003977,2814.00000000,1
1531225233241,1531225233239,3254116,0.00003978,1.00000000,0
1531225236588,1531225236586,3254117,0.00003978,17.00000000,0
1531225276906,1531225276903,3254118,0.00003977,53.00000000,1
1531225283460,1531225283458,3254119,0.00003977,7035.00000000,1
1531225328986,1531225328982,3254120,0.00003978,7.00000000,0
1531225337714,1531225337711,3254121,0.00003978,76.00000000,0
1531225367314,1531225367311,3254122,0.00003978,16.00000000,0
1531225367314,1531225367311,3254123,0.00003980,65.00000000,0
1531225367314,1531225367311,3254124,0.00003988,21.00000000,0
1531225416385,1531225416382,3254125,0.00003988,1.00000000,0
1531225480873,1531225480870,3254126,0.00003988,190.00000000,0
1531225480873,1531225480870,3254127,0.00003997,610.00000000,0
1531225543951,1531225543948,3254128,0.00003997,1.00000000,0
1531225603635,1531225603632,3254129,0.00003997,250.00000000,0
1531225639014,1531225639010,3254130,0.00003979,101.00000000,1
1531225639781,1531225639777,3254131,0.00003997,4.00000000,0
1531225640002,1531225639998,3254132,0.00003977,3.00000000,1
1531225640002,1531225639998,3254133,0.00003961,98.00000000,1
1531225642155,1531225642152,3254134,0.00003963,101.00000000,1
1531225673904,1531225673900,3254135,0.00003966,252.00000000,1
1531225673904,1531225673900,3254136,0.00003963,374.00000000,1
1531225676611,1531225676608,3254137,0.00003967,626.00000000,1
1531225682006,1531225682002,3254138,0.00003990,2.00000000,0
1531225692140,1531225692136,3254139,0.00003970,76.00000000,1
1531225708633,1531225708630,3254140,0.00003990,99.00000000,0
1531225708633,1531225708630,3254141,0.00003991,252.00000000,0
1531225708633,1531225708630,3254142,0.00003997,76.00000000,0
1531225708633,1531225708630,3254143,0.00003998,852.00000000,0
1531225715788,1531225715784,3254144,0.00003972,126.00000000,1
1531225721407,1531225721402,3254145,0.00003975,172.00000000,1
1531225721407,1531225721402,3254146,0.00003970,333.00000000,1
1531225733846,1531225733843,3254147,0.00003974,229.00000000,1
1531225740995,1531225740992,3254148,0.00003975,64.00000000,1
1531225741245,1531225741241,3254149,0.00003975,187.00000000,1
1531225741245,1531225741241,3254150,0.00003970,318.00000000,1
1531225884697,1531225884694,3254151,0.00003985,142.00000000,0
1531225950966,1531225950962,3254152,0.00003986,172.00000000,0
1531226009275,1531226009271,3254153,0.00003973,26.00000000,1
1531226018092,1531226018088,3254154,0.00003972,100.00000000,1
1531226018973,1531226018969,3254155,0.00003980,26.00000000,0
1531226019131,1531226019127,3254156,0.00003980,109.00000000,1
1531226019215,1531226019211,3254157,0.00003980,667.00000000,1
1531226040524,1531226040526,3254158,0.00003983,4.00000000,0
1531226097247,1531226097243,3254159,0.00003971,210.00000000,1
1531226152302,1531226152300,3254160,0.00003980,72.00000000,0
1531226156462,1531226156458,3254161,0.00003980,8.00000000,0
1531226189377,1531226189373,3254162,0.00003966,26.00000000,1
1531226197578,1531226197573,3254163,0.00003967,130.00000000,1
1531226204531,1531226204528,3254164,0.00003967,332.00000000,1
1531226228859,1531226228854,3254165,0.00003979,5.00000000,0
1531226248857,1531226248855,3254166,0.00003960,316.00000000,1
1531226254258,1531226254253,3254167,0.00003960,213.00000000,1
1531226254258,1531226254253,3254168,0.00003950,300.00000000,1
1531226254258,1531226254253,3254169,0.00003949,506.00000000,1
1531226254258,1531226254253,3254170,0.00003944,37.00000000,1
1531226254258,1531226254253,3254171,0.00003943,202.00000000,1
1531226254258,1531226254253,3254172,0.00003941,3175.00000000,1
1531226255253,1531226255250,3254173,0.00003960,300.00000000,1
1531226260888,1531226260884,3254174,0.00003961,37.00000000,0
1531226260888,1531226260884,3254175,0.00003967,202.00000000,0
1531226261614,1531226261610,3254176,0.00003979,21.00000000,0
1531226261614,1531226261610,3254177,0.00003980,16.00000000,0
1531226281643,1531226281639,3254178,0.00003977,1.00000000,0
1531226288808,1531226288805,3254179,0.00003976,21.00000000,0
1531226310915,1531226310911,3254180,0.00003966,1166.00000000,0
1531226315263,1531226315260,3254181,0.00003970,135.00000000,1
1531226318000,1531226317995,3254182,0.00003970,26.00000000,1
1531226321430,1531226321425,3254183,0.00003970,233.00000000,1
1531226323208,1531226323206,3254184,0.00003982,10.00000000,0
1531226337412,1531226337409,3254185,0.00003970,38.00000000,1
1531226350446,1531226350442,3254186,0.00003970,26.00000000,1
1531226385007,1531226385003,3254187,0.00003970,38.00000000,1
1531226388919,1531226388915,3254188,0.00003979,598.00000000,0
1531226388919,1531226388915,3254189,0.00003980,122.00000000,0
1531226411042,1531226411038,3254190,0.00003970,25.00000000,1
1531226450376,1531226450372,3254191,0.00003970,98.00000000,1
1531226460403,1531226460397,3254192,0.00003980,48.00000000,0
1531226479923,1531226479919,3254193,0.00003970,134.00000000,1
1531226479923,1531226479919,3254194,0.00003945,138.00000000,1
1531226482506,1531226482502,3254195,0.00003968,48.00000000,0
1531226502838,1531226502833,3254196,0.00003968,5.00000000,0
1531226652089,1531226652083,3254197,0.00003950,177.00000000,1
1531226652089,1531226652083,3254198,0.00003949,100.00000000,1
1531226652089,1531226652083,3254199,0.00003948,100.00000000,1
1531226652089,1531226652083,3254200,0.00003947,57.00000000,1
1531226652089,1531226652083,3254201,0.00003946,286.00000000,1
1531226652089,1531226652083,3254202,0.00003945,100.00000000,1
1531226652089,1531226652083,3254203,0.00003940,100.00000000,1
1531226652089,1531226652083,3254204,0.00003937,138.00000000,1
1531226652089,1531226652083,3254205,0.00003934,111.00000000,1
1531226652089,1531226652083,3254206,0.00003930,1863.00000000,1
1531226655534,1531226655529,3254207,0.00003951,38.00000000,0
1531226655534,1531226655529,3254208,0.00003962,111.00000000,0
1531226655534,1531226655529,3254209,0.00003966,566.00000000,0
1531226698113,1531226698109,3254210,0.00003965,177.00000000,0
1531226698162,1531226698159,3254211,0.00003966,587.00000000,0
1531226698368,1531226698364,3254212,0.00003968,85.00000000,0
1531226698368,1531226698364,3254213,0.00003975,371.00000000,0
1531226698481,1531226698477,3254214,0.00003980,371.00000000,0
1531226698528,1531226698524,3254215,0.00003980,4112.00000000,0
1531226701228,1531226701225,3254216,0.00003980,307.00000000,0
1531226701228,1531226701225,3254217,0.00003981,447.00000000,0
1531226704021,1531226704018,3254218,0.00003981,754.00000000,0
1531226706243,1531226706240,3254219,0.00003981,1696.00000000,0
1531226716058,1531226716054,3254220,0.00003982,496.00000000,0
1531226716058,1531226716054,3254221,0.00003985,84.00000000,0
1531226736386,1531226736382,3254222,0.00003981,135.00000000,1
1531226753720,1531226753719,3254223,0.00003981,619.00000000,1
1531226753720,1531226753719,3254224,0.00003975,333.00000000,1
1531226825913,1531226825909,3254225,0.00003985,42.00000000,0
1531226825913,1531226825909,3254226,0.00003998,20.00000000,0
1531226855226,1531226855223,3254227,0.00003980,22.00000000,1
1531226855512,1531226855508,3254228,0.00003980,22.00000000,1
1531226855938,1531226855930,3254229,0.00003980,23.00000000,1
1531226856496,1531226856491,3254230,0.00003980,16.00000000,1
1531226856891,1531226856886,3254231,0.00003980,15.00000000,1
1531226857210,1531226857207,3254232,0.00003980,24.00000000,1
1531226857502,1531226857498,3254233,0.00003980,21.00000000,1
1531226858010,1531226858010,3254234,0.00003980,18.00000000,1
1531226858425,1531226858421,3254235,0.00003980,12.00000000,1
1531226858839,1531226858837,3254236,0.00003977,26.00000000,1
1531226859157,1531226859152,3254237,0.00003977,22.00000000,1
1531226859493,1531226859490,3254238,0.00003977,16.00000000,1
1531226859984,1531226859985,3254239,0.00003981,23.00000000,1
1531226867099,1531226867093,3254240,0.00003981,67.00000000,1
1531226867099,1531226867093,3254241,0.00003977,296.00000000,1
1531226867099,1531226867093,3254242,0.00003975,431.00000000,1
1531226935383,1531226935377,3254243,0.00003975,1.00000000,0
1531226976318,1531226976315,3254244,0.00003975,1.00000000,0
1531226996015,1531226996011,3254245,0.00003971,461.00000000,1
1531227002505,1531227002501,3254246,0.00003975,6.00000000,0
1531227002505,1531227002501,3254247,0.00003992,49.00000000,0
1531227008136,1531227008132,3254248,0.00003990,1.00000000,0
1531227012285,1531227012280,3254249,0.00003988,124.00000000,0
1531227027605,1531227027604,3254250,0.00003977,523.00000000,1
1531227027605,1531227027604,3254251,0.00003971,2207.00000000,1
1531227028108,1531227028105,3254252,0.00003971,169.00000000,0
1531227094344,1531227094339,3254253,0.00003980,803.00000000,1
1531227094344,1531227094339,3254254,0.00003977,408.00000000,1
1531227094344,1531227094339,3254255,0.00003965,152.00000000,1
1531227094344,1531227094339,3254256,0.00003951,593.00000000,1
1531227122732,1531227122731,3254257,0.00003982,164.00000000,0
1531227147369,1531227147366,3254258,0.00003973,26.00000000,1
1531227153000,1531227152996,3254259,0.00003983,26.00000000,0
1531227153171,1531227153168,3254260,0.00003985,266.00000000,0
1531227153600,1531227153596,3254261,0.00003990,141.00000000,0
1531227155012,1531227155007,3254262,0.00003992,431.00000000,0
1531227155101,1531227155102,3254263,0.00003992,431.00000000,1
1531227155525,1531227155520,3254264,0.00003994,8701.00000000,0
1531227155525,1531227155520,3254265,0.00003998,6451.00000000,0
1531227156579,1531227156575,3254266,0.00003988,126.00000000,0
1531227156579,1531227156575,3254267,0.00003993,51.00000000,0
1531227156948,1531227156945,3254268,0.00003993,126.00000000,0
1531227159130,1531227159127,3254269,0.00003998,166.00000000,0
1531227159962,1531227159959,3254270,0.00003994,39.00000000,1
1531227164254,1531227164253,3254271,0.00003998,836.00000000,0
1531227165892,1531227165887,3254272,0.00003998,835.00000000,0
1531227168796,1531227168793,3254273,0.00003998,64.00000000,0
1531227173922,1531227173918,3254274,0.00003994,30.00000000,1
1531227176013,1531227176009,3254275,0.00003994,214.00000000,1
1531227176220,1531227176215,3254276,0.00003994,329.00000000,1
1531227176402,1531227176398,3254277,0.00003998,1262.00000000,0
1531227234215,1531227234210,3254278,0.00003998,1754.00000000,0
1531227245435,1531227245431,3254279,0.00003998,2976.00000000,0
1531227248785,1531227248781,3254280,0.00003994,140.00000000,1
1531227254122,1531227254118,3254281,0.00003987,751.00000000,1
1531227256198,1531227256195,3254282,0.00003987,608.00000000,0
1531227314704,1531227314699,3254283,0.00003998,1.00000000,0
1531227471607,1531227471603,3254284,0.00003998,451.00000000,0
1531227471676,1531227471672,3254285,0.00003998,634.00000000,0
1531227471829,1531227471825,3254286,0.00003998,125.00000000,0
1531227471843,1531227471838,3254287,0.00003998,125.00000000,0
1531227472091,1531227472086,3254288,0.00003998,156.00000000,0
1531227504175,1531227504171,3254289,0.00003998,75.00000000,0
1531227549334,1531227549330,3254290,0.00003998,160.00000000,0
1531227630212,1531227630208,3254291,0.00003994,238.00000000,1
1531227634078,1531227634074,3254292,0.00003997,142.00000000,0
1531227635519,1531227635515,3254293,0.00003997,1518.00000000,0
1531227635602,1531227635599,3254294,0.00003997,1518.00000000,0
1531227635883,1531227635879,3254295,0.00003997,1602.00000000,0
1531227638012,1531227638010,3254296,0.00003992,3.00000000,1
1531227640642,1531227640637,3254297,0.00003997,121.00000000,0
1531227643644,1531227643640,3254298,0.00003997,1452.00000000,0
1531227644299,1531227644294,3254299,0.00003997,327.00000000,0
1531227645235,1531227645231,3254300,0.00003998,142.00000000,0
1531227645289,1531227645286,3254301,0.00004003,147.00000000,0
1531227647222,1531227647219,3254302,0.00004004,163.00000000,0
1531227647608,1531227647604,3254303,0.00003998,13.00000000,1
1531227648295,1531227648290,3254304,0.00004005,177.00000000,0
1531227668994,1531227668990,3254305,0.00004000,191.00000000,1
1531227682275,1531227682271,3254306,0.00004001,1.00000000,1
1531227702934,1531227702929,3254307,0.00004001,109.00000000,1
1531227702954,1531227702950,3254308,0.00004011,52.00000000,0
1531227723117,1531227723113,3254309,0.00004015,60.00000000,1
1531227723254,1531227723253,3254310,0.00004016,64.00000000,0
1531227723454,1531227723449,3254311,0.00004015,32.00000000,1
1531227728889,1531227728884,3254312,0.00004004,24.00000000,1
1531227752888,1531227752883,3254313,0.00004017,26.00000000,0
1531227767256,1531227767255,3254314,0.00004017,125.00000000,0
1531227816603,1531227816600,3254315,0.00004023,174.00000000,0
1531227817248,1531227817244,3254316,0.00004023,37.00000000,0
1531227819271,1531227819268,3254317,0.00004027,369.00000000,0
1531227823922,1531227823917,3254318,0.00004019,2.00000000,1
1531227874168,1531227874164,3254319,0.00004019,11.00000000,1
1531227935887,1531227935884,3254320,0.00004030,52.00000000,0
1531227935916,1531227935911,3254321,0.00004030,93.00000000,1
1531227935937,1531227935934,3254322,0.00004030,84.00000000,1
1531227936027,1531227936023,3254323,0.00004030,24.00000000,1
1531227952323,1531227952320,3254324,0.00004030,4.00000000,1
1531227975006,1531227975003,3254325,0.00004039,51.00000000,0
1531228010380,1531228010376,3254326,0.00004039,1370.00000000,0
1531228010380,1531228010376,3254327,0.00004044,191.00000000,0
1531228010380,1531228010376,3254328,0.00004045,272.00000000,0
1531228010380,1531228010376,3254329,0.00004047,43.00000000,0
1531228045839,1531228045836,3254330,0.00004034,1.00000000,1
1531228048080,1531228048077,3254331,0.00004034,1.00000000,1
1531228049405,1531228049399,3254332,0.00004034,8.00000000,1
1531228059121,1531228059116,3254333,0.00004034,116.00000000,1
1531228106896,1531228106892,3254334,0.00004033,8.00000000,1
1531228108247,1531228108243,3254335,0.00004033,8.00000000,1
1531228109621,1531228109618,3254336,0.00004047,62.00000000,0
1531228243419,1531228243414,3254337,0.00004047,595.00000000,0
1531228244261,1531228244243,3254338,0.00004035,6.00000000,1
1531228246212,1531228246208,3254339,0.00004052,89.00000000,0
1531228251026,1531228251020,3254340,0.00004052,47.00000000,0
1531228251026,1531228251020,3254341,0.00004053,296.00000000,0
1531228254912,1531228254908,3254342,0.00004053,110.00000000,0
1531228257548,1531228257545,3254343,0.00004035,6.00000000,1
1531228460383,1531228460380,3254344,0.00004050,1.00000000,1
1531228574786,1531228574782,3254345,0.00004040,1773.00000000,1
1531228575273,1531228575268,3254346,0.00004040,9.00000000,1
1531228706983,1531228706976,3254347,0.00004036,13.00000000,1
1531228709041,1531228709037,3254348,0.00004035,13.00000000,1
1531228753877,1531228753874,3254349,0.00004036,506.00000000,1
1531228802596,1531228802591,3254350,0.00004049,18.00000000,0
1531228903434,1531228903431,3254351,0.00004036,6.00000000,1
1531229013758,1531229013756,3254352,0.00004036,14.00000000,1
1531229069077,1531229069072,3254353,0.00004036,2.00000000,1
1531229249412,1531229249407,3254354,0.00004047,143.00000000,0
1531229364371,1531229364366,3254355,0.00004051,8.00000000,0
1531229431958,1531229431952,3254356,0.00004051,57.00000000,0
1531229436371,1531229436367,3254357,0.00004053,142.00000000,0
1531229444412,1531229444411,3254358,0.00004053,126.00000000,0
1531229451238,1531229451234,3254359,0.00004054,98.00000000,0
1531229457567,1531229457565,3254360,0.00004061,365.00000000,0
1531229466138,1531229466133,3254361,0.00004061,142.00000000,0
1531229476621,1531229476617,3254362,0.00004061,363.00000000,0
1531229481044,1531229481039,3254363,0.00004061,1414.00000000,0
1531229511536,1531229511535,3254364,0.00004061,190.00000000,0
1531229521335,1531229521330,3254365,0.00004045,1.00000000,1
1531229522535,1531229522530,3254366,0.00004044,1.00000000,1
1531229711696,1531229711692,3254367,0.00004041,12.00000000,1
1531229735601,1531229735596,3254368,0.00004042,6.00000000,1
1531229737145,1531229737140,3254369,0.00004041,6.00000000,1
1531229768272,1531229768268,3254370,0.00004042,6.00000000,1
1531229769478,1531229769472,3254371,0.00004038,6.00000000,1
1531229795016,1531229795011,3254372,0.00004043,3.00000000,1
1531229978629,1531229978625,3254373,0.00004042,4.00000000,1
1531229979818,1531229979813,3254374,0.00004041,4.00000000,1
1531230026422,1531230026418,3254375,0.00004059,2747.00000000,0
1531230090903,1531230090898,3254376,0.00004059,80.00000000,0
1531230259762,1531230259757,3254377,0.00004049,1.00000000,1
1531230269076,1531230269072,3254378,0.00004061,27.00000000,0
1531230367404,1531230367397,3254379,0.00004049,3.00000000,1
1531230418443,1531230418438,3254380,0.00004049,68.00000000,1
1531230418443,1531230418438,3254381,0.00004048,33.00000000,1
1531230555807,1531230555802,3254382,0.00004058,72.00000000,0
1531230555807,1531230555802,3254383,0.00004059,62.00000000,0
1531230555836,1531230555833,3254384,0.00004059,551.00000000,0
1531230555848,1531230555845,3254385,0.00004059,206.00000000,0
1531230555857,1531230555854,3254386,0.00004059,551.00000000,0
1531230556192,1531230556187,3254387,0.00004050,206.00000000,1
1531230569579,1531230569575,3254388,0.00004048,140.00000000,1
1531230576119,1531230576114,3254389,0.00004050,2.00000000,1
1531230593860,1531230593854,3254390,0.00004059,1.00000000,0
1531230593860,1531230593854,3254391,0.00004061,738.00000000,0
1531230594826,1531230594821,3254392,0.00004061,749.00000000,0
1531230596158,1531230596153,3254393,0.00004061,739.00000000,0
1531230597155,1531230597150,3254394,0.00004061,113.00000000,0
1531230598557,1531230598552,3254395,0.00004061,739.00000000,0
1531230600113,1531230600107,3254396,0.00004061,32.00000000,0
1531230600982,1531230600978,3254397,0.00004061,739.00000000,0
1531230603322,1531230603319,3254398,0.00004061,739.00000000,0
1531230605764,1531230605759,3254399,0.00004061,739.00000000,0
1531230608085,1531230608081,3254400,0.00004061,739.00000000,0
1531230610447,1531230610441,3254401,0.00004061,739.00000000,0
1531230612854,1531230612850,3254402,0.00004061,739.00000000,0
1531230615501,1531230615496,3254403,0.00004061,726.00000000,0
1531230724216,1531230724212,3254404,0.00004053,271.00000000,1
1531230867194,1531230867189,3254405,0.00004057,4.00000000,1
1531230891330,1531230891324,3254406,0.00004066,111.00000000,0
1531230891630,1531230891626,3254407,0.00004067,50.00000000,0
1531230891630,1531230891626,3254408,0.00004083,61.00000000,0
1531230915275,1531230915270,3254409,0.00004063,2.00000000,1
1531230916623,1531230916619,3254410,0.00004062,2.00000000,1
1531230917787,1531230917784,3254411,0.00004064,3.00000000,1
1531230938456,1531230938451,3254412,0.00004065,123.00000000,1
1531231012663,1531231012656,3254413,0.00004077,123.00000000,0
1531231012663,1531231012656,3254414,0.00004078,185.00000000,0
1531231012663,1531231012656,3254415,0.00004083,117.00000000,0
1531231012663,1531231012656,3254416,0.00004085,353.00000000,0
1531231012663,1531231012656,3254417,0.00004086,1159.00000000,0
1531231012663,1531231012656,3254418,0.00004093,173.00000000,0
1531231012663,1531231012656,3254419,0.00004096,187.00000000,0
1531231012663,1531231012656,3254420,0.00004098,26.00000000,0
1531231012663,1531231012656,3254421,0.00004099,151.00000000,0
1531231012663,1531231012656,3254422,0.00004100,254.00000000,0
1531231015419,1531231015418,3254423,0.00004065,30.00000000,1
1531231019251,1531231019245,3254424,0.00004076,18.00000000,1
1531231021225,1531231021220,3254425,0.00004076,18.00000000,1
1531231024519,1531231024515,3254426,0.00004078,936.00000000,1
1531231046078,1531231046075,3254427,0.00004098,25.00000000,0
1531231066331,1531231066327,3254428,0.00004098,1.00000000,0
1531231069671,1531231069665,3254429,0.00004084,165.00000000,1
1531231084236,1531231084230,3254430,0.00004083,4.00000000,1
1531231098658,1531231098653,3254431,0.00004083,25.00000000,1
1531231182778,1531231182774,3254432,0.00004086,168.00000000,1
1531231206340,1531231206335,3254433,0.00004083,8.00000000,1
1531231211703,1531231211699,3254434,0.00004083,1027.00000000,1
1531231218508,1531231218504,3254435,0.00004083,73.00000000,1
1531231274056,1531231274051,3254436,0.00004083,1.00000000,1
1531231305868,1531231305864,3254437,0.00004083,504.00000000,1
1531231313956,1531231313951,3254438,0.00004083,750.00000000,1
1531231320775,1531231320770,3254439,0.00004083,39.00000000,1
1531231404707,1531231404703,3254440,0.00004083,571.00000000,1
1531231404767,1531231404762,3254441,0.00004083,1048.00000000,1
1531231405087,1531231405082,3254442,0.00004083,1645.00000000,1
1531231405087,1531231405082,3254443,0.00004081,184.00000000,1
1531231405087,1531231405082,3254444,0.00004064,25.00000000,1
1531231405104,1531231405100,3254445,0.00004062,244.00000000,0
1531231405201,1531231405197,3254446,0.00004055,33.00000000,1
1531231405201,1531231405197,3254447,0.00004053,211.00000000,1
1531231410691,1531231410687,3254448,0.00004062,246.00000000,1
1531231410691,1531231410687,3254449,0.00004061,7.00000000,1
1531231414960,1531231414956,3254450,0.00004062,173.00000000,1
1531231423220,1531231423214,3254451,0.00004062,467.00000000,1
1531231424182,1531231424178,3254452,0.00004061,178.00000000,1
1531231427314,1531231427310,3254453,0.00004053,252.00000000,1
1531231428785,1531231428781,3254454,0.00004054,57.00000000,1
1531231428785,1531231428781,3254455,0.00004053,99.00000000,1
1531231428785,1531231428781,3254456,0.00004047,96.00000000,1
1531231428785,1531231428781,3254457,0.00004047,58.00000000,1
1531231429329,1531231429322,3254458,0.00004043,57.00000000,1
1531231429584,1531231429579,3254459,0.00004045,1545.00000000,0
1531231435996,1531231435991,3254460,0.00004052,181.00000000,1
1531231435996,1531231435991,3254461,0.00004050,71.00000000,1
1531231438613,1531231438608,3254462,0.00004058,165.00000000,0
1531231438613,1531231438608,3254463,0.00004061,246.00000000,0
1531231438613,1531231438608,3254464,0.00004062,54.00000000,0
1531231438613,1531231438608,3254465,0.00004065,106.00000000,0
1531231481905,1531231481901,3254466,0.00004065,30.00000000,0
1531231495647,1531231495641,3254467,0.00004050,101.00000000,1
1531231534281,1531231534277,3254468,0.00004050,14.00000000,1
1531231534281,1531231534277,3254469,0.00004043,93.00000000,1
1531231643713,1531231643708,3254470,0.00004044,1.00000000,1
1531231645241,1531231645237,3254471,0.00004043,1.00000000,1
1531231704231,1531231704226,3254472,0.00004041,101.00000000,1
1531231812811,1531231812806,3254473,0.00004038,1.00000000,1
1531231834877,1531231834872,3254474,0.00004052,369.00000000,0
1531231840990,1531231840986,3254475,0.00004052,1.00000000,1
1531231994156,1531231994149,3254476,0.00004052,1064.00000000,0
1531231994156,1531231994149,3254477,0.00004053,186.00000000,0
1531231994156,1531231994149,3254478,0.00004057,943.00000000,0
1531231994156,1531231994149,3254479,0.00004059,185.00000000,0
1531231994156,1531231994149,3254480,0.00004065,999.00000000,0
1531231994156,1531231994149,3254481,0.00004081,97.00000000,0
1531231994156,1531231994149,3254482,0.00004082,365.00000000,0
1531231994156,1531231994149,3254483,0.00004083,154.00000000,0
1531231994156,1531231994149,3254484,0.00004100,1480.00000000,0
1531232007695,1531232007690,3254485,0.00004054,50.00000000,1
1531232017690,1531232017686,3254486,0.00004063,419.00000000,1
1531232017690,1531232017686,3254487,0.00004062,185.00000000,1
1531232017690,1531232017686,3254488,0.00004054,539.00000000,1
1531232086743,1531232086738,3254489,0.00004064,2.00000000,1
1531232109915,1531232109910,3254490,0.00004064,23.00000000,1
1531232109915,1531232109910,3254491,0.00004063,185.00000000,1
1531232109915,1531232109910,3254492,0.00004053,127.00000000,1
1531232109915,1531232109910,3254493,0.00004042,100.00000000,1
1531232109915,1531232109910,3254494,0.00004038,161.00000000,1
1531232111412,1531232111409,3254495,0.00004041,108.00000000,1
1531232111412,1531232111409,3254496,0.00004037,861.00000000,1
1531232235581,1531232235576,3254497,0.00004059,170.00000000,0
1531232240783,1531232240778,3254498,0.00004060,50.00000000,0
1531232243301,1531232243295,3254499,0.00004061,185.00000000,0
1531232249916,1531232249912,3254500,0.00004064,807.00000000,0
1531232255951,1531232255943,3254501,0.00004061,154.00000000,0
1531232259385,1531232259380,3254502,0.00004066,100.00000000,0
1531232262338,1531232262333,3254503,0.00004068,185.00000000,0
1531232273891,1531232273887,3254504,0.00004073,127.00000000,0
1531232285088,1531232285082,3254505,0.00004074,185.00000000,0
1531232323924,1531232323919,3254506,0.00004058,175.00000000,1
1531232323924,1531232323919,3254507,0.00004057,186.00000000,1
1531232392038,1531232392034,3254508,0.00004048,29.00000000,1
1531232392038,1531232392034,3254509,0.00004044,71.00000000,1
1531232405542,1531232405537,3254510,0.00004044,100.00000000,1
1531232417349,1531232417344,3254511,0.00004044,15.00000000,1
1531232417953,1531232417948,3254512,0.00004044,85.00000000,0
1531232432550,1531232432545,3254513,0.00004038,186.00000000,1
1531232436052,1531232436046,3254514,0.00004038,14.00000000,0
1531232447207,1531232447202,3254515,0.00004045,186.00000000,0
1531232468540,1531232468537,3254516,0.00004053,175.00000000,0
1531232468736,1531232468730,3254517,0.00004053,320.00000000,1
1531232473242,1531232473237,3254518,0.00004038,176.00000000,1
1531232473242,1531232473237,3254519,0.00004037,187.00000000,1
1531232473242,1531232473237,3254520,0.00004036,345.00000000,1
1531232473964,1531232473960,3254521,0.00004036,736.00000000,0
1531232474215,1531232474211,3254522,0.00004036,736.00000000,0
1531232474244,1531232474240,3254523,0.00004036,2459.00000000,0
1531232474693,1531232474688,3254524,0.00004053,176.00000000,0
1531232474693,1531232474688,3254525,0.00004056,212.00000000,0
1531232481325,1531232481321,3254526,0.00004057,370.00000000,1
1531232525437,1531232525433,3254527,0.00004057,1.00000000,1
1531232726637,1531232726631,3254528,0.00004057,158.00000000,1
1531232910605,1531232910599,3254529,0.00004057,495.00000000,1
1531232981732,1531232981729,3254530,0.00004062,158.00000000,1
1531232982472,1531232982467,3254531,0.00004063,25.00000000,1
1531233054366,1531233054362,3254532,0.00004060,348.00000000,1
1531233060902,1531233060898,3254533,0.00004060,347.00000000,1
1531233080796,1531233080793,3254534,0.00004062,26.00000000,1
1531233173200,1531233173197,3254535,0.00004058,26.00000000,1
1531233173878,1531233173875,3254536,0.00004058,170.00000000,1
1531233193814,1531233193811,3254537,0.00004057,2.00000000,1
1531233247382,1531233247377,3254538,0.00004057,4.00000000,1
1531233262671,1531233262668,3254539,0.00004057,26.00000000,1
1531233323068,1531233323065,3254540,0.00004070,33.00000000,0
1531233325624,1531233325621,3254541,0.00004057,206.00000000,1
1531233381385,1531233381381,3254542,0.00004057,199.00000000,1
1531233381385,1531233381381,3254543,0.00004055,186.00000000,1
1531233381385,1531233381381,3254544,0.00004032,33.00000000,1
1531233381385,1531233381381,3254545,0.00004029,28.00000000,1
1531233381385,1531233381381,3254546,0.00004028,158.00000000,1
1531233432684,1531233432680,3254547,0.00004041,10.00000000,1
1531233433940,1531233433936,3254548,0.00004042,10.00000000,1
1531233465965,1531233465962,3254549,0.00004043,1.00000000,1
1531233467801,1531233467798,3254550,0.00004023,1.00000000,1
1531233472878,1531233472878,3254551,0.00004025,5.00000000,1
1531233524626,1531233524622,3254552,0.00004047,131.00000000,0
1531233534298,1531233534294,3254553,0.00004047,55.00000000,0
1531233549494,1531233549489,3254554,0.00004048,122.00000000,1
1531233549971,1531233549967,3254555,0.00004048,26.00000000,1
1531233552079,1531233552077,3254556,0.00004047,26.00000000,1
1531233552079,1531233552077,3254557,0.00004046,36.00000000,1
1531233554502,1531233554500,3254558,0.00004046,88.00000000,1
1531233564391,1531233564387,3254559,0.00004046,62.00000000,1
1531233564856,1531233564851,3254560,0.00004036,117.00000000,0
1531233564856,1531233564852,3254561,0.00004059,117.00000000,0
1531233741291,1531233741287,3254562,0.00004051,186.00000000,0
1531233741291,1531233741287,3254563,0.00004061,87.00000000,0
1531233741291,1531233741287,3254564,0.00004078,233.00000000,0
1531233839906,1531233839902,3254565,0.00004052,45.00000000,1
1531233884867,1531233884863,3254566,0.00004054,26.00000000,0
1531233949751,1531233949748,3254567,0.00004057,25.00000000,1
1531233977650,1531233977647,3254568,0.00004053,69.00000000,1
1531233977835,1531233977832,3254569,0.00004053,2.00000000,1
1531234013548,1531234013542,3254570,0.00004053,115.00000000,1
1531234013548,1531234013542,3254571,0.00004042,172.00000000,1
1531234013548,1531234013542,3254572,0.00004041,29.00000000,1
1531234013548,1531234013542,3254573,0.00004037,25.00000000,1
1531234013548,1531234013542,3254574,0.00004025,33.00000000,1
1531234013548,1531234013542,3254575,0.00004024,126.00000000,1
1531234053806,1531234053802,3254576,0.00004029,248.00000000,1
1531234053891,1531234053892,3254577,0.00004024,4295.00000000,0
1531234054950,1531234054950,3254578,0.00004024,138.00000000,0
1531234055007,1531234055005,3254579,0.00004023,169.00000000,1
1531234064384,1531234064380,3254580,0.00004023,25.00000000,0
1531234068488,1531234068484,3254581,0.00004023,373.00000000,0
1531234069968,1531234069964,3254582,0.00004023,91.00000000,0
1531234100791,1531234100787,3254583,0.00004030,258.00000000,0
1531234108919,1531234108916,3254584,0.00004033,1.00000000,1
1531234119877,1531234119873,3254585,0.00004035,1504.00000000,1
1531234119991,1531234119988,3254586,0.00004035,1741.00000000,1
1531234121976,1531234121974,3254587,0.00004036,43.00000000,1
1531234196917,1531234196912,3254588,0.00004043,186.00000000,0
1531234196917,1531234196912,3254589,0.00004054,87.00000000,0
1531234196917,1531234196912,3254590,0.00004071,31.00000000,0
1531234196917,1531234196912,3254591,0.00004076,65.00000000,0
1531234237595,1531234237591,3254592,0.00004053,131.00000000,1
1531234241491,1531234241487,3254593,0.00004052,81.00000000,1
1531234244412,1531234244403,3254594,0.00004067,131.00000000,0
1531234244412,1531234244403,3254595,0.00004068,185.00000000,0
1531234244412,1531234244403,3254596,0.00004075,928.00000000,0
1531234244412,1531234244403,3254597,0.00004077,25.00000000,0
1531234244412,1531234244403,3254598,0.00004079,355.00000000,0
1531234244412,1531234244403,3254599,0.00004080,7491.00000000,0
1531234244412,1531234244403,3254600,0.00004085,8198.00000000,0
1531234244412,1531234244403,3254601,0.00004088,6489.00000000,0
1531234244412,1531234244403,3254602,0.00004093,78.00000000,0
1531234244412,1531234244403,3254603,0.00004096,1225.00000000,0
1531234244413,1531234244403,3254604,0.00004100,1215.00000000,0
1531234244413,1531234244403,3254605,0.00004111,1522.00000000,0
1531234249434,1531234249430,3254606,0.00004106,118.00000000,0
1531234249434,1531234249430,3254607,0.00004107,2147.00000000,0
1531234249434,1531234249430,3254608,0.00004111,1574.00000000,0
1531234249434,1531234249430,3254609,0.00004117,29.00000000,0
1531234249461,1531234249458,3254610,0.00004118,1084.00000000,1
1531234249484,1531234249480,3254611,0.00004118,361.00000000,1
1531234249499,1531234249496,3254612,0.00004118,184.00000000,1
1531234249641,1531234249640,3254613,0.00004118,435.00000000,1
1531234249660,1531234249659,3254614,0.00004118,49.00000000,1
1531234249949,1531234249945,3254615,0.00004118,16115.00000000,1
1531234250082,1531234250079,3254616,0.00004118,548.00000000,1
1531234250111,1531234250108,3254617,0.00004118,5198.00000000,1
1531234250201,1531234250197,3254618,0.00004111,183.00000000,1
1531234250201,1531234250197,3254619,0.00004084,153.00000000,1
1531234250201,1531234250197,3254620,0.00004080,788.00000000,1
1531234250283,1531234250281,3254621,0.00004080,201.00000000,1
1531234250283,1531234250281,3254622,0.00004079,129.00000000,1
1531234250283,1531234250281,3254623,0.00004070,430.00000000,1
1531234254166,1531234254162,3254624,0.00004092,184.00000000,1
1531234262948,1531234262944,3254625,0.00004086,100.00000000,1
1531234265998,1531234265995,3254626,0.00004087,25.00000000,1
1531234267216,1531234267212,3254627,0.00004084,123.00000000,1
1531234267225,1531234267221,3254628,0.00004084,30.00000000,1
1531234277014,1531234277011,3254629,0.00004082,25.00000000,0
1531234286912,1531234286910,3254630,0.00004064,129.00000000,0
1531234293509,1531234293505,3254631,0.00004052,1936.00000000,0
1531234319329,1531234319328,3254632,0.00004071,24.00000000,0
1531234323912,1531234323909,3254633,0.00004071,51.00000000,0
