event_time,trade_time,trade_id,price,quantity,maker
1531210353753,1531210353746,2883277,0.00114960,6.94000000,1
1531210353753,1531210353746,2883278,0.00114700,25.53000000,1
1531210353753,1531210353746,2883279,0.00114400,1.19000000,1
1531210353753,1531210353746,2883280,0.00114310,1.29000000,1
1531210353753,1531210353746,2883281,0.00114290,1.65000000,1
1531210353753,1531210353746,2883282,0.00114270,116.39000000,1
1531210353753,1531210353746,2883283,0.00114260,10.92000000,1
1531210353753,1531210353746,2883284,0.00114220,10.00000000,1
1531210353753,1531210353746,2883285,0.00114190,3.46000000,1
1531210353753,1531210353746,2883286,0.00114150,4.98000000,1
1531210353753,1531210353746,2883287,0.00114140,1.77000000,1
1531210353753,1531210353746,2883288,0.00114080,5.20000000,1
1531210353753,1531210353746,2883289,0.00114040,3.58000000,1
1531210353753,1531210353746,2883290,0.00114020,93.38000000,1
1531210353753,1531210353746,2883291,0.00114010,88.22000000,1
1531210353753,1531210353746,2883292,0.00114000,45.05000000,1
1531210353767,1531210353762,2883293,0.00114000,27.06000000,0
1531210353768,1531210353765,2883294,0.00114000,26.10000000,0
1531210353781,1531210353775,2883295,0.00114000,8.77000000,0
1531210353781,1531210353780,2883296,0.00114000,13.02000000,0
1531210353805,1531210353798,2883297,0.00113980,2.00000000,1
1531210353805,1531210353798,2883298,0.00113930,14.81000000,1
1531210353805,1531210353798,2883299,0.00113920,0.94000000,1
1531210353805,1531210353798,2883300,0.00113880,1.76000000,1
1531210353805,1531210353798,2883301,0.00113820,4.12000000,1
1531210353805,1531210353798,2883302,0.00113800,2.47000000,1
1531210353812,1531210353807,2883303,0.00114000,26.10000000,0
1531210354520,1531210354515,2883304,0.00113980,13.02000000,0
1531210354618,1531210354614,2883305,0.00114000,4.38000000,0
1531210354937,1531210354932,2883306,0.00114000,6.99000000,0
1531210356717,1531210356714,2883307,0.00114000,108.66000000,0
1531210356893,1531210356887,2883308,0.00113970,3.50000000,1
1531210356893,1531210356887,2883309,0.00113890,4.38000000,1
1531210356893,1531210356887,2883310,0.00113800,18.22000000,1
1531210357201,1531210357197,2883311,0.00113800,9.29000000,1
1531210360584,1531210360580,2883312,0.00114200,4.28000000,0
1531210366234,1531210366229,2883313,0.00113940,7.33000000,1
1531210366242,1531210366238,2883314,0.00113940,4.41000000,1
1531210369552,1531210369548,2883315,0.00114190,0.90000000,0
1531210371504,1531210371500,2883316,0.00114180,0.20000000,0
1531210371550,1531210371546,2883317,0.00114180,0.62000000,0
1531210371599,1531210371599,2883318,0.00114180,0.18000000,0
1531210379583,1531210379579,2883319,0.00114140,0.92000000,0
1531210380147,1531210380142,2883320,0.00113970,133.28000000,0
1531210380164,1531210380159,2883321,0.00113810,77.48000000,1
1531210393112,1531210393108,2883322,0.00114090,70.11000000,1
1531210395729,1531210395728,2883323,0.00114080,0.93000000,0
1531210397510,1531210397505,2883324,0.00113980,0.41000000,1
1531210411432,1531210411427,2883325,0.00113990,40.71000000,1
1531210425996,1531210425992,2883326,0.00113990,47.78000000,1
1531210426014,1531210426010,2883327,0.00113990,13.59000000,1
1531210440835,1531210440830,2883328,0.00113990,8.74000000,1
1531210471245,1531210471245,2883329,0.00114200,8.75000000,0
1531210471415,1531210471410,2883330,0.00114090,90.84000000,0
1531210471427,1531210471422,2883331,0.00113990,82.59000000,1
1531210490528,1531210490526,2883332,0.00114090,3.60000000,0
1531210490540,1531210490535,2883333,0.00113990,1.41000000,1
1531210494273,1531210494269,2883334,0.00113980,1.76000000,1
1531210494314,1531210494309,2883335,0.00113980,1.76000000,1
1531210494326,1531210494321,2883336,0.00113980,1.38000000,1
1531210494326,1531210494321,2883337,0.00113890,0.38000000,1
1531210495371,1531210495366,2883338,0.00113890,0.85000000,1
1531210495371,1531210495366,2883339,0.00113800,1.79000000,1
1531210560862,1531210560858,2883340,0.00113900,93.51000000,1
1531210560882,1531210560878,2883341,0.00113900,93.20000000,1
1531210592786,1531210592781,2883342,0.00114060,33.81000000,0
1531210592808,1531210592804,2883343,0.00113920,15.33000000,1
1531210592824,1531210592819,2883344,0.00113920,29.67000000,1
1531210640546,1531210640542,2883345,0.00113930,1.69000000,1
1531210651412,1531210651407,2883346,0.00113940,54.46000000,1
1531210651426,1531210651421,2883347,0.00113940,0.88000000,1
1531210674828,1531210674824,2883348,0.00114150,1.36000000,0
1531210683805,1531210683800,2883349,0.00113900,48.10000000,1
1531210688919,1531210688914,2883350,0.00114130,0.16000000,0
1531210701290,1531210701286,2883351,0.00113900,95.59000000,1
1531210701309,1531210701304,2883352,0.00113900,84.15000000,1
1531210712754,1531210712750,2883353,0.00113920,34.53000000,1
1531210715764,1531210715760,2883354,0.00113910,0.65000000,1
1531210718625,1531210718621,2883355,0.00114110,0.03000000,0
1531210740254,1531210740249,2883356,0.00113920,87.06000000,1
1531210746408,1531210746404,2883357,0.00114110,21.85000000,0
1531210771651,1531210771646,2883358,0.00114040,118.00000000,0
1531210771667,1531210771666,2883359,0.00113930,1.17000000,1
1531210771687,1531210771682,2883360,0.00113930,62.78000000,1
1531210785923,1531210785918,2883361,0.00113940,77.12000000,1
1531210785940,1531210785935,2883362,0.00113940,58.46000000,1
1531210819801,1531210819798,2883363,0.00114160,7.93000000,0
1531210822818,1531210822817,2883364,0.00114170,1.61000000,0
1531210823010,1531210823006,2883365,0.00114170,1.61000000,0
1531210823278,1531210823276,2883366,0.00114170,1.61000000,0
1531210823515,1531210823509,2883367,0.00114170,1.61000000,0
1531210823792,1531210823787,2883368,0.00114170,1.56000000,0
1531210823792,1531210823787,2883369,0.00114180,0.05000000,0
1531210824058,1531210824056,2883370,0.00114180,1.56000000,0
1531210890457,1531210890451,2883371,0.00114160,2.00000000,0
1531210894172,1531210894169,2883372,0.00114170,26.09000000,1
1531210898166,1531210898161,2883373,0.00114170,2.74000000,1
1531210905601,1531210905597,2883374,0.00114170,26.00000000,0
1531210952497,1531210952493,2883375,0.00114060,146.15000000,0
1531210952516,1531210952511,2883376,0.00113950,83.04000000,1
1531210952528,1531210952523,2883377,0.00114170,28.82000000,0
1531210970067,1531210970062,2883378,0.00113950,84.09000000,1
1531210970091,1531210970087,2883379,0.00113950,29.96000000,1
1531210984930,1531210984925,2883380,0.00114060,85.95000000,0
1531210984940,1531210984935,2883381,0.00113960,90.87000000,1
1531210984966,1531210984962,2883382,0.00113960,34.64000000,1
1531210995703,1531210995699,2883383,0.00113960,54.92000000,1
1531210995720,1531210995715,2883384,0.00113960,19.82000000,1
1531211037088,1531211037084,2883385,0.00114160,0.01000000,0
1531211037141,1531211037136,2883386,0.00114160,0.88000000,0
1531211037394,1531211037389,2883387,0.00114160,0.88000000,0
1531211037661,1531211037658,2883388,0.00114160,0.23000000,0
1531211037661,1531211037658,2883389,0.00114170,0.65000000,0
1531211072713,1531211072708,2883390,0.00113960,99.12000000,1
1531211072736,1531211072732,2883391,0.00113960,77.70000000,1
1531211096731,1531211096727,2883392,0.00114060,97.09000000,0
1531211096747,1531211096745,2883393,0.00113960,38.85000000,1
1531211131986,1531211131981,2883394,0.00114070,74.93000000,0
1531211132003,1531211131998,2883395,0.00113980,73.45000000,1
1531211143867,1531211143862,2883396,0.00114070,92.11000000,0
1531211143882,1531211143876,2883397,0.00113980,59.03000000,1
1531211160458,1531211160453,2883398,0.00113980,37.60000000,1
1531211160474,1531211160468,2883399,0.00113980,56.64000000,1
1531211191584,1531211191580,2883400,0.00113980,46.28000000,1
1531211191597,1531211191593,2883401,0.00113980,1.61000000,1
1531211219456,1531211219452,2883402,0.00114070,179.10000000,0
1531211219465,1531211219460,2883403,0.00113980,60.71000000,1
1531211219478,1531211219474,2883404,0.00113980,82.93000000,1
1531211250902,1531211250897,2883405,0.00114170,0.02000000,0
1531211252875,1531211252870,2883406,0.00114070,86.57000000,0
1531211252892,1531211252887,2883407,0.00113980,35.46000000,1
1531211270100,1531211270095,2883408,0.00114070,201.80000000,0
1531211270116,1531211270111,2883409,0.00113980,80.06000000,1
1531211311243,1531211311240,2883410,0.00114070,211.55000000,0
1531211311254,1531211311249,2883411,0.00113980,20.96000000,1
1531211311271,1531211311266,2883412,0.00113980,83.29000000,1
1531211320026,1531211320022,2883413,0.00114160,8.64000000,0
1531211320026,1531211320022,2883414,0.00114170,37.64000000,0
1531211320026,1531211320022,2883415,0.00114180,0.08000000,0
1531211320098,1531211320094,2883416,0.00114370,1.61000000,0
1531211320098,1531211320094,2883417,0.00114400,0.39000000,0
1531211320358,1531211320354,2883418,0.00114400,1.76000000,0
1531211320394,1531211320387,2883419,0.00114400,1.76000000,0
1531211320406,1531211320402,2883420,0.00114400,2.48000000,0
1531211331941,1531211331936,2883421,0.00114190,10.05000000,1
1531211332182,1531211332178,2883422,0.00114190,1.65000000,1
1531211335477,1531211335472,2883423,0.00114190,43.62000000,1
1531211351287,1531211351283,2883424,0.00114190,0.05000000,0
1531211371628,1531211371626,2883425,0.00114180,93.06000000,1
1531211371656,1531211371654,2883426,0.00114190,11.65000000,0
1531211386048,1531211386045,2883427,0.00114200,6.99000000,1
1531211386082,1531211386076,2883428,0.00114200,1.00000000,1
1531211388496,1531211388490,2883429,0.00114200,82.26000000,1
1531211388520,1531211388516,2883430,0.00114200,54.18000000,1
1531211388547,1531211388542,2883431,0.00114190,43.67000000,1
1531211388563,1531211388559,2883432,0.00114180,93.06000000,1
1531211391178,1531211391173,2883433,0.00114390,8.00000000,0
1531211391178,1531211391173,2883434,0.00114400,0.58000000,0
1531211391178,1531211391173,2883435,0.00114420,4.87000000,0
1531211391178,1531211391173,2883436,0.00114450,4.12000000,0
1531211391178,1531211391173,2883437,0.00114460,2.43000000,0
1531211391262,1531211391256,2883438,0.00114460,1.76000000,0
1531211391283,1531211391278,2883439,0.00114460,0.19000000,0
1531211391283,1531211391278,2883440,0.00114500,1.57000000,0
1531211391296,1531211391293,2883441,0.00114500,1.76000000,0
1531211391333,1531211391328,2883442,0.00114500,2.72000000,0
1531211450957,1531211450953,2883443,0.00114200,6.49000000,1
1531211519143,1531211519138,2883444,0.00114140,1.76000000,1
1531211519144,1531211519141,2883445,0.00114140,1.76000000,1
1531211519180,1531211519175,2883446,0.00114140,2.31000000,1
1531211519180,1531211519175,2883447,0.00114130,0.66000000,1
1531211520624,1531211520620,2883448,0.00114130,4.25000000,1
1531211520643,1531211520639,2883449,0.00114130,66.83000000,1
1531211551780,1531211551776,2883450,0.00113970,4.04000000,1
1531211551807,1531211551803,2883451,0.00114130,0.65000000,0
1531211556323,1531211556319,2883452,0.00114140,2.16000000,1
1531211556348,1531211556343,2883453,0.00114140,24.92000000,1
1531211556367,1531211556363,2883454,0.00114130,66.83000000,1
1531211580286,1531211580281,2883455,0.00114050,5.21000000,0
1531211580298,1531211580294,2883456,0.00113970,41.78000000,1
1531211580318,1531211580313,2883457,0.00113970,3.25000000,1
1531211580338,1531211580334,2883458,0.00114130,0.65000000,0
1531211580648,1531211580644,2883459,0.00114130,5.83000000,1
1531211611608,1531211611603,2883460,0.00114140,89.73000000,1
1531211611619,1531211611614,2883461,0.00114130,64.83000000,1
1531211615644,1531211615640,2883462,0.00114130,0.07000000,0
1531211631575,1531211631571,2883463,0.00113970,82.68000000,1
1531211631595,1531211631590,2883464,0.00114130,2.58000000,0
1531211672005,1531211672000,2883465,0.00114210,94.95000000,1
1531211698307,1531211698302,2883466,0.00114210,36.17000000,1
1531211698332,1531211698327,2883467,0.00114210,5.83000000,1
1531211731259,1531211731254,2883468,0.00114210,12.58000000,1
1531211736529,1531211736525,2883469,0.00114210,22.17000000,1
1531211759403,1531211759398,2883470,0.00114210,57.32000000,1
1531211759424,1531211759419,2883471,0.00114210,83.98000000,1
1531211792320,1531211792315,2883472,0.00114210,53.25000000,1
1531211792345,1531211792341,2883473,0.00114210,85.56000000,1
1531211809330,1531211809324,2883474,0.00114210,47.34000000,1
1531211809348,1531211809344,2883475,0.00114210,48.17000000,1
1531211809360,1531211809356,2883476,0.00114210,18.21000000,1
1531211820492,1531211820488,2883477,0.00114210,63.17000000,1
1531211852359,1531211852354,2883478,0.00114210,52.50000000,1
1531211852379,1531211852375,2883479,0.00114210,73.23000000,1
1531211858872,1531211858867,2883480,0.00114200,10.92000000,1
1531211878099,1531211878094,2883481,0.00114350,22.33000000,0
1531211878113,1531211878109,2883482,0.00114210,51.10000000,1
1531211878124,1531211878119,2883483,0.00114210,9.72000000,1
1531211908958,1531211908954,2883484,0.00114230,0.32000000,1
1531211938570,1531211938565,2883485,0.00114480,0.12000000,0
1531211951788,1531211951784,2883486,0.00114200,0.20000000,1
1531211952052,1531211952048,2883487,0.00114200,0.59000000,1
1531211952438,1531211952438,2883488,0.00114200,0.18000000,1
1531211971855,1531211971851,2883489,0.00114350,155.58000000,0
1531211971867,1531211971862,2883490,0.00114220,0.90000000,1
1531211971884,1531211971881,2883491,0.00114220,72.04000000,1
1531212123482,1531212123478,2883492,0.00114350,221.28000000,0
1531212123491,1531212123487,2883493,0.00114210,86.34000000,1
1531212123514,1531212123509,2883494,0.00114210,85.76000000,1
1531212156885,1531212156882,2883495,0.00114210,7.80000000,1
1531212157097,1531212157093,2883496,0.00114200,1.76000000,1
1531212157119,1531212157115,2883497,0.00114200,1.76000000,1
1531212157130,1531212157125,2883498,0.00114200,1.76000000,1
1531212157167,1531212157163,2883499,0.00114200,2.72000000,1
1531212203930,1531212203927,2883500,0.00114200,5.27000000,1
1531212239689,1531212239687,2883501,0.00114210,0.88000000,1
1531212244269,1531212244265,2883502,0.00114200,4.54000000,1
1531212251062,1531212251057,2883503,0.00114210,13.27000000,1
1531212251082,1531212251077,2883504,0.00114210,75.65000000,1
1531212271127,1531212271122,2883505,0.00114350,33.18000000,0
1531212271141,1531212271137,2883506,0.00114210,24.05000000,1
1531212452100,1531212452096,2883507,0.00114350,126.07000000,0
1531212452111,1531212452109,2883508,0.00114210,63.17000000,1
1531212452129,1531212452125,2883509,0.00114210,51.25000000,1
1531212533701,1531212533697,2883510,0.00114340,7.59000000,0
1531212533709,1531212533705,2883511,0.00114220,13.89000000,1
1531212533727,1531212533723,2883512,0.00114220,4.20000000,1
1531212545638,1531212545634,2883513,0.00114210,8.00000000,1
1531212545638,1531212545634,2883514,0.00114200,2.28000000,1
1531212572707,1531212572702,2883515,0.00114360,88.75000000,0
1531212572720,1531212572715,2883516,0.00114230,47.21000000,1
1531212575896,1531212575892,2883517,0.00114490,0.01000000,0
1531212581891,1531212581887,2883518,0.00114490,15.99000000,0
1531212581891,1531212581887,2883519,0.00114500,7.71000000,0
1531212581967,1531212581965,2883520,0.00114530,1.29000000,0
1531212581967,1531212581965,2883521,0.00114540,0.47000000,0
1531212581975,1531212581970,2883522,0.00114540,1.76000000,0
1531212582033,1531212582028,2883523,0.00114540,1.27000000,0
1531212582033,1531212582028,2883524,0.00114610,1.45000000,0
1531212582044,1531212582040,2883525,0.00114610,1.76000000,0
1531212586185,1531212586181,2883526,0.00114560,137.94000000,0
1531212586199,1531212586194,2883527,0.00114510,7.87000000,1
1531212586221,1531212586217,2883528,0.00114510,94.48000000,1
1531212632879,1531212632875,2883529,0.00114510,46.32000000,1
1531212632898,1531212632894,2883530,0.00114510,68.45000000,1
1531212642082,1531212642078,2883531,0.00114560,180.85000000,0
1531212642096,1531212642092,2883532,0.00114510,67.98000000,1
1531212669560,1531212669555,2883533,0.00114600,2.00000000,0
1531212669560,1531212669555,2883534,0.00114610,1.77000000,0
1531212669560,1531212669555,2883535,0.00114730,1.05000000,0
1531212669560,1531212669555,2883536,0.00114870,1.23000000,0
1531212669560,1531212669555,2883537,0.00114900,5.20000000,0
1531212669570,1531212669565,2883538,0.00115000,66.04000000,1
1531212669632,1531212669628,2883539,0.00115000,2.00000000,0
1531212704195,1531212704192,2883540,0.00114630,6.16000000,1
1531212706917,1531212706913,2883541,0.00114530,5.90000000,1
1531212707316,1531212707312,2883542,0.00114530,2.10000000,1
1531212707316,1531212707312,2883543,0.00114520,3.80000000,1
1531212711786,1531212711781,2883544,0.00114700,134.09000000,0
1531212711793,1531212711789,2883545,0.00114540,73.68000000,1
1531212720093,1531212720088,2883546,0.00114730,31.26000000,0
1531212720111,1531212720108,2883547,0.00114530,21.71000000,1
1531212729993,1531212729988,2883548,0.00114520,0.09000000,1
1531212780447,1531212780442,2883549,0.00114660,76.85000000,0
1531212780463,1531212780459,2883550,0.00114550,42.60000000,1
1531212780483,1531212780479,2883551,0.00114550,41.32000000,1
1531212811154,1531212811149,2883552,0.00114550,40.67000000,1
1531212830472,1531212830468,2883553,0.00114550,39.07000000,1
1531212872444,1531212872439,2883554,0.00114670,141.16000000,0
1531212872452,1531212872448,2883555,0.00114560,20.53000000,1
1531212872473,1531212872468,2883556,0.00114560,53.07000000,1
1531212885641,1531212885637,2883557,0.00114560,73.59000000,1
1531212931762,1531212931758,2883558,0.00114670,64.31000000,0
1531212931774,1531212931769,2883559,0.00114570,24.00000000,1
1531212944832,1531212944828,2883560,0.00114670,180.03000000,0
1531212944849,1531212944845,2883561,0.00114570,18.92000000,1
1531212944871,1531212944866,2883562,0.00114570,64.29000000,1
1531212960000,1531212959995,2883563,0.00114670,262.93000000,0
1531212960024,1531212960021,2883564,0.00114570,64.68000000,1
1531212960035,1531212960031,2883565,0.00114570,93.23000000,1
1531212991988,1531212991984,2883566,0.00114570,76.09000000,1
1531212998237,1531212998234,2883567,0.00114570,21.98000000,1
1531213015005,1531213015000,2883568,0.00114570,2.23000000,1
1531213020022,1531213020017,2883569,0.00114580,84.65000000,1
1531213020040,1531213020036,2883570,0.00114580,85.20000000,1
1531213052581,1531213052577,2883571,0.00114580,77.23000000,1
1531213052602,1531213052596,2883572,0.00114580,7.62000000,1
1531213058819,1531213058815,2883573,0.00114650,160.35000000,0
1531213058836,1531213058832,2883574,0.00114580,77.84000000,1
1531213080283,1531213080278,2883575,0.00114590,3.22000000,1
1531213112717,1531213112713,2883576,0.00114670,20.77000000,0
1531213112724,1531213112720,2883577,0.00114590,30.73000000,1
1531213112738,1531213112733,2883578,0.00114590,8.16000000,1
1531213116519,1531213116514,2883579,0.00114670,43.87000000,0
1531213116531,1531213116526,2883580,0.00114590,27.42000000,1
1531213144548,1531213144543,2883581,0.00114740,87.38000000,0
1531213144565,1531213144559,2883582,0.00114590,69.34000000,1
1531213144582,1531213144578,2883583,0.00114590,50.21000000,1
1531213162775,1531213162772,2883584,0.00114700,39.65000000,0
1531213162789,1531213162786,2883585,0.00114590,18.35000000,1
1531213199549,1531213199544,2883586,0.00114680,56.02000000,0
1531213199558,1531213199554,2883587,0.00114600,22.57000000,1
1531213223057,1531213223052,2883588,0.00114720,166.74000000,0
1531213223073,1531213223070,2883589,0.00114600,70.06000000,1
1531213259859,1531213259856,2883590,0.00114600,94.76000000,1
1531213259888,1531213259883,2883591,0.00114600,62.32000000,1
1531213271583,1531213271579,2883592,0.00114760,14.00000000,0
1531213280936,1531213280932,2883593,0.00114760,0.01000000,0
1531213283325,1531213283320,2883594,0.00114680,173.12000000,0
1531213283343,1531213283340,2883595,0.00114600,50.07000000,1
1531213283368,1531213283362,2883596,0.00114600,66.06000000,1
1531213289667,1531213289663,2883597,0.00114760,0.01000000,0
1531213319402,1531213319398,2883598,0.00114600,23.75000000,1
1531213319416,1531213319411,2883599,0.00114600,79.43000000,1
1531213329356,1531213329352,2883600,0.00114680,37.78000000,0
1531213329364,1531213329358,2883601,0.00114600,13.01000000,1
1531213379349,1531213379345,2883602,0.00114760,1.80000000,0
1531213380637,1531213380632,2883603,0.00114600,36.10000000,1
1531213380653,1531213380647,2883604,0.00114600,7.54000000,1
1531213382367,1531213382363,2883605,0.00114800,8.58000000,0
1531213385366,1531213385362,2883606,0.00114800,0.03000000,0
1531213400875,1531213400871,2883607,0.00114600,39.92000000,1
1531213400905,1531213400899,2883608,0.00114600,92.15000000,1
1531213413262,1531213413256,2883609,0.00114800,13.61000000,0
1531213413262,1531213413256,2883610,0.00114850,16.00000000,0
1531213413262,1531213413256,2883611,0.00114950,3.80000000,0
1531213413262,1531213413256,2883612,0.00114960,23.68000000,0
1531213413262,1531213413256,2883613,0.00115000,6.61000000,0
1531213440789,1531213440784,2883614,0.00115010,24.07000000,1
1531213461542,1531213461538,2883615,0.00115080,164.74000000,0
1531213461552,1531213461547,2883616,0.00115010,94.68000000,1
1531213499140,1531213499136,2883617,0.00115010,4.91000000,1
1531213499162,1531213499157,2883618,0.00115010,97.48000000,1
1531213519363,1531213519360,2883619,0.00115010,70.15000000,1
1531213532157,1531213532152,2883620,0.00115080,124.16000000,0
1531213532169,1531213532165,2883621,0.00115010,45.96000000,1
1531213532185,1531213532179,2883622,0.00115010,61.46000000,1
1531213545578,1531213545576,2883623,0.00115000,0.05000000,1
1531213549568,1531213549564,2883624,0.00115010,52.57000000,1
1531213559599,1531213559593,2883625,0.00115010,67.01000000,1
1531213559619,1531213559614,2883626,0.00115010,81.54000000,1
1531213559980,1531213559975,2883627,0.00115000,56.71000000,1
1531213591854,1531213591849,2883628,0.00114870,67.26000000,1
1531213591868,1531213591864,2883629,0.00114870,30.51000000,1
1531213601686,1531213601681,2883630,0.00114860,5.79000000,1
1531213601698,1531213601694,2883631,0.00114860,95.01000000,1
1531213652100,1531213652095,2883632,0.00115010,173.35000000,0
1531213652109,1531213652103,2883633,0.00114860,14.74000000,1
1531213652131,1531213652127,2883634,0.00114860,89.34000000,1
1531213669974,1531213669968,2883635,0.00114860,81.68000000,1
1531213680058,1531213680053,2883636,0.00114860,22.32000000,1
1531213680078,1531213680072,2883637,0.00114860,15.42000000,1
1531213712787,1531213712779,2883638,0.00114860,58.14000000,1
1531213712802,1531213712798,2883639,0.00114860,27.92000000,1
1531213728532,1531213728526,2883640,0.00115010,16.22000000,0
1531213728546,1531213728541,2883641,0.00114860,70.54000000,1
1531213728564,1531213728560,2883642,0.00114860,6.45000000,1
1531213771200,1531213771195,2883643,0.00115010,124.00000000,0
1531213771216,1531213771212,2883644,0.00114860,9.58000000,1
1531213771236,1531213771232,2883645,0.00114860,50.00000000,1
1531213787724,1531213787720,2883646,0.00114860,19.67000000,1
1531213787753,1531213787749,2883647,0.00114860,22.12000000,1
1531213799922,1531213799916,2883648,0.00114860,62.92000000,1
1531213832600,1531213832596,2883649,0.00115010,168.15000000,0
1531213832607,1531213832603,2883650,0.00114860,60.21000000,1
1531213832626,1531213832622,2883651,0.00114860,91.40000000,1
1531213852889,1531213852883,2883652,0.00115010,68.29000000,0
1531213852899,1531213852894,2883653,0.00114860,56.71000000,1
1531213852916,1531213852912,2883654,0.00114860,31.32000000,1
1531213892279,1531213892276,2883655,0.00114860,3.31000000,1
1531213913613,1531213913608,2883656,0.00114860,52.75000000,1
1531213951497,1531213951492,2883657,0.00115000,75.06000000,0
1531213951516,1531213951510,2883658,0.00114860,60.53000000,1
1531213961381,1531213961377,2883659,0.00114860,87.06000000,1
1531213961403,1531213961397,2883660,0.00114860,31.10000000,1
1531213980450,1531213980445,2883661,0.00114860,68.54000000,1
1531213990320,1531213990316,2883662,0.00114850,0.99000000,1
1531214010431,1531214010427,2883663,0.00114860,67.90000000,1
1531214010431,1531214010427,2883664,0.00114850,5.96000000,1
1531214010431,1531214010427,2883665,0.00114600,31.14000000,1
1531214186677,1531214186672,2883666,0.00115160,41.96000000,0
1531214251180,1531214251176,2883667,0.00114850,52.85000000,1
1531214283682,1531214283677,2883668,0.00114750,99.40000000,0
1531214283696,1531214283691,2883669,0.00114660,16.14000000,1
1531214283720,1531214283716,2883670,0.00114660,38.82000000,1
1531214289047,1531214289043,2883671,0.00114650,6.96000000,1
1531214289047,1531214289043,2883672,0.00114600,1.35000000,1
1531214289047,1531214289043,2883673,0.00114580,1.69000000,1
1531214354583,1531214354579,2883674,0.00114640,0.31000000,1
1531214355780,1531214355775,2883675,0.00114580,0.31000000,1
1531214377706,1531214377702,2883676,0.00114610,0.02000000,1
1531214379227,1531214379223,2883677,0.00114590,0.02000000,1
1531214405432,1531214405426,2883678,0.00114620,5.60000000,1
1531214405432,1531214405426,2883679,0.00114590,21.62000000,1
1531214406045,1531214406041,2883680,0.00114590,10.78000000,0
1531214432886,1531214432883,2883681,0.00114770,176.94000000,0
1531214432905,1531214432900,2883682,0.00114590,62.57000000,1
1531214432920,1531214432917,2883683,0.00114590,81.93000000,1
1531214438736,1531214438732,2883684,0.00114590,80.18000000,1
1531214438747,1531214438742,2883685,0.00114590,73.45000000,1
1531214459358,1531214459354,2883686,0.00114590,94.06000000,1
1531214492772,1531214492766,2883687,0.00114740,54.45000000,0
1531214492790,1531214492785,2883688,0.00114590,38.21000000,1
1531214492815,1531214492812,2883689,0.00114590,20.17000000,1
1531214496629,1531214496625,2883690,0.00114590,5.29000000,1
1531214498998,1531214498994,2883691,0.00114590,71.17000000,1
1531214517208,1531214517204,2883692,0.00114580,36.04000000,1
1531214518057,1531214518054,2883693,0.00114360,6.98000000,1
1531214519061,1531214519057,2883694,0.00114220,25.06000000,1
1531214527663,1531214527658,2883695,0.00114030,1.67000000,1
1531214550815,1531214550810,2883696,0.00114020,7.00000000,1
1531214585431,1531214585425,2883697,0.00113940,1.50000000,1
1531214585442,1531214585438,2883698,0.00113940,5.64000000,1
1531214585445,1531214585439,2883699,0.00113940,30.60000000,1
1531214588982,1531214588979,2883700,0.00114200,159.93000000,0
1531214589002,1531214588998,2883701,0.00113940,61.64000000,1
1531214589022,1531214589018,2883702,0.00113940,15.93000000,1
1531214590291,1531214590287,2883703,0.00113920,2.00000000,1
1531214591286,1531214591281,2883704,0.00113910,61.54000000,1
1531214599679,1531214599676,2883705,0.00113800,21.51000000,1
1531214612529,1531214612525,2883706,0.00113670,57.96000000,1
1531214622047,1531214622041,2883707,0.00113660,2.00000000,1
1531214623053,1531214623049,2883708,0.00113640,7.02000000,1
1531214628656,1531214628650,2883709,0.00113600,63.78000000,1
1531214628674,1531214628670,2883710,0.00113600,72.93000000,1
1531214639581,1531214639576,2883711,0.00113590,51.42000000,1
1531214672727,1531214672723,2883712,0.00113760,94.69000000,0
1531214672744,1531214672740,2883713,0.00113590,52.03000000,1
1531214673307,1531214673303,2883714,0.00113900,2.00000000,0
1531214673307,1531214673303,2883715,0.00113930,0.50000000,0
1531214678408,1531214678405,2883716,0.00113760,73.35000000,0
1531214678419,1531214678413,2883717,0.00113590,39.03000000,1
1531214692613,1531214692609,2883718,0.00113930,2.00000000,0
1531214702165,1531214702161,2883719,0.00113920,0.01000000,0
1531214704809,1531214704804,2883720,0.00113590,54.64000000,1
1531214714600,1531214714594,2883721,0.00113890,2.00000000,0
1531214714600,1531214714594,2883722,0.00113900,3.70000000,0
1531214717826,1531214717822,2883723,0.00113590,93.50000000,1
1531214754794,1531214754791,2883724,0.00113580,12.65000000,1
1531214760330,1531214760326,2883725,0.00113550,1.57000000,0
1531214760345,1531214760339,2883726,0.00113520,1.37000000,1
1531214778547,1531214778543,2883727,0.00113530,72.26000000,1
1531214778560,1531214778556,2883728,0.00113530,36.96000000,1
1531214781056,1531214781052,2883729,0.00113580,24.65000000,0
1531214785380,1531214785377,2883730,0.00113930,0.27000000,0
1531214785454,1531214785451,2883731,0.00113930,0.30000000,0
1531214785524,1531214785521,2883732,0.00113930,0.61000000,0
1531214785655,1531214785651,2883733,0.00113930,0.21000000,0
1531214785710,1531214785707,2883734,0.00113930,0.27000000,0
1531214785756,1531214785752,2883735,0.00113930,0.27000000,0
1531214785801,1531214785796,2883736,0.00113930,0.27000000,0
1531214785994,1531214785990,2883737,0.00113930,0.62000000,0
1531214786157,1531214786152,2883738,0.00113930,0.45000000,0
1531214786234,1531214786231,2883739,0.00113930,0.27000000,0
1531214786337,1531214786333,2883740,0.00113930,0.51000000,0
1531214786387,1531214786382,2883741,0.00113930,0.27000000,0
1531214786421,1531214786417,2883742,0.00113930,0.27000000,0
1531214786440,1531214786434,2883743,0.00113930,0.21000000,0
1531214786554,1531214786548,2883744,0.00113930,0.62000000,0
1531214786658,1531214786653,2883745,0.00113930,0.18000000,0
1531214786686,1531214786682,2883746,0.00113930,0.28000000,0
1531214786734,1531214786730,2883747,0.00113930,0.24000000,0
1531214792975,1531214792969,2883748,0.00113920,1.14000000,0
1531214793027,1531214793021,2883749,0.00113920,0.28000000,0
1531214793078,1531214793074,2883750,0.00113920,0.45000000,0
1531214793125,1531214793122,2883751,0.00113920,0.13000000,0
1531214793125,1531214793122,2883752,0.00113930,0.14000000,0
1531214820166,1531214820161,2883753,0.00113730,50.25000000,0
1531214820181,1531214820177,2883754,0.00113530,84.79000000,1
1531214820238,1531214820234,2883755,0.00113530,18.21000000,1
1531214829742,1531214829738,2883756,0.00113740,72.71000000,0
1531214829754,1531214829751,2883757,0.00113550,3.25000000,1
1531214829776,1531214829771,2883758,0.00113550,44.35000000,1
1531214869657,1531214869651,2883759,0.00113560,0.04000000,1
1531214904501,1531214904498,2883760,0.00113930,0.02000000,0
1531214904797,1531214904793,2883761,0.00113930,1.98000000,1
1531214906557,1531214906552,2883762,0.00113920,0.20000000,0
1531214906625,1531214906620,2883763,0.00113920,0.21000000,0
1531214906657,1531214906653,2883764,0.00113920,0.47000000,0
1531214906667,1531214906664,2883765,0.00113920,0.27000000,0
1531214906835,1531214906831,2883766,0.00113920,0.27000000,0
1531214906887,1531214906881,2883767,0.00113920,0.27000000,0
1531214906921,1531214906918,2883768,0.00113920,0.28000000,0
1531214906977,1531214906973,2883769,0.00113920,0.18000000,0
1531214907252,1531214907245,2883770,0.00113920,0.28000000,0
1531214909256,1531214909251,2883771,0.00113920,9.05000000,0
1531214911563,1531214911559,2883772,0.00113620,0.89000000,1
1531214917276,1531214917273,2883773,0.00113740,139.56000000,0
1531214917290,1531214917285,2883774,0.00113570,91.81000000,1
1531214940606,1531214940603,2883775,0.00113570,16.51000000,1
1531214940621,1531214940617,2883776,0.00113570,56.78000000,1
1531214971311,1531214971306,2883777,0.00113570,85.15000000,1
1531214971326,1531214971322,2883778,0.00113570,72.18000000,1
1531214973292,1531214973288,2883779,0.00114880,1.92000000,0
1531214976184,1531214976180,2883780,0.00113810,2.11000000,0
1531214995419,1531214995414,2883781,0.00114870,1.76000000,0
1531214995458,1531214995452,2883782,0.00114870,1.76000000,0
1531214995470,1531214995464,2883783,0.00114870,1.76000000,0
1531214995488,1531214995483,2883784,0.00114870,2.72000000,0
1531215021398,1531215021394,2883785,0.00114010,0.03000000,1
1531215114157,1531215114153,2883786,0.00114510,2.00000000,0
1531215114157,1531215114153,2883787,0.00114520,6.73000000,0
1531215191694,1531215191690,2883788,0.00113890,0.09000000,1
1531215192000,1531215191995,2883789,0.00113890,1.91000000,1
1531215193105,1531215193101,2883790,0.00113860,23.56000000,1
1531215212802,1531215212799,2883791,0.00113570,60.07000000,1
1531215234400,1531215234395,2883792,0.00113570,7.25000000,1
1531215234415,1531215234411,2883793,0.00113570,82.54000000,1
1531215244355,1531215244351,2883794,0.00113710,39.86000000,0
1531215244370,1531215244366,2883795,0.00113570,16.32000000,1
1531215258780,1531215258775,2883796,0.00113690,87.10000000,0
1531215258797,1531215258794,2883797,0.00113570,53.78000000,1
1531215505516,1531215505512,2883798,0.00113940,1.62000000,0
1531215514064,1531215514060,2883799,0.00113930,2.00000000,0
1531215514064,1531215514060,2883800,0.00113940,3.72000000,0
1531215540843,1531215540840,2883801,0.00113930,1.00000000,0
1531215542636,1531215542632,2883802,0.00113660,1.00000000,1
1531215587957,1531215587953,2883803,0.00113940,1.66000000,0
1531215587957,1531215587953,2883804,0.00114540,3.30000000,0
1531215599686,1531215599682,2883805,0.00114120,8.36000000,0
1531215599693,1531215599690,2883806,0.00113900,3.02000000,1
1531215632522,1531215632518,2883807,0.00114120,178.64000000,0
1531215632531,1531215632526,2883808,0.00113910,65.68000000,1
1531215694831,1531215694827,2883809,0.00113910,8.00000000,1
1531215694831,1531215694827,2883810,0.00113900,23.19000000,1
1531215701014,1531215701009,2883811,0.00114120,62.57000000,0
1531215701021,1531215701017,2883812,0.00113910,40.64000000,1
1531215701042,1531215701037,2883813,0.00113910,35.96000000,1
1531215720798,1531215720793,2883814,0.00114040,49.92000000,0
1531215720805,1531215720802,2883815,0.00113910,34.67000000,1
1531215720824,1531215720819,2883816,0.00113910,45.39000000,1
1531215729790,1531215729786,2883817,0.00113910,10.40000000,1
1531215729790,1531215729786,2883818,0.00113900,0.05000000,1
1531215752798,1531215752792,2883819,0.00113910,30.78000000,1
1531215763747,1531215763743,2883820,0.00113910,49.53000000,1
1531215765585,1531215765581,2883821,0.00113900,0.58000000,1
1531215779704,1531215779699,2883822,0.00114110,178.29000000,0
1531215779721,1531215779716,2883823,0.00113910,4.16000000,1
1531215779742,1531215779739,2883824,0.00113910,59.82000000,1
1531215811253,1531215811247,2883825,0.00114120,11.28000000,0
1531215811267,1531215811263,2883826,0.00113940,58.42000000,1
1531215811292,1531215811288,2883827,0.00113940,5.49000000,1
1531215823153,1531215823149,2883828,0.00113940,42.96000000,1
1531215844646,1531215844642,2883829,0.00113940,44.96000000,1
1531215851427,1531215851422,2883830,0.00114090,178.35000000,0
1531215851446,1531215851443,2883831,0.00113940,66.54000000,1
1531215899447,1531215899444,2883832,0.00114120,48.06000000,0
1531215899461,1531215899458,2883833,0.00113940,50.57000000,1
1531215899483,1531215899478,2883834,0.00113940,21.64000000,1
1531215923133,1531215923129,2883835,0.00113930,97.95000000,1
1531215923155,1531215923150,2883836,0.00113930,8.51000000,1
1531215925458,1531215925454,2883837,0.00113920,15.71000000,1
1531215925458,1531215925454,2883838,0.00113890,6.45000000,1
1531215959690,1531215959687,2883839,0.00113900,56.57000000,1
1531215959710,1531215959705,2883840,0.00113900,35.75000000,1
1531215966333,1531215966328,2883841,0.00113900,31.26000000,1
1531215967952,1531215967948,2883842,0.00113890,0.55000000,1
1531215967952,1531215967948,2883843,0.00113660,7.50000000,1
1531215967952,1531215967948,2883844,0.00113640,2.00000000,1
1531215967952,1531215967948,2883845,0.00113600,60.06000000,1
1531215992439,1531215992436,2883846,0.00113610,32.89000000,1
1531215992461,1531215992456,2883847,0.00113610,80.09000000,1
1531216017409,1531216017405,2883848,0.00113610,0.89000000,1
1531216023950,1531216023946,2883849,0.00113610,99.62000000,1
1531216023963,1531216023960,2883850,0.00113610,73.20000000,1
1531216034094,1531216034089,2883851,0.00113600,1.66000000,1
1531216034094,1531216034089,2883852,0.00113560,0.12000000,1
1531216034095,1531216034090,2883853,0.00113560,1.78000000,1
1531216034137,1531216034133,2883854,0.00113560,1.78000000,1
1531216034186,1531216034182,2883855,0.00113560,0.69000000,1
1531216034186,1531216034182,2883856,0.00113550,1.97000000,1
1531216043087,1531216043082,2883857,0.00113560,25.55000000,1
1531216111271,1531216111267,2883858,0.00113570,81.95000000,1
1531216136527,1531216136523,2883859,0.00113780,172.55000000,0
1531216136539,1531216136535,2883860,0.00113560,5.20000000,1
1531216136554,1531216136550,2883861,0.00113560,59.50000000,1
1531216144644,1531216144639,2883862,0.00113560,8.00000000,1
1531216144929,1531216144925,2883863,0.00113550,8.00000000,1
1531216152966,1531216152961,2883864,0.00113560,174.19000000,0
1531216172071,1531216172066,2883865,0.00113560,53.96000000,1
1531216172092,1531216172088,2883866,0.00113560,42.92000000,1
1531216178982,1531216178978,2883867,0.00113560,99.29000000,1
1531216179044,1531216179038,2883868,0.00113560,82.09000000,1
1531216200282,1531216200279,2883869,0.00113670,93.31000000,0
1531216200292,1531216200288,2883870,0.00113560,43.21000000,1
1531216232566,1531216232562,2883871,0.00113570,15.00000000,1
1531216253451,1531216253446,2883872,0.00113570,94.98000000,1
1531216253466,1531216253463,2883873,0.00113570,29.44000000,1
1531216259353,1531216259348,2883874,0.00113560,59.71000000,1
1531216259375,1531216259372,2883875,0.00113560,54.78000000,1
1531216291223,1531216291217,2883876,0.00113670,79.62000000,0
1531216291235,1531216291230,2883877,0.00113560,69.59000000,1
1531216291344,1531216291341,2883878,0.00113560,45.75000000,1
1531216300909,1531216300905,2883879,0.00113670,5.58000000,0
1531216300920,1531216300917,2883880,0.00113570,56.28000000,1
1531216300940,1531216300935,2883881,0.00113570,5.37000000,1
1531216319692,1531216319689,2883882,0.00113570,3.29000000,1
1531216351700,1531216351697,2883883,0.00113580,50.53000000,1
1531216351718,1531216351714,2883884,0.00113580,5.70000000,1
1531216359116,1531216359112,2883885,0.00113570,0.11000000,1
1531216373542,1531216373537,2883886,0.00113580,83.84000000,1
1531216411275,1531216411271,2883887,0.00113580,46.21000000,1
1531216423477,1531216423474,2883888,0.00113580,91.29000000,1
1531216424353,1531216424349,2883889,0.00113570,0.89000000,1
1531216428683,1531216428680,2883890,0.00113580,77.95000000,0
1531216428929,1531216428924,2883891,0.00113550,99.82000000,1
1531216431539,1531216431535,2883892,0.00113540,12.00000000,1
1531216432339,1531216432336,2883893,0.00113520,2.00000000,1
1531216434396,1531216434391,2883894,0.00113500,80.00000000,1
1531216436189,1531216436186,2883895,0.00113440,124.54000000,1
1531216436603,1531216436599,2883896,0.00113440,24.42000000,1
1531216438187,1531216438182,2883897,0.00113430,124.54000000,1
1531216439180,1531216439177,2883898,0.00113400,4.51000000,1
1531216557226,1531216557222,2883899,0.00113120,35.04000000,1
1531216591768,1531216591762,2883900,0.00113190,21.44000000,0
1531216591779,1531216591774,2883901,0.00113010,8.00000000,1
1531216592218,1531216592214,2883902,0.00113000,47.28000000,1
1531216593223,1531216593219,2883903,0.00112950,3.00000000,1
1531216595225,1531216595220,2883904,0.00112820,2.00000000,1
1531216597227,1531216597223,2883905,0.00112780,8.07000000,1
1531216605422,1531216605418,2883906,0.00112630,41.14000000,1
1531216605433,1531216605428,2883907,0.00112630,50.17000000,1
1531216610383,1531216610378,2883908,0.00112700,1.63000000,0
1531216613786,1531216613782,2883909,0.00112620,3.47000000,1
1531216618091,1531216618087,2883910,0.00112900,0.18000000,0
1531216618159,1531216618154,2883911,0.00112900,0.59000000,0
1531216618227,1531216618223,2883912,0.00112900,0.20000000,0
1531216618272,1531216618268,2883913,0.00112900,7.78000000,0
1531216620147,1531216620143,2883914,0.00112760,28.50000000,0
1531216620163,1531216620158,2883915,0.00112630,10.16000000,1
1531216652121,1531216652118,2883916,0.00112750,42.60000000,0
1531216652135,1531216652130,2883917,0.00112890,84.40000000,0
1531216652162,1531216652158,2883918,0.00112890,29.17000000,0
1531216659243,1531216659239,2883919,0.00112880,2.00000000,0
1531216659243,1531216659239,2883920,0.00112990,7.05000000,0
1531216664688,1531216664684,2883921,0.00112980,89.37000000,0
1531216664708,1531216664702,2883922,0.00112980,29.82000000,0
1531216704700,1531216704696,2883923,0.00112990,0.01000000,0
1531216704700,1531216704696,2883924,0.00113090,2.00000000,0
1531216729687,1531216729683,2883925,0.00112950,2.01000000,1
1531216740320,1531216740315,2883926,0.00112690,88.18000000,1
1531216740334,1531216740331,2883927,0.00112690,56.89000000,1
1531216792337,1531216792333,2883928,0.00113070,43.88000000,0
1531216792354,1531216792350,2883929,0.00112810,39.17000000,1
1531216797367,1531216797362,2883930,0.00112800,7.07000000,1
1531216825609,1531216825603,2883931,0.00112620,8.31000000,1
1531216825609,1531216825603,2883932,0.00112540,7.00000000,1
1531216825609,1531216825603,2883933,0.00112440,1.78000000,1
1531216825609,1531216825603,2883934,0.00112330,1.66000000,1
1531216827244,1531216827239,2883935,0.00112500,4.35000000,0
1531216828948,1531216828943,2883936,0.00112460,0.12000000,1
1531216833590,1531216833585,2883937,0.00112600,5.14000000,0
1531216851904,1531216851900,2883938,0.00112600,26.85000000,0
1531216851924,1531216851919,2883939,0.00112600,10.75000000,0
1531216852345,1531216852341,2883940,0.00112600,16.29000000,0
1531216852524,1531216852520,2883941,0.00112600,26.88000000,0
1531216862575,1531216862570,2883942,0.00112600,8.88000000,0
1531216862773,1531216862769,2883943,0.00112600,8.88000000,0
1531216862977,1531216862973,2883944,0.00112600,8.88000000,0
1531216863188,1531216863184,2883945,0.00112600,8.88000000,0
1531216863372,1531216863368,2883946,0.00112600,8.88000000,0
1531216863586,1531216863582,2883947,0.00112600,8.88000000,0
1531216863770,1531216863764,2883948,0.00112600,8.88000000,0
1531216863970,1531216863964,2883949,0.00112600,8.88000000,0
1531216865635,1531216865631,2883950,0.00112600,21.09000000,0
1531216880252,1531216880248,2883951,0.00112690,1.66000000,0
1531216882238,1531216882233,2883952,0.00112700,1.66000000,0
1531216919770,1531216919766,2883953,0.00112610,78.54000000,0
1531216919778,1531216919774,2883954,0.00112460,1.50000000,1
1531216919778,1531216919774,2883955,0.00112440,41.17000000,1
1531216962184,1531216962179,2883956,0.00112590,153.05000000,0
1531216962194,1531216962190,2883957,0.00112440,83.98000000,1
1531216962219,1531216962213,2883958,0.00112440,65.40000000,1
1531216962276,1531216962272,2883959,0.00112740,1.66000000,0
1531217011647,1531217011643,2883960,0.00112640,68.23000000,0
1531217011656,1531217011653,2883961,0.00112440,38.78000000,1
1531217027923,1531217027919,2883962,0.00112640,60.54000000,0
1531217027935,1531217027932,2883963,0.00112440,48.82000000,1
1531217050102,1531217050099,2883964,0.00112440,1.59000000,0
1531217053254,1531217053248,2883965,0.00112440,6.76000000,0
1531217071161,1531217071158,2883966,0.00112440,55.03000000,1
1531217095138,1531217095135,2883967,0.00112800,1.10000000,0
1531217124501,1531217124498,2883968,0.00112820,0.08000000,0
1531217130308,1531217130302,2883969,0.00112430,0.83000000,1
1531217140608,1531217140601,2883970,0.00112440,5.90000000,1
1531217140608,1531217140601,2883971,0.00112430,2.49000000,1
1531217140608,1531217140601,2883972,0.00112410,1.00000000,1
1531217140608,1531217140601,2883973,0.00112130,1.00000000,1
1531217140608,1531217140601,2883974,0.00112020,6.89000000,1
1531217140608,1531217140601,2883975,0.00112010,150.94000000,1
1531217140608,1531217140601,2883976,0.00112000,51.76000000,1
1531217140608,1531217140601,2883977,0.00111980,0.94000000,1
1531217140608,1531217140601,2883978,0.00111890,13.00000000,1
1531217140608,1531217140601,2883979,0.00111820,3.66000000,1
1531217140608,1531217140601,2883980,0.00111690,1.26000000,1
1531217140608,1531217140601,2883981,0.00111680,90.00000000,1
1531217140608,1531217140601,2883982,0.00111640,59.16000000,1
1531217141314,1531217141310,2883983,0.00112770,0.08000000,0
1531217142593,1531217142590,2883984,0.00112100,0.11000000,1
1531217142697,1531217142694,2883985,0.00112340,5.28000000,0
1531217142782,1531217142778,2883986,0.00112360,7.10000000,0
1531217143322,1531217143318,2883987,0.00112120,0.12000000,1
1531217143779,1531217143776,2883988,0.00112440,8.52000000,0
1531217145738,1531217145734,2883989,0.00112330,3.18000000,0
1531217158393,1531217158390,2883990,0.00112110,8.10000000,1
1531217159989,1531217159985,2883991,0.00112260,159.28000000,0
1531217160007,1531217160002,2883992,0.00112110,73.16000000,1
1531217160289,1531217160285,2883993,0.00112110,8.10000000,0
1531217173336,1531217173331,2883994,0.00112230,3.66000000,0
1531217185217,1531217185214,2883995,0.00112530,1.21000000,0
1531217191333,1531217191329,2883996,0.00112130,80.18000000,1
1531217191342,1531217191338,2883997,0.00112130,11.14000000,1
1531217217850,1531217217846,2883998,0.00112320,1.63000000,0
1531217223305,1531217223300,2883999,0.00112300,10.60000000,0
1531217391169,1531217391166,2884000,0.00112360,50.64000000,0
1531217400151,1531217400145,2884001,0.00112340,23.48000000,0
1531217403337,1531217403333,2884002,0.00112350,0.17000000,0
1531217406356,1531217406353,2884003,0.00112350,0.01000000,0
1531217413362,1531217413358,2884004,0.00112230,12.75000000,0
1531217413379,1531217413375,2884005,0.00112340,11.00000000,0
1531217418919,1531217418914,2884006,0.00112570,2.64000000,0
1531217431745,1531217431739,2884007,0.00112560,88.84000000,0
1531217431765,1531217431761,2884008,0.00112560,46.07000000,0
1531217465042,1531217465038,2884009,0.00112350,132.50000000,0
1531217465054,1531217465049,2884010,0.00112560,3.00000000,0
1531217465069,1531217465064,2884011,0.00112560,60.78000000,0
1531217466427,1531217466423,2884012,0.00112130,0.37000000,1
1531217468589,1531217468585,2884013,0.00112120,0.37000000,1
1531217472770,1531217472765,2884014,0.00112570,1.05000000,0
1531217573190,1531217573185,2884015,0.00112570,3.40000000,0
1531217573190,1531217573185,2884016,0.00112810,2.00000000,0
1531217573190,1531217573185,2884017,0.00113190,1.00000000,0
1531217573190,1531217573185,2884018,0.00113590,4.50000000,0
1531217573190,1531217573185,2884019,0.00113600,13.44000000,0
1531217582078,1531217582074,2884020,0.00112270,0.28000000,1
1531217582982,1531217582979,2884021,0.00112270,0.21000000,1
1531217583645,1531217583641,2884022,0.00112270,0.18000000,1
1531217584055,1531217584051,2884023,0.00112270,0.20000000,1
1531217584608,1531217584604,2884024,0.00112270,0.62000000,1
1531217585068,1531217585064,2884025,0.00112270,0.62000000,1
1531217585645,1531217585640,2884026,0.00112270,0.18000000,1
1531217586081,1531217586078,2884027,0.00112270,0.21000000,1
1531217586637,1531217586632,2884028,0.00112270,0.27000000,1
1531217587129,1531217587124,2884029,0.00112270,0.28000000,1
1531217588246,1531217588241,2884030,0.00112270,0.18000000,1
1531217588898,1531217588894,2884031,0.00112270,0.24000000,1
1531217589369,1531217589365,2884032,0.00112270,0.61000000,1
1531217589849,1531217589844,2884033,0.00112270,1.14000000,1
1531217589915,1531217589910,2884034,0.00112270,2.37000000,1
1531217589915,1531217589910,2884035,0.00112260,50.87000000,1
1531217590559,1531217590555,2884036,0.00112120,0.28000000,1
1531217590877,1531217590873,2884037,0.00112260,2.17000000,0
1531217591142,1531217591137,2884038,0.00112420,0.27000000,1
1531217591652,1531217591647,2884039,0.00112430,0.27000000,1
1531217591934,1531217591929,2884040,0.00112430,0.30000000,1
1531217592499,1531217592493,2884041,0.00112430,0.28000000,1
1531217593073,1531217593070,2884042,0.00112430,0.27000000,1
1531217593590,1531217593586,2884043,0.00112430,0.27000000,1
1531217594062,1531217594058,2884044,0.00112430,0.51000000,1
1531217594394,1531217594388,2884045,0.00112430,1.90000000,1
1531217594565,1531217594560,2884046,0.00112430,0.27000000,1
1531217595174,1531217595171,2884047,0.00112440,0.27000000,1
1531217595727,1531217595724,2884048,0.00112440,0.62000000,1
1531217596130,1531217596124,2884049,0.00112440,0.45000000,1
1531217596876,1531217596872,2884050,0.00112450,0.27000000,1
1531217597382,1531217597377,2884051,0.00112440,0.45000000,1
1531217597882,1531217597877,2884052,0.00112440,0.27000000,1
1531217598640,1531217598636,2884053,0.00112440,0.27000000,1
1531217598669,1531217598664,2884054,0.00112440,0.27000000,1
1531217599064,1531217599061,2884055,0.00112440,0.21000000,1
1531217599627,1531217599622,2884056,0.00112450,0.20000000,1
1531217599736,1531217599731,2884057,0.00112450,5.95000000,1
1531217599736,1531217599731,2884058,0.00112430,1.83000000,1
1531217600323,1531217600319,2884059,0.00112430,5.00000000,1
1531217600446,1531217600442,2884060,0.00112120,0.47000000,1
1531217611191,1531217611186,2884061,0.00112080,11.12000000,1
1531217611212,1531217611208,2884062,0.00112080,8.44000000,0
1531217611224,1531217611220,2884063,0.00112080,0.01000000,0
1531217614881,1531217614877,2884064,0.00112090,0.01000000,1
1531217625837,1531217625833,2884065,0.00112460,1.90000000,0
1531217625837,1531217625833,2884066,0.00112470,6.98000000,0
1531217650168,1531217650163,2884067,0.00112470,0.12000000,1
1531217650644,1531217650638,2884068,0.00112470,1.47000000,1
1531217653848,1531217653842,2884069,0.00112430,2.00000000,0
1531217653848,1531217653842,2884070,0.00112680,3.43000000,0
1531217654710,1531217654705,2884071,0.00111870,0.12000000,1
1531217659175,1531217659171,2884072,0.00112340,1.63000000,0
1531217667313,1531217667307,2884073,0.00112110,3.51000000,0
1531217685561,1531217685555,2884074,0.00112140,50.91000000,0
1531217687566,1531217687561,2884075,0.00112200,2.00000000,0
1531217689559,1531217689555,2884076,0.00112270,7.11000000,0
1531217695309,1531217695304,2884077,0.00112260,1.18000000,0
1531217703975,1531217703971,2884078,0.00112090,4.27000000,1
1531217755234,1531217755230,2884079,0.00112600,0.51000000,0
1531217757259,1531217757255,2884080,0.00112590,25.00000000,0
1531217775302,1531217775299,2884081,0.00112600,0.41000000,0
1531217824487,1531217824482,2884082,0.00112160,62.53000000,1
1531217903481,1531217903475,2884083,0.00112600,3.96000000,0
1531217903481,1531217903475,2884084,0.00112610,7.08000000,0
1531217903481,1531217903475,2884085,0.00112830,2.72000000,0
1531217903481,1531217903475,2884086,0.00112840,2.44000000,0
1531217903481,1531217903475,2884087,0.00113540,2.10000000,0
1531217903481,1531217903475,2884088,0.00113880,1.45000000,0
1531217903481,1531217903475,2884089,0.00114540,20.26000000,0
1531217903481,1531217903475,2884090,0.00114550,5.30000000,0
1531217903481,1531217903475,2884091,0.00114870,4.40000000,0
1531217903507,1531217903503,2884092,0.00115000,40.61000000,1
1531217903508,1531217903503,2884093,0.00115000,0.01000000,1
1531217903509,1531217903505,2884094,0.00114000,36.22000000,1
1531217903521,1531217903517,2884095,0.00114000,40.62000000,1
1531217903780,1531217903776,2884096,0.00114000,104.46000000,1
1531217904049,1531217904045,2884097,0.00113540,5.22000000,0
1531217904870,1531217904863,2884098,0.00113050,3.20000000,1
1531217930622,1531217930619,2884099,0.00113010,31.76000000,0
1531217934315,1531217934310,2884100,0.00113000,5.17000000,1
1531217940974,1531217940969,2884101,0.00112770,5.22000000,0
1531217940974,1531217940969,2884102,0.00112890,7.07000000,0
1531217941465,1531217941459,2884103,0.00113010,7.63000000,1
1531217942331,1531217942327,2884104,0.00113000,430.27000000,1
1531217944203,1531217944199,2884105,0.00112800,0.80000000,1
1531217944286,1531217944281,2884106,0.00112800,6.27000000,1
1531217992330,1531217992326,2884107,0.00112630,2.00000000,1
1531217994416,1531217994412,2884108,0.00112650,6.00000000,1
1531218029412,1531218029407,2884109,0.00113040,7.63000000,0
1531218029412,1531218029407,2884110,0.00113060,3.14000000,0
1531218032426,1531218032421,2884111,0.00113070,0.02000000,0
1531218071168,1531218071163,2884112,0.00113080,0.15000000,0
1531218072623,1531218072620,2884113,0.00112690,1.78000000,1
1531218072639,1531218072634,2884114,0.00112690,1.78000000,1
1531218072675,1531218072671,2884115,0.00112690,1.78000000,1
1531218072691,1531218072687,2884116,0.00112690,0.33000000,1
1531218072691,1531218072687,2884117,0.00112660,2.31000000,1
1531218120687,1531218120683,2884118,0.00112980,91.68000000,0
1531218160420,1531218160416,2884119,0.00113070,5.67000000,0
1531218160420,1531218160416,2884120,0.00113080,6.90000000,0
1531218166794,1531218166790,2884121,0.00112970,2.00000000,0
1531218171309,1531218171305,2884122,0.00113070,7.06000000,0
1531218180826,1531218180822,2884123,0.00113390,145.08000000,0
1531218180845,1531218180841,2884124,0.00113720,96.50000000,0
1531218180865,1531218180861,2884125,0.00113720,60.96000000,0
1531218190339,1531218190334,2884126,0.00113050,5.77000000,1
1531218190339,1531218190334,2884127,0.00113040,7.06000000,1
1531218197772,1531218197767,2884128,0.00112810,2.00000000,1
1531218199939,1531218199935,2884129,0.00112810,2.00000000,1
1531218207884,1531218207873,2884130,0.00112810,3.07000000,1
1531218233730,1531218233726,2884131,0.00113260,0.03000000,0
1531218233824,1531218233820,2884132,0.00113260,0.89000000,0
1531218233919,1531218233913,2884133,0.00113260,0.89000000,0
1531218234165,1531218234161,2884134,0.00113230,0.89000000,0
1531218299350,1531218299344,2884135,0.00113000,132.13000000,0
1531218299361,1531218299358,2884136,0.00112800,52.03000000,1
1531218327648,1531218327643,2884137,0.00112810,80.31000000,1
1531218327668,1531218327664,2884138,0.00112810,39.35000000,1
1531218359863,1531218359859,2884139,0.00112830,25.23000000,1
1531218359876,1531218359871,2884140,0.00112830,20.10000000,1
1531218447975,1531218447971,2884141,0.00113130,0.16000000,0
1531218451387,1531218451383,2884142,0.00112860,45.85000000,1
1531218451406,1531218451402,2884143,0.00112860,44.92000000,1
1531218464627,1531218464623,2884144,0.00113120,0.04000000,0
1531218512196,1531218512191,2884145,0.00112860,92.62000000,1
1531218555776,1531218555772,2884146,0.00113090,4.72000000,0
1531218572322,1531218572318,2884147,0.00112940,10.84000000,1
1531218572338,1531218572332,2884148,0.00112940,22.92000000,1
1531218572356,1531218572352,2884149,0.00112940,0.01000000,1
1531218572356,1531218572352,2884150,0.00112930,6.43000000,1
1531218572356,1531218572352,2884151,0.00112910,3.56000000,1
1531218583982,1531218583977,2884152,0.00112920,83.84000000,1
1531218584001,1531218583996,2884153,0.00112920,32.10000000,1
1531218604360,1531218604356,2884154,0.00113070,18.28000000,0
1531218604369,1531218604364,2884155,0.00112920,11.73000000,1
1531218613711,1531218613706,2884156,0.00113220,2.00000000,0
1531218614006,1531218614001,2884157,0.00113220,6.78000000,1
1531218626959,1531218626954,2884158,0.00113010,80.84000000,1
1531218660712,1531218660708,2884159,0.00113100,181.56000000,0
1531218660719,1531218660715,2884160,0.00113210,97.81000000,0
1531218660732,1531218660727,2884161,0.00113210,93.59000000,0
1531218683184,1531218683179,2884162,0.00113100,86.66000000,0
1531218683191,1531218683187,2884163,0.00113210,5.62000000,0
1531218683210,1531218683206,2884164,0.00113210,69.90000000,0
1531218684510,1531218684505,2884165,0.00113230,8.19000000,0
1531218697234,1531218697228,2884166,0.00113260,0.05000000,0
1531218720598,1531218720592,2884167,0.00113230,84.02000000,0
1531218720614,1531218720610,2884168,0.00113250,53.85000000,0
1531218721432,1531218721428,2884169,0.00113260,8.81000000,0
1531218727441,1531218727435,2884170,0.00113250,23.38000000,1
1531218727441,1531218727435,2884171,0.00113210,1.00000000,1
1531218727441,1531218727435,2884172,0.00113010,7.06000000,1
1531218727441,1531218727435,2884173,0.00112900,100.00000000,1
1531218727441,1531218727435,2884174,0.00112830,31.89000000,1
1531218779978,1531218779972,2884175,0.00113450,94.43000000,0
1531218783984,1531218783979,2884176,0.00112900,0.39000000,1
1531218786148,1531218786144,2884177,0.00112900,0.39000000,1
1531218823984,1531218823980,2884178,0.00112930,0.03000000,1
1531218825527,1531218825523,2884179,0.00112930,0.03000000,1
1531218840784,1531218840780,2884180,0.00113190,89.48000000,0
1531218840791,1531218840786,2884181,0.00113450,83.84000000,0
1531218840801,1531218840796,2884182,0.00113450,77.15000000,0
1531218869989,1531218869984,2884183,0.00112990,13.12000000,1
1531218869989,1531218869984,2884184,0.00112960,15.05000000,1
1531218900140,1531218900136,2884185,0.00112970,0.89000000,1
1531218910825,1531218910821,2884186,0.00113210,76.63000000,0
1531218910841,1531218910837,2884187,0.00112970,63.85000000,1
1531218932155,1531218932149,2884188,0.00113200,10.55000000,0
1531218932173,1531218932169,2884189,0.00112970,3.77000000,1
1531218944838,1531218944832,2884190,0.00112970,29.37000000,1
1531218944858,1531218944854,2884191,0.00112970,81.50000000,1
1531218959157,1531218959146,2884192,0.00112960,13.89000000,1
1531218959157,1531218959146,2884193,0.00112830,22.33000000,1
1531218959157,1531218959146,2884194,0.00112700,2.00000000,1
1531218959157,1531218959146,2884195,0.00112690,9.09000000,1
1531218959157,1531218959146,2884196,0.00112540,24.04000000,1
1531218959158,1531218959146,2884197,0.00112320,1.69000000,1
1531218959158,1531218959146,2884198,0.00112310,10.84000000,1
1531218959158,1531218959146,2884199,0.00112290,1.06000000,1
1531218959158,1531218959146,2884200,0.00112220,7.11000000,1
1531218959158,1531218959146,2884201,0.00112210,7.29000000,1
1531218959158,1531218959146,2884202,0.00112190,2.84000000,1
1531218959158,1531218959146,2884203,0.00112090,3.94000000,1
1531218959158,1531218959146,2884204,0.00112080,0.90000000,1
1531218959158,1531218959146,2884205,0.00112070,120.63000000,1
1531218959158,1531218959146,2884206,0.00111970,8.54000000,1
1531218959158,1531218959146,2884207,0.00111940,1.65000000,1
1531218959158,1531218959146,2884208,0.00111910,2.14000000,1
1531218959158,1531218959146,2884209,0.00111870,2.00000000,1
1531218959158,1531218959146,2884210,0.00111850,5.17000000,1
1531218959158,1531218959146,2884211,0.00111820,5.17000000,1
1531218959158,1531218959146,2884212,0.00111760,5.89000000,1
1531218959158,1531218959146,2884213,0.00111740,4.69000000,1
1531218959158,1531218959146,2884214,0.00111700,5.09000000,1
1531218959158,1531218959146,2884215,0.00111640,1.00000000,1
1531218959158,1531218959146,2884216,0.00111600,41.11000000,1
1531218959919,1531218959915,2884217,0.00112740,5.17000000,0
1531218959919,1531218959915,2884218,0.00112770,1.69000000,0
1531218960020,1531218960014,2884219,0.00112970,1.06000000,1
1531218960036,1531218960031,2884220,0.00112970,5.17000000,1
1531218960698,1531218960694,2884221,0.00113030,5.35000000,0
1531218961601,1531218961595,2884222,0.00112970,1.32000000,1
1531218962986,1531218962981,2884223,0.00112970,5.91000000,1
1531218965783,1531218965778,2884224,0.00112980,17.13000000,0
1531218976583,1531218976577,2884225,0.00113060,1.78000000,0
1531218976621,1531218976616,2884226,0.00113060,1.78000000,0
1531218976660,1531218976657,2884227,0.00113060,2.66000000,0
1531218976660,1531218976657,2884228,0.00113060,1.78000000,0
1531218979625,1531218979620,2884229,0.00113040,2.69000000,0
1531218983632,1531218983628,2884230,0.00113040,107.98000000,0
1531218984074,1531218984070,2884231,0.00112970,1.87000000,1
1531218985732,1531218985727,2884232,0.00113050,2.69000000,0
1531218988541,1531218988536,2884233,0.00113070,1.96000000,0
1531218989597,1531218989592,2884234,0.00113080,14.40000000,0
1531218990644,1531218990640,2884235,0.00113090,4.98000000,0
1531218992196,1531218992194,2884236,0.00112980,81.37000000,1
1531218992210,1531218992204,2884237,0.00112980,36.03000000,1
1531218992282,1531218992276,2884238,0.00113180,10.84000000,0
1531218993682,1531218993676,2884239,0.00113190,2.23000000,0
1531218995529,1531218995525,2884240,0.00113200,0.90000000,0
1531218997557,1531218997552,2884241,0.00113230,7.05000000,0
1531219000700,1531219000695,2884242,0.00113330,24.04000000,0
1531219002538,1531219002534,2884243,0.00113410,1.00000000,0
1531219003464,1531219003456,2884244,0.00113420,3.66000000,0
1531219005528,1531219005523,2884245,0.00113320,1.81000000,0
1531219046545,1531219046541,2884246,0.00113590,2.00000000,0
1531219046681,1531219046678,2884247,0.00113600,2.00000000,0
1531219047627,1531219047621,2884248,0.00113590,4.00000000,0
1531219047691,1531219047686,2884249,0.00113600,1.78000000,0
1531219047717,1531219047712,2884250,0.00113600,2.22000000,0
1531219049949,1531219049943,2884251,0.00113600,1.02000000,0
1531219126933,1531219126929,2884252,0.00113540,141.67000000,0
1531219126940,1531219126935,2884253,0.00113720,15.58000000,0
1531219126956,1531219126950,2884254,0.00113720,56.67000000,0
1531219160733,1531219160728,2884255,0.00113370,5.79000000,1
1531219161940,1531219161935,2884256,0.00113370,2.98000000,0
1531219185255,1531219185250,2884257,0.00113700,0.01000000,0
1531219185501,1531219185495,2884258,0.00113700,7.78000000,0
1531219189716,1531219189712,2884259,0.00113710,2.00000000,0
1531219189873,1531219189868,2884260,0.00113720,2.00000000,0
1531219191465,1531219191460,2884261,0.00113710,2.00000000,0
1531219191597,1531219191592,2884262,0.00113720,2.00000000,0
1531219215339,1531219215334,2884263,0.00113390,1.65000000,1
1531219218260,1531219218255,2884264,0.00113690,0.25000000,0
1531219218403,1531219218399,2884265,0.00113690,0.89000000,0
1531219218650,1531219218645,2884266,0.00113690,0.89000000,0
1531219218727,1531219218723,2884267,0.00113690,0.89000000,0
1531219218896,1531219218893,2884268,0.00113680,0.89000000,0
1531219220122,1531219220116,2884269,0.00113300,0.76000000,1
1531219221276,1531219221271,2884270,0.00113710,0.01000000,0
1531219247483,1531219247480,2884271,0.00113710,5.39000000,0
1531219247741,1531219247737,2884272,0.00113680,1.76000000,0
1531219247766,1531219247761,2884273,0.00113680,0.24000000,0
1531219247766,1531219247761,2884274,0.00113710,2.00000000,0
1531219247996,1531219247990,2884275,0.00113710,1.39000000,0
1531219247996,1531219247990,2884276,0.00113720,0.61000000,0
1531219248256,1531219248251,2884277,0.00113720,1.39000000,0
1531219249476,1531219249470,2884278,0.00113710,2.00000000,0
1531219249556,1531219249551,2884279,0.00113720,1.02000000,0
1531219249556,1531219249551,2884280,0.00113730,0.98000000,0
1531219250562,1531219250557,2884281,0.00113730,2.22000000,0
1531219264308,1531219264304,2884282,0.00113530,81.68000000,1
1531219264324,1531219264318,2884283,0.00113530,70.70000000,1
1531219309770,1531219309765,2884284,0.00113990,8.00000000,0
1531219309770,1531219309765,2884285,0.00114000,5.56000000,0
1531219309865,1531219309860,2884286,0.00114000,1.76000000,0
1531219309887,1531219309881,2884287,0.00114000,0.24000000,0
1531219309887,1531219309881,2884288,0.00114210,0.94000000,0
1531219309887,1531219309881,2884289,0.00114230,0.58000000,0
1531219309927,1531219309922,2884290,0.00114230,1.76000000,0
1531219309946,1531219309942,2884291,0.00114230,2.09000000,0
1531219309946,1531219309942,2884292,0.00114530,0.63000000,0
1531219321900,1531219321895,2884293,0.00114510,0.02000000,0
1531219322358,1531219322354,2884294,0.00114510,0.88000000,0
1531219322879,1531219322873,2884295,0.00114510,0.88000000,0
1531219323110,1531219323104,2884296,0.00114510,0.22000000,0
1531219323110,1531219323104,2884297,0.00114520,0.66000000,0
1531219327175,1531219327169,2884298,0.00114510,8.64000000,0
1531219327175,1531219327169,2884299,0.00114520,4.50000000,0
1531219327175,1531219327169,2884300,0.00114530,3.25000000,0
1531219327379,1531219327374,2884301,0.00114540,1.76000000,0
1531219327399,1531219327394,2884302,0.00114540,1.76000000,0
1531219327427,1531219327423,2884303,0.00114540,1.76000000,0
1531219327459,1531219327456,2884304,0.00114540,2.72000000,0
1531219334537,1531219334533,2884305,0.00114020,0.36000000,1
1531219368340,1531219368335,2884306,0.00114500,5.74000000,1
1531219384571,1531219384567,2884307,0.00114500,46.25000000,0
1531219438122,1531219438118,2884308,0.00114500,4.45000000,0
1531219439176,1531219439170,2884309,0.00114300,12.12000000,0
1531219439195,1531219439190,2884310,0.00114500,4.21000000,0
1531219439234,1531219439229,2884311,0.00114500,4.45000000,1
1531219459749,1531219459743,2884312,0.00114500,1.07000000,0
1531219459749,1531219459743,2884313,0.00114510,1.07000000,0
1531219459749,1531219459743,2884314,0.00115000,11.66000000,0
1531219471556,1531219471551,2884315,0.00114150,7.54000000,1
1531219471571,1531219471565,2884316,0.00114570,112.72000000,0
1531219471580,1531219471575,2884317,0.00114990,75.15000000,0
1531219471759,1531219471754,2884318,0.00114330,5.41000000,1
1531219471768,1531219471763,2884319,0.00114330,5.40000000,1
1531219471817,1531219471813,2884320,0.00114330,2.21000000,0
1531219472173,1531219472168,2884321,0.00114330,3.21000000,0
1531219472189,1531219472185,2884322,0.00114340,2.31000000,1
1531219473340,1531219473337,2884323,0.00114110,46.88000000,1
1531219532447,1531219532442,2884324,0.00114200,46.15000000,0
1531219532464,1531219532458,2884325,0.00114050,38.46000000,1
1531219542510,1531219542506,2884326,0.00114040,1.07000000,1
1531219568822,1531219568817,2884327,0.00113510,4.41000000,1
1531219568822,1531219568817,2884328,0.00113500,19.06000000,1
1531219568822,1531219568817,2884329,0.00113300,2.00000000,1
1531219568822,1531219568817,2884330,0.00113290,2.00000000,1
1531219568822,1531219568817,2884331,0.00113110,3.92000000,1
1531219568822,1531219568817,2884332,0.00113100,18.61000000,1
1531219572725,1531219572721,2884333,0.00113100,5.40000000,1
1531219574902,1531219574896,2884334,0.00113100,5.41000000,1
1531219588495,1531219588492,2884335,0.00113170,46.79000000,0
1531219589647,1531219589644,2884336,0.00113180,3.00000000,0
1531219597280,1531219597276,2884337,0.00113490,52.10000000,1
1531219597303,1531219597298,2884338,0.00113490,55.53000000,1
1531219616657,1531219616655,2884339,0.00113480,0.03000000,1
1531219759728,1531219759724,2884340,0.00113250,30.46000000,1
1531219759751,1531219759746,2884341,0.00113250,9.43000000,1
1531219794282,1531219794277,2884342,0.00113250,2.84000000,1
1531219800556,1531219800550,2884343,0.00113260,88.45000000,1
1531219824704,1531219824700,2884344,0.00113710,0.02000000,0
1531219865190,1531219865185,2884345,0.00113540,5.52000000,0
1531219880989,1531219880984,2884346,0.00113540,4.48000000,1
1531219914944,1531219914940,2884347,0.00113260,71.29000000,1
1531219914962,1531219914957,2884348,0.00113260,89.81000000,1
1531219923082,1531219923078,2884349,0.00113250,5.17000000,1
1531219951599,1531219951592,2884350,0.00113300,12.92000000,0
1531219965021,1531219965016,2884351,0.00113390,96.09000000,0
1531219965034,1531219965029,2884352,0.00113530,68.65000000,0
1531219965261,1531219965257,2884353,0.00113530,2.00000000,0
1531219966607,1531219966602,2884354,0.00113540,16.52000000,0
1531219984578,1531219984574,2884355,0.00113710,3.82000000,0
1531219991015,1531219991009,2884356,0.00113620,48.54000000,1
1531219991015,1531219991009,2884357,0.00113610,13.24000000,1
1531219991064,1531219991059,2884358,0.00113600,7.55000000,0
1531219991439,1531219991437,2884359,0.00113600,11.25000000,0
1531220009723,1531220009717,2884360,0.00113590,0.07000000,1
1531220043841,1531220043836,2884361,0.00113920,3.21000000,0
1531220046180,1531220046176,2884362,0.00113740,106.76000000,0
1531220046200,1531220046194,2884363,0.00113600,78.50000000,1
1531220050046,1531220050042,2884364,0.00113860,8.10000000,0
1531220050046,1531220050042,2884365,0.00113870,16.98000000,0
1531220050046,1531220050042,2884366,0.00113890,24.92000000,0
1531220050339,1531220050335,2884367,0.00113890,1.76000000,0
1531220050353,1531220050349,2884368,0.00113890,1.76000000,0
1531220050378,1531220050374,2884369,0.00113890,1.76000000,0
1531220050411,1531220050406,2884370,0.00113890,2.72000000,0
1531220051806,1531220051800,2884371,0.00113870,6.00000000,0
1531220051806,1531220051800,2884372,0.00113880,9.51000000,0
1531220051886,1531220051881,2884373,0.00113900,4.09000000,1
1531220052085,1531220052081,2884374,0.00113930,1.76000000,0
1531220052135,1531220052130,2884375,0.00113930,0.24000000,0
1531220052135,1531220052130,2884376,0.00114100,1.52000000,0
1531220052151,1531220052146,2884377,0.00114100,1.76000000,0
1531220052176,1531220052172,2884378,0.00114100,0.60000000,0
1531220052176,1531220052172,2884379,0.00114720,2.12000000,0
1531220076245,1531220076241,2884380,0.00113930,3.46000000,1
1531220088569,1531220088564,2884381,0.00114180,2.84000000,1
1531220088569,1531220088564,2884382,0.00114100,0.62000000,1
1531220089924,1531220089919,2884383,0.00114200,6.13000000,1
1531220188230,1531220188227,2884384,0.00114110,1.35000000,1
1531220192837,1531220192833,2884385,0.00114190,37.68000000,0
1531220192849,1531220192844,2884386,0.00114110,10.18000000,1
1531220192860,1531220192858,2884387,0.00114110,32.30000000,1
1531220193666,1531220193662,2884388,0.00114100,6.37000000,1
1531220219170,1531220219166,2884389,0.00113890,18.19000000,1
1531220252543,1531220252539,2884390,0.00113890,68.79000000,1
1531220252557,1531220252551,2884391,0.00113890,50.10000000,1
1531220268165,1531220268160,2884392,0.00113890,87.20000000,1
1531220269454,1531220269450,2884393,0.00113880,2.84000000,1
1531220269542,1531220269537,2884394,0.00113880,4.17000000,1
1531220298623,1531220298618,2884395,0.00113790,1.78000000,1
1531220304213,1531220304208,2884396,0.00113700,39.09000000,0
1531220304225,1531220304220,2884397,0.00113610,31.53000000,1
1531220305528,1531220305523,2884398,0.00113600,52.00000000,1
1531220306530,1531220306526,2884399,0.00113530,3.89000000,1
1531220309011,1531220309005,2884400,0.00113520,7.03000000,1
1531220310565,1531220310560,2884401,0.00113740,7.01000000,0
1531220310565,1531220310560,2884402,0.00113770,6.13000000,0
1531220310565,1531220310560,2884403,0.00113800,68.86000000,0
1531220425196,1531220425191,2884404,0.00113830,7.38000000,0
1531220434567,1531220434563,2884405,0.00113830,4.38000000,1
1531220442368,1531220442362,2884406,0.00113860,5.03000000,0
1531220442368,1531220442362,2884407,0.00113870,3.75000000,0
1531220442519,1531220442515,2884408,0.00113870,66.59000000,0
1531220442546,1531220442543,2884409,0.00113870,58.53000000,0
1531220460534,1531220460529,2884410,0.00113880,19.51000000,1
1531220460550,1531220460544,2884411,0.00113870,3.75000000,1
1531220492465,1531220492461,2884412,0.00113860,73.95000000,0
1531220492481,1531220492475,2884413,0.00113860,38.46000000,0
1531220515952,1531220515948,2884414,0.00113860,38.22000000,0
1531220515966,1531220515961,2884415,0.00114080,13.16000000,0
1531220594257,1531220594252,2884416,0.00113680,0.06000000,1
1531220595914,1531220595911,2884417,0.00113630,0.06000000,1
1531220603143,1531220603139,2884418,0.00114080,47.03000000,0
1531220619904,1531220619900,2884419,0.00114070,10.73000000,0
1531220731416,1531220731412,2884420,0.00113990,9.56000000,0
1531220757058,1531220757054,2884421,0.00113640,0.15000000,1
1531220759227,1531220759221,2884422,0.00113630,0.15000000,1
1531220759955,1531220759950,2884423,0.00114080,22.03000000,0
1531220765052,1531220765046,2884424,0.00114070,50.93000000,0
1531220765052,1531220765046,2884425,0.00114080,85.74000000,0
1531220819201,1531220819196,2884426,0.00114070,63.64000000,0
1531220819223,1531220819219,2884427,0.00114070,11.00000000,0
1531220890682,1531220890677,2884428,0.00113640,3.00000000,1
1531220911360,1531220911356,2884429,0.00113640,4.54000000,1
1531220934534,1531220934529,2884430,0.00113850,49.68000000,0
1531220934545,1531220934541,2884431,0.00113640,98.37000000,1
1531220934560,1531220934556,2884432,0.00113640,18.82000000,1
1531221031669,1531221031665,2884433,0.00113790,11.60000000,0
1531221031681,1531221031677,2884434,0.00113640,6.66000000,1
1531221038810,1531221038805,2884435,0.00113790,139.29000000,0
1531221038827,1531221038821,2884436,0.00113640,44.50000000,1
1531221038852,1531221038847,2884437,0.00113640,94.12000000,1
1531221059758,1531221059753,2884438,0.00113640,99.84000000,1
1531221092855,1531221092851,2884439,0.00113860,39.52000000,0
1531221092874,1531221092868,2884440,0.00113640,39.67000000,1
1531221092885,1531221092880,2884441,0.00113640,24.39000000,1
1531221100876,1531221100872,2884442,0.00113860,189.81000000,0
1531221100888,1531221100883,2884443,0.00113640,53.25000000,1
1531221100907,1531221100903,2884444,0.00113640,71.34000000,1
1531221152724,1531221152718,2884445,0.00113850,151.29000000,0
1531221152743,1531221152737,2884446,0.00113640,88.68000000,1
1531221152759,1531221152756,2884447,0.00113640,63.03000000,1
1531221184171,1531221184166,2884448,0.00113840,138.00000000,0
1531221184186,1531221184180,2884449,0.00113640,56.57000000,1
1531221184532,1531221184526,2884450,0.00114040,2.66000000,0
1531221187462,1531221187458,2884451,0.00114040,0.34000000,0
1531221187462,1531221187458,2884452,0.00114050,1.85000000,0
1531221211646,1531221211642,2884453,0.00113680,5.63000000,1
1531221211646,1531221211642,2884454,0.00113640,6.70000000,1
1531221271585,1531221271580,2884455,0.00113840,69.90000000,0
1531221271595,1531221271591,2884456,0.00113650,44.82000000,1
1531221346699,1531221346697,2884457,0.00113790,69.59000000,0
1531221346721,1531221346717,2884458,0.00113650,72.70000000,1
1531221346749,1531221346744,2884459,0.00113650,28.76000000,1
1531221365131,1531221365126,2884460,0.00113650,22.92000000,1
1531221369767,1531221369763,2884461,0.00113790,85.89000000,0
1531221369781,1531221369777,2884462,0.00113650,31.80000000,1
1531221369803,1531221369798,2884463,0.00113650,85.90000000,1
1531221383125,1531221383120,2884464,0.00113640,0.14000000,1
1531221420034,1531221420029,2884465,0.00113860,40.55000000,0
1531221420053,1531221420047,2884466,0.00113650,90.95000000,1
1531221420073,1531221420068,2884467,0.00113650,32.17000000,1
1531221427787,1531221427782,2884468,0.00113650,28.60000000,1
1531221427806,1531221427804,2884469,0.00113650,30.21000000,1
1531221452386,1531221452381,2884470,0.00113860,92.54000000,0
1531221452396,1531221452391,2884471,0.00113650,96.65000000,1
1531221452413,1531221452409,2884472,0.00113650,33.53000000,1
1531221458734,1531221458730,2884473,0.00113870,227.77000000,0
1531221458749,1531221458744,2884474,0.00113660,75.26000000,1
1531221458775,1531221458769,2884475,0.00113660,94.12000000,1
1531221479700,1531221479697,2884476,0.00113650,29.37000000,1
1531221479718,1531221479713,2884477,0.00113650,48.82000000,1
1531221511351,1531221511345,2884478,0.00113840,180.28000000,0
1531221511367,1531221511362,2884479,0.00113650,44.46000000,1
1531221511383,1531221511379,2884480,0.00113650,79.76000000,1
1531221540652,1531221540648,2884481,0.00113860,243.96000000,0
1531221540660,1531221540655,2884482,0.00113700,96.04000000,1
1531221552877,1531221552872,2884483,0.00114020,1.39000000,0
1531221571163,1531221571158,2884484,0.00113700,81.51000000,1
1531221576438,1531221576434,2884485,0.00113690,5.07000000,1
1531221577878,1531221577873,2884486,0.00113990,0.60000000,0
1531221632348,1531221632342,2884487,0.00113890,43.38000000,0
1531221632362,1531221632357,2884488,0.00113700,34.53000000,1
1531221632377,1531221632373,2884489,0.00113700,21.48000000,1
1531221659632,1531221659627,2884490,0.00113950,115.90000000,0
1531221659646,1531221659642,2884491,0.00113830,79.40000000,1
1531221719722,1531221719719,2884492,0.00114020,4.24000000,0
1531221751810,1531221751804,2884493,0.00114090,6.99000000,0
1531221812261,1531221812257,2884494,0.00114260,19.29000000,0
1531221812278,1531221812274,2884495,0.00114110,47.85000000,1
1531221812293,1531221812288,2884496,0.00114110,8.67000000,1
1531221817217,1531221817212,2884497,0.00114030,0.03000000,1
1531221840161,1531221840156,2884498,0.00114250,91.01000000,0
1531221840180,1531221840175,2884499,0.00114250,40.89000000,0
1531221870000,1531221869995,2884500,0.00114100,1.00000000,1
1531221872404,1531221872398,2884501,0.00114100,70.65000000,1
1531221872425,1531221872420,2884502,0.00114100,23.60000000,1
1531221896185,1531221896181,2884503,0.00113850,84.93000000,1
1531221896203,1531221896199,2884504,0.00113850,23.76000000,1
1531221896219,1531221896215,2884505,0.00114100,1.00000000,0
1531221898002,1531221898001,2884506,0.00114100,1.00000000,1
1531221904455,1531221904451,2884507,0.00114410,34.14000000,0
1531221904469,1531221904464,2884508,0.00114410,13.43000000,0
1531221904490,1531221904486,2884509,0.00114100,22.60000000,1
1531221904630,1531221904626,2884510,0.00114100,2.00000000,0
1531221932304,1531221932298,2884511,0.00114180,32.66000000,0
1531221932315,1531221932311,2884512,0.00114050,46.96000000,1
1531221932324,1531221932320,2884513,0.00114050,15.41000000,1
1531221992132,1531221992127,2884514,0.00114090,33.21000000,1
1531222001268,1531222001264,2884515,0.00114090,18.28000000,1
1531222001291,1531222001285,2884516,0.00114090,98.90000000,1
1531222032157,1531222032153,2884517,0.00113860,0.06000000,1
1531222051631,1531222051626,2884518,0.00113970,99.14000000,0
1531222051643,1531222051639,2884519,0.00114080,65.18000000,0
1531222051665,1531222051660,2884520,0.00114080,35.39000000,0
1531222052671,1531222052664,2884521,0.00113960,2.00000000,0
1531222079128,1531222079125,2884522,0.00114080,27.87000000,0
1531222080772,1531222080767,2884523,0.00114090,49.66000000,0
1531222086711,1531222086707,2884524,0.00113840,0.23000000,1
1531222112023,1531222112018,2884525,0.00114180,63.92000000,0
1531222140502,1531222140496,2884526,0.00113880,41.85000000,1
1531222171883,1531222171879,2884527,0.00114050,261.10000000,0
1531222171895,1531222171891,2884528,0.00113940,93.25000000,1
1531222199118,1531222199115,2884529,0.00114030,247.42000000,0
1531222199135,1531222199130,2884530,0.00114140,85.31000000,0
1531222224585,1531222224581,2884531,0.00113930,0.05000000,1
1531222224912,1531222224908,2884532,0.00113930,7.95000000,1
1531222225411,1531222225407,2884533,0.00113920,2.00000000,1
1531222232450,1531222232446,2884534,0.00113850,44.96000000,1
1531222259633,1531222259628,2884535,0.00113850,80.04000000,1
1531222291930,1531222291927,2884536,0.00113880,41.30000000,0
1531222291940,1531222291936,2884537,0.00113920,49.50000000,0
1531222291958,1531222291953,2884538,0.00113920,17.96000000,0
1531222305231,1531222305228,2884539,0.00113860,95.73000000,1
1531222317062,1531222317058,2884540,0.00114180,1.75000000,0
1531222351297,1531222351293,2884541,0.00114020,203.06000000,0
1531222351311,1531222351306,2884542,0.00113870,53.25000000,1
1531222351331,1531222351328,2884543,0.00113870,87.54000000,1
1531222389858,1531222389854,2884544,0.00113850,3.65000000,1
1531222391009,1531222391006,2884545,0.00114150,2.00000000,0
1531222392653,1531222392649,2884546,0.00113850,0.10000000,1
1531222472586,1531222472580,2884547,0.00113860,85.59000000,1
1531222472605,1531222472599,2884548,0.00113860,13.41000000,1
1531222498761,1531222498757,2884549,0.00113840,0.77000000,1
1531222498761,1531222498757,2884550,0.00113780,5.03000000,1
1531222499869,1531222499866,2884551,0.00113770,1.76000000,1
1531222499909,1531222499905,2884552,0.00113770,1.76000000,1
1531222499925,1531222499920,2884553,0.00113770,2.48000000,1
1531222504236,1531222504233,2884554,0.00113830,75.01000000,0
1531222518258,1531222518255,2884555,0.00113800,105.81000000,0
1531222518272,1531222518269,2884556,0.00113830,90.01000000,0
1531222518297,1531222518292,2884557,0.00113830,51.85000000,0
1531222532780,1531222532775,2884558,0.00113790,56.21000000,1
1531222532805,1531222532800,2884559,0.00113790,28.12000000,1
1531222559970,1531222559966,2884560,0.00113830,48.21000000,0
1531222578871,1531222578867,2884561,0.00113790,22.75000000,1
1531222592782,1531222592778,2884562,0.00113890,8.72000000,0
1531222592796,1531222592793,2884563,0.00114020,8.40000000,0
1531222605517,1531222605513,2884564,0.00113770,11.33000000,1
1531222605655,1531222605651,2884565,0.00113770,0.06000000,1
1531222605655,1531222605651,2884566,0.00113720,1.72000000,1
1531222606928,1531222606924,2884567,0.00113720,58.28000000,1
1531222607698,1531222607694,2884568,0.00113700,500.00000000,1
1531222609765,1531222609760,2884569,0.00113640,43.16000000,1
1531222610834,1531222610829,2884570,0.00113730,1.85000000,1
1531222612693,1531222612688,2884571,0.00113730,44.39000000,1
1531222613373,1531222613370,2884572,0.00113880,26.48000000,0
1531222613391,1531222613387,2884573,0.00113880,25.01000000,0
1531222614715,1531222614712,2884574,0.00113630,1.85000000,1
1531222616698,1531222616695,2884575,0.00113570,7.02000000,1
1531222636841,1531222636836,2884576,0.00113590,5.66000000,1
1531222639714,1531222639711,2884577,0.00113380,5.62000000,1
1531222641959,1531222641955,2884578,0.00113330,2.00000000,1
1531222642721,1531222642718,2884579,0.00113320,7.04000000,1
1531222649806,1531222649802,2884580,0.00113260,57.07000000,1
1531222651188,1531222651184,2884581,0.00113250,2.00000000,1
1531222672847,1531222672842,2884582,0.00113140,13.05000000,1
1531222672847,1531222672842,2884583,0.00113100,70.58000000,1
1531222672847,1531222672842,2884584,0.00113020,10.77000000,1
1531222672847,1531222672842,2884585,0.00113000,1.00000000,1
1531222672847,1531222672842,2884586,0.00112970,4.60000000,1
1531222678811,1531222678806,2884587,0.00112980,4.65000000,1
1531222686806,1531222686802,2884588,0.00112970,1.00000000,1
1531222688809,1531222688804,2884589,0.00112900,1.78000000,1
1531222688826,1531222688823,2884590,0.00112900,1.78000000,1
1531222688850,1531222688846,2884591,0.00112900,1.78000000,1
1531222688889,1531222688884,2884592,0.00112900,2.66000000,1
1531222690718,1531222690713,2884593,0.00112900,2.06000000,1
1531222721608,1531222721604,2884594,0.00112900,0.01000000,1
1531222721608,1531222721604,2884595,0.00112690,0.89000000,1
1531222721608,1531222721604,2884596,0.00112390,0.88000000,1
1531222736565,1531222736561,2884597,0.00112400,4.04000000,1
1531222740151,1531222740146,2884598,0.00112650,145.70000000,0
1531222740163,1531222740160,2884599,0.00112400,47.63000000,1
1531222740802,1531222740798,2884600,0.00112390,8.60000000,1
1531222765714,1531222765710,2884601,0.00112060,1.00000000,1
1531222771202,1531222771200,2884602,0.00111910,11.06000000,1
1531222776383,1531222776378,2884603,0.00112200,5.62000000,0
1531222776383,1531222776378,2884604,0.00112210,2.33000000,0
1531222776383,1531222776378,2884605,0.00112290,23.41000000,0
1531222776383,1531222776378,2884606,0.00112560,3.88000000,0
1531222776626,1531222776622,2884607,0.00112560,2.00000000,1
1531222776722,1531222776719,2884608,0.00112560,117.05000000,1
1531222783068,1531222783065,2884609,0.00112570,2.32000000,1
1531222784248,1531222784245,2884610,0.00112590,124.31000000,0
1531222784262,1531222784261,2884611,0.00112570,36.53000000,1
1531222784283,1531222784274,2884612,0.00112570,80.55000000,1
1531222801365,1531222801361,2884613,0.00112570,1.33000000,0
1531222804971,1531222804968,2884614,0.00112560,1.34000000,1
1531222805758,1531222805754,2884615,0.00112560,8.35000000,1
1531222865583,1531222865580,2884616,0.00112540,8.00000000,0
1531222865583,1531222865580,2884617,0.00112550,2.83000000,0
1531222865710,1531222865706,2884618,0.00112550,1.78000000,0
1531222865735,1531222865732,2884619,0.00112550,1.78000000,0
1531222865769,1531222865766,2884620,0.00112550,1.78000000,0
1531222865792,1531222865788,2884621,0.00112550,2.66000000,0
1531222920438,1531222920434,2884622,0.00112290,113.69000000,0
1531222920448,1531222920444,2884623,0.00112130,55.17000000,1
1531222958851,1531222958847,2884624,0.00111910,2.00000000,1
1531222965086,1531222965082,2884625,0.00111900,12.00000000,1
1531222993958,1531222993954,2884626,0.00111900,0.90000000,1
1531222993958,1531222993954,2884627,0.00111690,1.69000000,1
1531222995754,1531222995750,2884628,0.00111800,10.77000000,0
1531222996130,1531222996126,2884629,0.00111800,1.34000000,0
1531222999752,1531222999748,2884630,0.00111790,1.63000000,0
1531223000366,1531223000363,2884631,0.00111790,5.97000000,0
1531223001848,1531223001843,2884632,0.00111800,230.11000000,0
1531223004806,1531223004803,2884633,0.00111810,2.72000000,1
1531223005729,1531223005727,2884634,0.00112390,1.34000000,1
1531223012867,1531223012863,2884635,0.00112480,0.89000000,0
1531223012894,1531223012889,2884636,0.00112480,83.15000000,0
1531223025639,1531223025638,2884637,0.00112390,0.77000000,1
1531223028905,1531223028902,2884638,0.00111950,2.13000000,0
1531223042770,1531223042765,2884639,0.00111830,5.96000000,1
1531223042770,1531223042765,2884640,0.00111820,1.63000000,1
1531223050563,1531223050561,2884641,0.00112170,1.00000000,0
1531223064340,1531223064335,2884642,0.00112070,0.39000000,0
1531223064395,1531223064392,2884643,0.00112070,0.97000000,0
1531223068934,1531223068931,2884644,0.00112070,3.60000000,0
1531223072073,1531223072070,2884645,0.00111830,74.34000000,1
1531223072095,1531223072091,2884646,0.00111830,51.07000000,1
1531223093990,1531223093987,2884647,0.00111830,9.99000000,0
1531223097138,1531223097135,2884648,0.00112060,0.37000000,0
1531223097360,1531223097356,2884649,0.00112060,67.75000000,0
1531223097375,1531223097372,2884650,0.00112060,9.24000000,0
1531223098755,1531223098752,2884651,0.00112070,2.00000000,0
1531223099761,1531223099759,2884652,0.00112080,4.54000000,0
1531223102755,1531223102752,2884653,0.00112060,0.36000000,1
1531223102768,1531223102767,2884654,0.00112060,1.64000000,0
1531223102768,1531223102767,2884655,0.00112160,12.36000000,0
1531223105030,1531223105025,2884656,0.00112160,1.64000000,0
1531223105906,1531223105905,2884657,0.00112180,1.95000000,0
1531223126439,1531223126438,2884658,0.00111910,1.69000000,1
1531223167551,1531223167549,2884659,0.00111880,1.34000000,1
1531223173647,1531223173643,2884660,0.00112340,4.00000000,0
1531223173647,1531223173643,2884661,0.00112350,1.69000000,0
1531223173647,1531223173643,2884662,0.00112420,3.20000000,0
1531223173969,1531223173966,2884663,0.00112420,1.78000000,0
1531223173984,1531223173980,2884664,0.00112420,0.36000000,0
1531223173984,1531223173980,2884665,0.00112830,1.86000000,0
1531223196902,1531223196898,2884666,0.00111990,0.37000000,1
1531223198287,1531223198283,2884667,0.00111920,0.37000000,1
1531223309195,1531223309192,2884668,0.00112720,0.05000000,0
1531223315148,1531223315144,2884669,0.00112720,1.29000000,0
1531223315148,1531223315144,2884670,0.00112750,7.08000000,0
1531223315148,1531223315144,2884671,0.00112830,4.14000000,0
1531223315148,1531223315144,2884672,0.00112870,23.74000000,0
1531223317429,1531223317425,2884673,0.00113830,4.54000000,0
1531223324949,1531223324944,2884674,0.00113370,118.19000000,0
1531223324967,1531223324964,2884675,0.00113820,39.92000000,0
1531223325477,1531223325475,2884676,0.00113140,7.05000000,1
1531223336990,1531223336989,2884677,0.00112940,1.33000000,1
1531223353349,1531223353345,2884678,0.00112970,6.55000000,1
1531223353788,1531223353783,2884679,0.00112940,2.06000000,0
1531223359890,1531223359886,2884680,0.00112940,0.01000000,0
1531223359890,1531223359886,2884681,0.00113030,7.06000000,0
1531223359890,1531223359886,2884682,0.00113590,1.78000000,0
1531223388944,1531223388942,2884683,0.00113260,6.55000000,0
1531223388944,1531223388942,2884684,0.00113320,5.27000000,0
1531223388944,1531223388942,2884685,0.00113360,17.45000000,0
1531223390057,1531223390054,2884686,0.00112860,5.63000000,1
1531223390057,1531223390054,2884687,0.00112850,6.58000000,1
1531223390158,1531223390154,2884688,0.00112820,1.78000000,1
1531223390190,1531223390186,2884689,0.00112820,1.78000000,1
1531223390213,1531223390210,2884690,0.00112820,2.44000000,1
1531223390863,1531223390859,2884691,0.00112840,2.36000000,0
1531223400618,1531223400615,2884692,0.00112990,181.66000000,0
1531223400631,1531223400628,2884693,0.00112660,82.90000000,1
1531223400655,1531223400651,2884694,0.00112660,65.81000000,1
1531223453807,1531223453803,2884695,0.00112780,4.36000000,1
1531223492873,1531223492868,2884696,0.00113030,3.60000000,0
1531223502947,1531223502943,2884697,0.00113030,2.00000000,0
1531223554370,1531223554366,2884698,0.00113140,7.44000000,1
1531223554370,1531223554366,2884699,0.00113130,14.02000000,1
1531223554370,1531223554366,2884700,0.00113120,94.90000000,1
1531223554370,1531223554366,2884701,0.00113100,44.02000000,1
1531223554370,1531223554366,2884702,0.00112760,55.85000000,1
1531223586913,1531223586910,2884703,0.00113100,0.09000000,1
1531223672398,1531223672395,2884704,0.00113400,35.43000000,0
1531223672413,1531223672409,2884705,0.00113120,17.53000000,1
1531223705014,1531223705010,2884706,0.00113120,21.92000000,1
1531223705041,1531223705038,2884707,0.00113120,12.75000000,1
1531223708745,1531223708741,2884708,0.00113110,3.00000000,1
1531223709963,1531223709963,2884709,0.00113110,1.00000000,0
1531223773892,1531223773889,2884710,0.00113100,10.00000000,1
1531223878166,1531223878163,2884711,0.00113280,124.92000000,0
1531223878176,1531223878173,2884712,0.00113110,51.60000000,1
1531223894711,1531223894707,2884713,0.00113100,15.05000000,1
1531223911520,1531223911515,2884714,0.00113260,136.76000000,0
1531223911531,1531223911528,2884715,0.00113110,89.98000000,1
1531223911620,1531223911616,2884716,0.00113420,14.02000000,0
1531223988382,1531223988378,2884717,0.00113510,7.58000000,0
1531224043216,1531224043214,2884718,0.00113510,83.70000000,0
1531224043239,1531224043235,2884719,0.00113510,85.73000000,0
1531224063738,1531224063734,2884720,0.00113510,95.93000000,0
1531224063757,1531224063754,2884721,0.00113510,9.47000000,0
1531224065206,1531224065203,2884722,0.00113520,7.03000000,0
1531224071168,1531224071165,2884723,0.00113510,90.81000000,0
1531224071181,1531224071178,2884724,0.00113730,87.31000000,0
1531224075120,1531224075119,2884725,0.00113290,6.58000000,1
1531224075120,1531224075119,2884726,0.00113280,7.04000000,1
1531224075120,1531224075119,2884727,0.00113100,11.32000000,1
1531224110807,1531224110804,2884728,0.00113110,2.21000000,1
1531224132916,1531224132913,2884729,0.00113120,5.00000000,1
1531224151778,1531224151774,2884730,0.00113100,7.54000000,1
1531224166745,1531224166742,2884731,0.00113030,5.01000000,1
1531224197003,1531224197000,2884732,0.00113030,0.07000000,1
1531224212227,1531224212224,2884733,0.00113230,166.68000000,0
1531224212236,1531224212232,2884734,0.00113040,78.98000000,1
1531224212252,1531224212249,2884735,0.00113040,61.28000000,1
1531224212322,1531224212323,2884736,0.00113430,2.00000000,0
1531224245381,1531224245378,2884737,0.00113440,2.00000000,0
1531224245407,1531224245407,2884738,0.00113440,3.00000000,1
1531224269792,1531224269789,2884739,0.00113040,3.00000000,1
1531224270809,1531224270806,2884740,0.00113430,2.00000000,0
1531224270809,1531224270806,2884741,0.00113450,6.81000000,0
1531224273869,1531224273865,2884742,0.00113410,2.00000000,0
1531224290445,1531224290441,2884743,0.00113440,93.06000000,0
1531224290467,1531224290464,2884744,0.00113440,46.14000000,0
1531224349564,1531224349560,2884745,0.00113450,0.22000000,0
1531224349564,1531224349560,2884746,0.00113670,6.58000000,0
1531224349587,1531224349584,2884747,0.00113670,2.55000000,1
1531224360515,1531224360512,2884748,0.00113380,17.30000000,0
1531224360524,1531224360526,2884749,0.00113600,11.25000000,0
1531224392790,1531224392785,2884750,0.00113600,48.14000000,0
1531224401144,1531224401143,2884751,0.00113380,10.72000000,0
1531224401157,1531224401154,2884752,0.00113600,95.56000000,0
1531224401168,1531224401164,2884753,0.00113600,5.04000000,0
1531224426083,1531224426085,2884754,0.00113170,0.11000000,1
1531224427283,1531224427282,2884755,0.00113170,0.11000000,1
1531224428384,1531224428384,2884756,0.00113610,3.00000000,0
1531224451562,1531224451562,2884757,0.00113590,33.89000000,0
1531224451581,1531224451579,2884758,0.00113590,18.26000000,0
1531224452866,1531224452862,2884759,0.00113600,8.80000000,0
1531224458282,1531224458279,2884760,0.00113590,88.15000000,0
1531224479174,1531224479172,2884761,0.00113590,84.40000000,0
1531224530212,1531224530209,2884762,0.00113590,78.73000000,0
1531224530233,1531224530230,2884763,0.00113590,79.34000000,0
1531224533058,1531224533055,2884764,0.00113600,6.31000000,0
1531224543890,1531224543886,2884765,0.00113600,12.50000000,0
1531224545887,1531224545884,2884766,0.00113610,4.02000000,0
1531224571506,1531224571504,2884767,0.00113760,9.75000000,0
1531224571528,1531224571526,2884768,0.00113760,4.16000000,0
1531224593261,1531224593261,2884769,0.00113540,19.03000000,0
1531224593276,1531224593272,2884770,0.00113760,55.03000000,0
1531224593292,1531224593288,2884771,0.00113760,9.33000000,0
1531224599950,1531224599947,2884772,0.00113760,49.14000000,0
1531224599979,1531224599976,2884773,0.00113760,3.97000000,0
1531224631480,1531224631476,2884774,0.00113760,18.44000000,0
1531224643016,1531224643014,2884775,0.00113540,92.94000000,0
1531224643036,1531224643033,2884776,0.00113760,98.43000000,0
1531224643057,1531224643054,2884777,0.00113760,59.57000000,0
1531224660781,1531224660778,2884778,0.00113540,202.69000000,0
1531224660795,1531224660792,2884779,0.00113760,86.70000000,0
1531224660822,1531224660819,2884780,0.00113760,68.01000000,0
1531224692495,1531224692492,2884781,0.00113360,6.16000000,1
1531224692636,1531224692633,2884782,0.00113550,140.70000000,0
1531224692652,1531224692649,2884783,0.00113350,75.65000000,1
1531224736144,1531224736144,2884784,0.00113330,4.12000000,1
1531224772796,1531224772793,2884785,0.00113340,0.89000000,1
1531224789096,1531224789093,2884786,0.00113570,5.49000000,0
1531224818455,1531224818452,2884787,0.00113570,0.67000000,0
1531224818455,1531224818452,2884788,0.00113690,2.21000000,0
1531224818470,1531224818467,2884789,0.00113690,2.77000000,1
1531224818484,1531224818478,2884790,0.00113690,2.57000000,1
1531224818927,1531224818924,2884791,0.00113530,2.01000000,0
1531224825701,1531224825697,2884792,0.00113680,7.75000000,0
1531224839233,1531224839231,2884793,0.00113770,92.98000000,0
1531224872294,1531224872296,2884794,0.00113590,42.08000000,0
1531224872302,1531224872299,2884795,0.00113770,43.89000000,0
1531224872315,1531224872313,2884796,0.00113770,14.83000000,0
1531224900535,1531224900532,2884797,0.00113770,48.21000000,0
1531224900556,1531224900553,2884798,0.00113770,98.25000000,0
1531224931535,1531224931532,2884799,0.00113640,130.11000000,0
1531224931549,1531224931545,2884800,0.00113770,58.60000000,0
1531224940807,1531224940805,2884801,0.00113640,56.81000000,0
1531224940816,1531224940811,2884802,0.00113770,51.64000000,0
1531224957154,1531224957150,2884803,0.00113530,0.96000000,1
1531225007044,1531225007042,2884804,0.00113770,59.07000000,0
1531225007044,1531225007042,2884805,0.00113780,7.01000000,0
1531225009092,1531225009090,2884806,0.00113830,2.04000000,0
1531225017245,1531225017241,2884807,0.00113600,10.83000000,1
1531225051190,1531225051189,2884808,0.00113820,44.60000000,0
1531225051208,1531225051206,2884809,0.00113820,73.18000000,0
1531225074438,1531225074435,2884810,0.00113660,15.06000000,1
1531225077255,1531225077251,2884811,0.00113820,49.03000000,0
1531225131518,1531225131514,2884812,0.00113820,68.15000000,0
1531225170864,1531225170861,2884813,0.00113650,0.55000000,1
1531225195342,1531225195339,2884814,0.00113660,0.01000000,1
1531225228082,1531225228079,2884815,0.00113820,5.69000000,0
1531225231260,1531225231256,2884816,0.00113730,102.71000000,0
1531225231269,1531225231266,2884817,0.00113820,61.14000000,0
1531225231291,1531225231287,2884818,0.00113820,45.16000000,0
1531225236972,1531225236969,2884819,0.00113820,16.32000000,0
1531225259779,1531225259778,2884820,0.00113740,76.86000000,0
1531225259791,1531225259792,2884821,0.00113660,28.67000000,1
1531225315282,1531225315279,2884822,0.00113820,35.89000000,0
1531225315289,1531225315286,2884823,0.00113820,35.81000000,0
1531225315823,1531225315819,2884824,0.00113820,4.86000000,0
1531225318943,1531225318940,2884825,0.00113820,36.37000000,0
1531225351383,1531225351384,2884826,0.00113820,42.64000000,1
1531225351395,1531225351392,2884827,0.00113820,30.26000000,0
1531225351406,1531225351403,2884828,0.00113820,42.64000000,1
1531225370091,1531225370087,2884829,0.00113820,3.05000000,0
1531225374872,1531225374868,2884830,0.00113660,6.66000000,1
1531225374884,1531225374881,2884831,0.00113820,33.32000000,0
1531225383608,1531225383606,2884832,0.00113820,45.69000000,1
1531225383621,1531225383617,2884833,0.00113820,17.19000000,0
1531225383638,1531225383635,2884834,0.00113820,45.69000000,1
1531225389989,1531225389984,2884835,0.00113820,33.32000000,0
1531225393080,1531225393082,2884836,0.00113660,55.03000000,1
1531225393095,1531225393092,2884837,0.00113660,17.96000000,1
1531225470084,1531225470076,2884838,0.00113830,0.01000000,0
1531225470084,1531225470076,2884839,0.00114030,6.27000000,0
1531225470084,1531225470076,2884840,0.00114460,5.75000000,0
1531225470084,1531225470076,2884841,0.00114750,30.97000000,0
1531225470084,1531225470076,2884842,0.00114760,27.05000000,0
1531225470084,1531225470076,2884843,0.00114820,4.40000000,0
1531225470084,1531225470076,2884844,0.00114950,0.89000000,0
1531225470084,1531225470076,2884845,0.00115000,14.34000000,0
1531225470084,1531225470076,2884846,0.00115310,2.00000000,0
1531225470084,1531225470076,2884847,0.00115330,32.90000000,0
1531225470084,1531225470076,2884848,0.00115340,12.11000000,0
1531225470084,1531225470076,2884849,0.00115550,3.74000000,0
1531225470084,1531225470076,2884850,0.00115570,1.11000000,0
1531225470084,1531225470076,2884851,0.00115780,17.46000000,0
1531225470084,1531225470076,2884852,0.00116030,8.48000000,0
1531225470084,1531225470076,2884853,0.00116040,26.15000000,0
1531225470097,1531225470094,2884854,0.00116040,57.07000000,1
1531225470100,1531225470097,2884855,0.00113660,1.33000000,1
1531225472992,1531225472990,2884856,0.00114330,6.98000000,1
1531225486086,1531225486083,2884857,0.00114340,4.37000000,1
1531225489641,1531225489638,2884858,0.00114350,3.93000000,1
1531225489962,1531225489959,2884859,0.00114350,0.79000000,1
1531225527288,1531225527285,2884860,0.00114380,34.98000000,1
1531225530134,1531225530131,2884861,0.00114430,17.04000000,1
1531225532142,1531225532140,2884862,0.00114390,8.51000000,1
1531225532142,1531225532140,2884863,0.00114380,2.00000000,1
1531225532142,1531225532140,2884864,0.00114340,34.56000000,1
1531225532711,1531225532708,2884865,0.00114340,37.28000000,1
1531225532986,1531225532984,2884866,0.00114330,1.38000000,1
1531225576364,1531225576360,2884867,0.00114230,0.88000000,0
1531225577452,1531225577447,2884868,0.00114330,0.88000000,1
1531225637004,1531225637000,2884869,0.00114330,29.15000000,1
1531225648120,1531225648118,2884870,0.00114160,0.05000000,1
1531225651697,1531225651693,2884871,0.00114320,105.59000000,0
1531225651712,1531225651708,2884872,0.00114160,29.01000000,1
1531225651734,1531225651734,2884873,0.00114160,65.95000000,1
1531225660428,1531225660424,2884874,0.00114160,0.05000000,0
1531225684028,1531225684025,2884875,0.00114170,99.73000000,1
1531225684047,1531225684045,2884876,0.00114170,23.17000000,1
1531225684069,1531225684065,2884877,0.00114160,65.95000000,1
1531225701148,1531225701143,2884878,0.00114160,0.05000000,0
1531225705835,1531225705831,2884879,0.00114120,0.23000000,1
1531225710566,1531225710562,2884880,0.00114370,4.71000000,0
1531225711924,1531225711925,2884881,0.00114120,0.01000000,1
1531225736055,1531225736058,2884882,0.00114340,8.75000000,0
1531225736160,1531225736158,2884883,0.00114340,0.01000000,0
1531225736160,1531225736158,2884884,0.00114350,1.75000000,0
1531225736163,1531225736164,2884885,0.00114350,0.25000000,0
1531225736163,1531225736164,2884886,0.00114380,1.51000000,0
1531225736206,1531225736203,2884887,0.00114380,1.76000000,0
1531225736241,1531225736243,2884888,0.00114380,2.71000000,0
1531225736397,1531225736396,2884889,0.00114380,0.88000000,0
1531225739708,1531225739704,2884890,0.00114130,41.85000000,1
1531225739734,1531225739731,2884891,0.00114130,85.81000000,1
1531225752272,1531225752268,2884892,0.00114130,46.96000000,1
1531225752291,1531225752288,2884893,0.00114130,87.37000000,1
1531225754180,1531225754177,2884894,0.00114120,2.00000000,1
1531225755193,1531225755190,2884895,0.00114050,9.10000000,1
1531225764548,1531225764543,2884896,0.00114350,5.65000000,0
1531225764585,1531225764581,2884897,0.00114350,3.22000000,0
1531225764771,1531225764773,2884898,0.00114360,1.76000000,0
1531225764821,1531225764816,2884899,0.00114360,0.24000000,0
1531225764821,1531225764816,2884900,0.00114380,0.11000000,0
1531225764821,1531225764816,2884901,0.00114490,1.41000000,0
1531225764834,1531225764833,2884902,0.00114490,1.76000000,0
1531225764887,1531225764883,2884903,0.00114490,2.72000000,0
1531225765196,1531225765192,2884904,0.00114350,5.78000000,1
1531225776046,1531225776043,2884905,0.00114250,137.52000000,0
1531225776148,1531225776148,2884906,0.00114010,23.21000000,1
1531225776159,1531225776159,2884907,0.00114010,71.62000000,1
1531225805048,1531225805045,2884908,0.00114160,6.00000000,1
1531225811750,1531225811746,2884909,0.00114170,2.00000000,1
1531225811750,1531225811746,2884910,0.00114160,4.00000000,1
1531225816185,1531225816182,2884911,0.00114100,2.00000000,1
1531225817280,1531225817276,2884912,0.00114090,6.99000000,1
1531225832333,1531225832329,2884913,0.00114160,1.37000000,0
1531225832341,1531225832337,2884914,0.00113990,0.88000000,1
1531225834275,1531225834272,2884915,0.00113980,2.00000000,1
1531225837433,1531225837430,2884916,0.00113970,0.88000000,1
1531225837785,1531225837786,2884917,0.00113930,1.76000000,1
1531225837804,1531225837807,2884918,0.00113930,1.76000000,1
1531225837877,1531225837874,2884919,0.00113930,3.48000000,1
1531225858975,1531225858973,2884920,0.00114000,8.77000000,0
1531225859003,1531225859000,2884921,0.00114000,43.13000000,0
1531225860639,1531225860637,2884922,0.00113780,1.72000000,1
1531225915297,1531225915295,2884923,0.00113790,0.01000000,1
1531225917937,1531225917934,2884924,0.00113790,70.48000000,1
1531225917955,1531225917951,2884925,0.00113790,70.78000000,1
1531225919166,1531225919163,2884926,0.00113780,20.37000000,1
1531225927329,1531225927327,2884927,0.00113790,0.01000000,0
