event_time,trade_time,trade_id,price,quantity,maker
1531210388754,1531210388749,3057942,0.00246500,14.28500000,1
1531210388754,1531210388749,3057943,0.00246400,5.58400000,1
1531210393670,1531210393666,3057944,0.00246400,76.14300000,1
1531210404755,1531210404751,3057945,0.00246400,17.50700000,1
1531210423059,1531210423060,3057946,0.00246500,1.11900000,1
1531210426577,1531210426572,3057947,0.00246500,4.68400000,0
1531210426577,1531210426572,3057948,0.00247200,3.67500000,0
1531210443152,1531210443146,3057949,0.00246400,9.45900000,1
1531210463824,1531210463821,3057950,0.00247000,4.94400000,0
1531210494430,1531210494427,3057951,0.00246700,2.80100000,1
1531210494431,1531210494427,3057952,0.00246700,0.00700000,1
1531210494431,1531210494427,3057953,0.00246500,11.51300000,1
1531210494484,1531210494479,3057954,0.00246500,22.85000000,1
1531210494486,1531210494482,3057955,0.00246500,22.85000000,1
1531210495111,1531210495107,3057956,0.00246500,5.13600000,1
1531210495116,1531210495113,3057957,0.00246500,32.61200000,1
1531210496430,1531210496430,3057958,0.00246500,14.24100000,1
1531210496621,1531210496616,3057959,0.00246500,14.81200000,1
1531210498615,1531210498611,3057960,0.00246500,9.68400000,1
1531210505126,1531210505120,3057961,0.00247500,0.35300000,0
1531210515373,1531210515369,3057962,0.00247500,0.52700000,0
1531210519180,1531210519175,3057963,0.00247500,1.92800000,0
1531210519180,1531210519175,3057964,0.00247600,30.69000000,0
1531210519180,1531210519175,3057965,0.00247700,8.10500000,0
1531210519180,1531210519175,3057966,0.00247900,4.27100000,0
1531210519180,1531210519175,3057967,0.00248400,3.00000000,0
1531210519180,1531210519175,3057968,0.00248600,35.01200000,0
1531210525533,1531210525529,3057969,0.00247700,14.23200000,1
1531210525533,1531210525529,3057970,0.00247600,2.44100000,1
1531210525765,1531210525761,3057971,0.00247500,0.42600000,0
1531210525896,1531210525892,3057972,0.00247500,0.42600000,0
1531210526030,1531210526029,3057973,0.00247500,0.42600000,0
1531210526163,1531210526159,3057974,0.00247500,0.42600000,0
1531210526297,1531210526292,3057975,0.00247500,0.42600000,0
1531210527878,1531210527874,3057976,0.00246600,0.42600000,1
1531210528099,1531210528095,3057977,0.00246600,0.42600000,1
1531210528321,1531210528316,3057978,0.00246600,0.42600000,1
1531210528547,1531210528542,3057979,0.00246600,0.42600000,1
1531210528915,1531210528910,3057980,0.00246600,0.04000000,1
1531210529018,1531210529014,3057981,0.00246600,0.42600000,1
1531210529252,1531210529248,3057982,0.00247500,0.42600000,0
1531210529748,1531210529748,3057983,0.00247500,0.42600000,0
1531210529974,1531210529969,3057984,0.00247500,0.42600000,0
1531210530198,1531210530194,3057985,0.00247500,0.42600000,0
1531210530421,1531210530416,3057986,0.00247500,0.42600000,0
1531210538424,1531210538418,3057987,0.00247400,0.40900000,0
1531210538472,1531210538467,3057988,0.00247400,0.40900000,0
1531210544034,1531210544029,3057989,0.00247400,0.81700000,0
1531210563165,1531210563159,3057990,0.00246600,21.53700000,1
1531210563586,1531210563582,3057991,0.00246500,85.71800000,1
1531210563611,1531210563607,3057992,0.00246400,6.05900000,1
1531210571715,1531210571709,3057993,0.00246300,4.53100000,0
1531210571715,1531210571709,3057994,0.00246400,2.13000000,0
1531210571715,1531210571709,3057995,0.00246500,13.68400000,0
1531210610141,1531210610137,3057996,0.00246400,0.34200000,0
1531210648409,1531210648401,3057997,0.00246400,3.72500000,0
1531210648409,1531210648401,3057998,0.00246600,296.37800000,0
1531210648409,1531210648401,3057999,0.00247400,113.92700000,0
1531210648409,1531210648401,3058000,0.00247500,31.01600000,0
1531210648409,1531210648401,3058001,0.00248300,0.81500000,0
1531210648409,1531210648401,3058002,0.00248600,39.68200000,0
1531210648409,1531210648401,3058003,0.00248700,0.40800000,0
1531210648409,1531210648401,3058004,0.00248800,18.82400000,0
1531210648409,1531210648401,3058005,0.00248900,0.81400000,0
1531210648409,1531210648401,3058006,0.00249100,3.14800000,0
1531210648781,1531210648777,3058007,0.00246900,2.44800000,1
1531210648781,1531210648777,3058008,0.00246800,0.47100000,1
1531210648813,1531210648809,3058009,0.00246900,2.00000000,0
1531210648832,1531210648827,3058010,0.00247000,20.18500000,1
1531210648833,1531210648827,3058011,0.00247000,0.16500000,1
1531210648833,1531210648827,3058012,0.00246800,1.97700000,1
1531210648852,1531210648848,3058013,0.00246900,2.00000000,0
1531210648852,1531210648848,3058014,0.00249100,0.14100000,0
1531210648958,1531210648953,3058015,0.00247200,0.50300000,1
1531210648991,1531210648987,3058016,0.00247200,0.85100000,1
1531210649133,1531210649130,3058017,0.00247200,0.98800000,1
1531210649379,1531210649375,3058018,0.00247200,0.00500000,0
1531210651326,1531210651322,3058019,0.00247300,0.00500000,1
1531210659116,1531210659112,3058020,0.00248200,0.40700000,0
1531210671638,1531210671632,3058021,0.00248200,0.44100000,0
1531210677887,1531210677881,3058022,0.00248600,2.14200000,0
1531210680287,1531210680283,3058023,0.00248600,18.57600000,1
1531210688278,1531210688270,3058024,0.00248100,20.20800000,0
1531210688278,1531210688270,3058025,0.00249100,6.30400000,0
1531210688278,1531210688270,3058026,0.00249200,0.44200000,0
1531210688278,1531210688270,3058027,0.00249300,1.61600000,0
1531210688278,1531210688270,3058028,0.00249500,4.34200000,0
1531210688278,1531210688270,3058029,0.00249600,3.00000000,0
1531210688278,1531210688270,3058030,0.00249800,0.40100000,0
1531210688278,1531210688270,3058031,0.00249900,90.15000000,0
1531210688278,1531210688270,3058032,0.00250000,121.59600000,0
1531210688294,1531210688290,3058033,0.00250000,140.91000000,1
1531210694781,1531210694776,3058034,0.00250300,4.93200000,0
1531210694800,1531210694796,3058035,0.00250300,1.48200000,0
1531210696731,1531210696727,3058036,0.00250400,4.01000000,0
1531210696838,1531210696833,3058037,0.00250400,16.41300000,0
1531210696852,1531210696847,3058038,0.00250400,0.56800000,0
1531210696852,1531210696847,3058039,0.00250500,0.41000000,0
1531210696852,1531210696847,3058040,0.00250600,2.41200000,0
1531210696852,1531210696847,3058041,0.00250700,3.85800000,0
1531210696852,1531210696847,3058042,0.00250800,1.61800000,0
1531210696852,1531210696847,3058043,0.00250900,0.45000000,0
1531210696852,1531210696847,3058044,0.00251000,7.09700000,0
1531210697148,1531210697144,3058045,0.00250300,11.34800000,1
1531210698618,1531210698615,3058046,0.00250300,0.00300000,1
1531210706046,1531210706046,3058047,0.00250900,2.40800000,0
1531210710986,1531210710982,3058048,0.00250900,8.94300000,0
1531210711608,1531210711603,3058049,0.00250900,6.05000000,1
1531210711763,1531210711758,3058050,0.00251000,320.05700000,0
1531210717308,1531210717304,3058051,0.00251700,0.43800000,0
1531210717308,1531210717304,3058052,0.00251900,1.99100000,0
1531210717308,1531210717304,3058053,0.00252000,106.04400000,0
1531210717615,1531210717612,3058054,0.00252200,4.89300000,0
1531210719754,1531210719748,3058055,0.00252300,20.25600000,0
1531210719762,1531210719757,3058056,0.00252000,0.04000000,1
1531210721622,1531210721618,3058057,0.00252400,2.38800000,0
1531210724090,1531210724083,3058058,0.00252000,38.11900000,1
1531210728341,1531210728336,3058059,0.00252500,0.84900000,0
1531210728618,1531210728614,3058060,0.00252600,2.84500000,0
1531210733464,1531210733459,3058061,0.00252900,0.40000000,0
1531210733780,1531210733777,3058062,0.00252900,0.40000000,0
1531210734244,1531210734239,3058063,0.00252900,0.79900000,0
1531210734388,1531210734350,3058064,0.00252800,0.47500000,1
1531210734388,1531210734364,3058065,0.00252900,0.38600000,0
1531210734421,1531210734417,3058066,0.00253000,0.01400000,1
1531210734596,1531210734591,3058067,0.00253000,0.40000000,1
1531210734676,1531210734675,3058068,0.00252800,0.40000000,0
1531210734676,1531210734675,3058069,0.00253100,8.43900000,0
1531210738864,1531210738860,3058070,0.00253100,13.48100000,0
1531210738864,1531210738860,3058071,0.00253400,2.37400000,0
1531210738864,1531210738860,3058072,0.00253600,1.72700000,0
1531210739092,1531210739088,3058073,0.00253100,0.57300000,1
1531210739098,1531210739092,3058074,0.00252100,0.57300000,1
1531210739378,1531210739371,3058075,0.00253600,5.77300000,0
1531210739378,1531210739371,3058076,0.00253700,2.40800000,0
1531210739378,1531210739371,3058077,0.00253800,2.32400000,0
1531210739593,1531210739589,3058078,0.00253200,0.39900000,1
1531210739811,1531210739806,3058079,0.00252900,0.39900000,0
1531210739824,1531210739820,3058080,0.00253100,13.24100000,1
1531210740080,1531210740076,3058081,0.00253100,1.94100000,1
1531210740396,1531210740392,3058082,0.00253800,4.11200000,0
1531210740396,1531210740392,3058083,0.00254000,3.74600000,0
1531210741287,1531210741279,3058084,0.00253200,0.79800000,1
1531210741287,1531210741279,3058085,0.00253100,12.42900000,1
1531210742374,1531210742370,3058086,0.00253700,0.57300000,0
1531210742374,1531210742370,3058087,0.00254000,2.01600000,0
1531210744856,1531210744853,3058088,0.00254000,24.00000000,0
1531210744980,1531210744977,3058089,0.00253400,2.36500000,1
1531210747606,1531210747603,3058090,0.00253200,0.39600000,1
1531210753229,1531210753225,3058091,0.00253400,0.79700000,0
1531210753753,1531210753749,3058092,0.00253400,1.19600000,0
1531210754017,1531210754012,3058093,0.00253400,0.39900000,0
1531210754768,1531210754763,3058094,0.00253400,1.19600000,0
1531210756185,1531210756180,3058095,0.00253400,5.16500000,0
1531210756185,1531210756180,3058096,0.00253800,0.40000000,0
1531210756185,1531210756180,3058097,0.00254000,3.49200000,0
1531210759507,1531210759501,3058098,0.00253400,2.56700000,1
1531210759948,1531210759943,3058099,0.00254000,0.39800000,0
1531210760141,1531210760136,3058100,0.00254000,0.79500000,0
1531210760143,1531210760139,3058101,0.00254000,0.39800000,0
1531210760340,1531210760335,3058102,0.00254000,0.24200000,0
1531210760584,1531210760578,3058103,0.00254000,15.90000000,0
1531210766601,1531210766597,3058104,0.00253800,0.48400000,1
1531210767926,1531210767922,3058105,0.00254000,0.42600000,0
1531210768050,1531210768046,3058106,0.00254000,0.42600000,0
1531210768185,1531210768179,3058107,0.00254000,0.42600000,0
1531210768317,1531210768313,3058108,0.00254000,0.42600000,0
1531210768443,1531210768437,3058109,0.00254000,0.42600000,0
1531210769810,1531210769806,3058110,0.00253400,0.42600000,1
1531210769946,1531210769940,3058111,0.00253400,0.42600000,1
1531210770077,1531210770074,3058112,0.00253400,0.42600000,1
1531210770097,1531210770092,3058113,0.00254000,11.19700000,0
1531210770210,1531210770205,3058114,0.00253400,0.42600000,1
1531210770343,1531210770339,3058115,0.00253400,0.42600000,1
1531210770469,1531210770464,3058116,0.00254000,0.42600000,0
1531210770591,1531210770587,3058117,0.00254000,0.42600000,0
1531210770729,1531210770724,3058118,0.00254000,0.42600000,0
1531210770867,1531210770863,3058119,0.00254000,0.42600000,0
1531210771003,1531210770999,3058120,0.00254000,0.42600000,0
1531210778939,1531210778934,3058121,0.00254000,20.23200000,0
1531210778979,1531210778979,3058122,0.00254000,6.30800000,1
1531210779027,1531210779021,3058123,0.00254100,0.79600000,0
1531210779027,1531210779021,3058124,0.00254200,2.88900000,0
1531210779212,1531210779207,3058125,0.00254000,2.13000000,1
1531210779279,1531210779273,3058126,0.00254200,12.23900000,0
1531210779279,1531210779273,3058127,0.00254300,0.43300000,0
1531210779279,1531210779273,3058128,0.00254400,0.32800000,0
1531210779336,1531210779331,3058129,0.00254000,6.30700000,1
1531210793108,1531210793102,3058130,0.00254400,9.91600000,0
1531210793108,1531210793102,3058131,0.00254500,5.13900000,0
1531210793108,1531210793102,3058132,0.00254600,0.59200000,0
1531210793108,1531210793102,3058133,0.00254800,1.98400000,0
1531210793108,1531210793102,3058134,0.00254900,1.19100000,0
1531210793108,1531210793102,3058135,0.00255000,106.17800000,0
1531210799671,1531210799667,3058136,0.00254400,10.31400000,0
1531210799671,1531210799667,3058137,0.00255000,100.25000000,0
1531210800148,1531210800144,3058138,0.00255000,2.14100000,0
1531210800466,1531210800460,3058139,0.00254500,1.98500000,1
1531210809567,1531210809564,3058140,0.00254500,3.00100000,1
1531210810580,1531210810577,3058141,0.00254300,2.14600000,1
1531210814159,1531210814154,3058142,0.00254300,7.66400000,1
1531210814593,1531210814589,3058143,0.00255000,0.39600000,0
1531210815265,1531210815262,3058144,0.00254300,5.92500000,1
1531210815854,1531210815849,3058145,0.00254300,0.39600000,0
1531210817013,1531210817007,3058146,0.00254200,5.68500000,1
1531210817013,1531210817007,3058147,0.00254000,162.25500000,1
1531210817013,1531210817007,3058148,0.00254000,15.28000000,1
1531210817057,1531210817053,3058149,0.00253500,0.57200000,0
1531210817601,1531210817596,3058150,0.00253400,1.29800000,1
1531210817601,1531210817596,3058151,0.00253300,1.18500000,1
1531210817620,1531210817616,3058152,0.00253100,0.77900000,1
1531210818604,1531210818598,3058153,0.00253100,0.39600000,1
1531210820836,1531210820832,3058154,0.00253500,0.79200000,0
1531210820849,1531210820845,3058155,0.00253500,0.39600000,0
1531210820945,1531210820940,3058156,0.00253500,0.39600000,0
1531210821238,1531210821234,3058157,0.00252700,2.70900000,1
1531210821238,1531210821234,3058158,0.00252600,2.77200000,1
1531210821238,1531210821234,3058159,0.00252400,5.70500000,1
1531210821297,1531210821293,3058160,0.00253500,0.39600000,0
1531210821413,1531210821410,3058161,0.00253500,0.39600000,0
1531210821994,1531210821990,3058162,0.00253400,0.39600000,0
1531210822606,1531210822602,3058163,0.00253000,0.39600000,1
1531210824576,1531210824572,3058164,0.00253400,9.81300000,0
1531210825610,1531210825606,3058165,0.00253500,12.50300000,1
1531210830055,1531210830049,3058166,0.00252600,8.91100000,1
1531210830445,1531210830441,3058167,0.00252500,0.39700000,1
1531210830553,1531210830549,3058168,0.00252500,5.76700000,0
1531210830553,1531210830549,3058169,0.00252600,9.65600000,0
1531210830797,1531210830793,3058170,0.00252600,33.55200000,1
1531210841465,1531210841460,3058171,0.00253700,2.74700000,0
1531210841465,1531210841460,3058172,0.00253800,4.41700000,0
1531210842084,1531210842081,3058173,0.00253500,0.98100000,1
1531210845636,1531210845631,3058174,0.00253500,1.92900000,1
1531210845657,1531210845655,3058175,0.00253500,19.31600000,1
1531210846038,1531210846034,3058176,0.00253500,3.89600000,1
1531210852580,1531210852577,3058177,0.00252700,2.62000000,1
1531210852580,1531210852577,3058178,0.00252600,10.36700000,1
1531210859532,1531210859528,3058179,0.00253400,2.62000000,0
1531210859613,1531210859608,3058180,0.00253400,20.34700000,1
1531210860807,1531210860806,3058181,0.00253500,0.39900000,0
1531210861494,1531210861491,3058182,0.00253500,0.47900000,0
1531210861704,1531210861700,3058183,0.00253500,0.39900000,0
1531210866377,1531210866373,3058184,0.00253000,0.50000000,0
1531210866377,1531210866373,3058185,0.00253500,7.31500000,0
1531210869361,1531210869357,3058186,0.00253000,110.20900000,0
1531210873621,1531210873616,3058187,0.00252700,1.97900000,1
1531210878604,1531210878601,3058188,0.00252800,21.79500000,1
1531210880304,1531210880295,3058189,0.00252100,2.59800000,1
1531210880304,1531210880295,3058190,0.00252000,0.39700000,1
1531210880304,1531210880295,3058191,0.00251800,5.08100000,1
1531210880304,1531210880295,3058192,0.00251600,2.58400000,1
1531210880304,1531210880295,3058193,0.00251500,3.80000000,1
1531210880304,1531210880295,3058194,0.00251400,2.41500000,1
1531210880304,1531210880295,3058195,0.00251300,1.01200000,1
1531210880304,1531210880295,3058196,0.00251200,3.79800000,1
1531210880304,1531210880295,3058197,0.00251100,1.37500000,1
1531210882268,1531210882263,3058198,0.00252200,0.59000000,0
1531210882610,1531210882606,3058199,0.00252700,2.70400000,1
1531210883387,1531210883383,3058200,0.00251300,2.36500000,1
1531210885875,1531210885870,3058201,0.00251400,1.60900000,1
1531210891664,1531210891660,3058202,0.00251100,3.17800000,1
1531210892662,1531210892658,3058203,0.00251000,0.79800000,1
1531210893679,1531210893675,3058204,0.00250900,1.60900000,1
1531210896508,1531210896504,3058205,0.00250900,0.49900000,1
1531210897447,1531210897441,3058206,0.00251000,2.38000000,0
1531210897962,1531210897956,3058207,0.00251000,1.67000000,1
1531210897962,1531210897956,3058208,0.00250900,0.27400000,1
1531210900004,1531210899999,3058209,0.00251100,0.42600000,0
1531210900140,1531210900134,3058210,0.00251100,0.42600000,0
1531210900261,1531210900257,3058211,0.00251100,0.42600000,0
1531210900384,1531210900381,3058212,0.00251100,0.42600000,0
1531210900519,1531210900514,3058213,0.00251100,0.42600000,0
1531210902527,1531210902523,3058214,0.00250900,0.42600000,1
1531210902653,1531210902647,3058215,0.00250900,0.42600000,1
1531210902790,1531210902784,3058216,0.00250900,0.42600000,1
1531210902913,1531210902909,3058217,0.00250900,0.42600000,1
1531210903044,1531210903040,3058218,0.00250900,0.42600000,1
1531210903180,1531210903175,3058219,0.00251100,0.42600000,0
1531210903316,1531210903312,3058220,0.00251100,0.42600000,0
1531210903443,1531210903438,3058221,0.00251100,0.42600000,0
1531210903582,1531210903578,3058222,0.00251100,0.42600000,0
1531210903715,1531210903710,3058223,0.00251100,0.42600000,0
1531210904909,1531210904905,3058224,0.00250900,0.67100000,1
1531210904909,1531210904905,3058225,0.00250800,0.39900000,1
1531210904909,1531210904905,3058226,0.00250700,0.39900000,1
1531210904909,1531210904905,3058227,0.00250400,0.40000000,1
1531210904933,1531210904927,3058228,0.00250400,3.21200000,0
1531210910542,1531210910538,3058229,0.00251100,4.00200000,0
1531210910554,1531210910550,3058230,0.00251100,6.58100000,0
1531210910558,1531210910553,3058231,0.00251100,10.30500000,0
1531210910558,1531210910553,3058232,0.00251600,4.51200000,0
1531210910558,1531210910553,3058233,0.00252200,2.59800000,0
1531210910577,1531210910573,3058234,0.00252500,2.30500000,0
1531210910577,1531210910573,3058235,0.00252700,1.67700000,0
1531210913250,1531210913245,3058236,0.00252700,14.40400000,0
1531210913886,1531210913879,3058237,0.00252600,4.49500000,0
1531210913886,1531210913879,3058238,0.00252700,5.60600000,0
1531210913886,1531210913879,3058239,0.00252900,9.32300000,0
1531210913886,1531210913879,3058240,0.00253100,1.39100000,0
1531210913886,1531210913879,3058241,0.00253300,0.79800000,0
1531210913886,1531210913879,3058242,0.00253500,1.14400000,0
1531210916844,1531210916838,3058243,0.00251500,0.39900000,1
1531210917234,1531210917234,3058244,0.00251500,1.99300000,1
1531210919521,1531210919517,3058245,0.00252900,1.56700000,0
1531210919526,1531210919521,3058246,0.00252900,1.21600000,0
1531210919530,1531210919526,3058247,0.00253100,3.18700000,0
1531210919530,1531210919526,3058248,0.00253200,1.99300000,0
1531210919530,1531210919526,3058249,0.00253400,2.39200000,0
1531210919530,1531210919526,3058250,0.00253500,2.22700000,0
1531210919541,1531210919538,3058251,0.00253000,6.67800000,1
1531210919604,1531210919599,3058252,0.00251700,1.37500000,0
1531210919604,1531210919599,3058253,0.00253500,18.22400000,0
1531210919615,1531210919611,3058254,0.00253500,0.58700000,0
1531210919629,1531210919623,3058255,0.00253500,2.04100000,0
1531210919629,1531210919623,3058256,0.00253700,0.79800000,0
1531210919629,1531210919623,3058257,0.00253800,3.02800000,0
1531210919765,1531210919762,3058258,0.00253800,1.42600000,0
1531210919905,1531210919900,3058259,0.00253800,19.55300000,0
1531210919917,1531210919914,3058260,0.00253800,2.37700000,0
1531210919959,1531210919959,3058261,0.00253800,2.38000000,0
1531210920013,1531210920007,3058262,0.00253800,0.74600000,0
1531210920071,1531210920067,3058263,0.00253500,6.00000000,1
1531210920072,1531210920067,3058264,0.00253500,6.22900000,1
1531210920075,1531210920070,3058265,0.00253500,7.91500000,1
1531210920094,1531210920088,3058266,0.00253500,6.00000000,1
1531210920122,1531210920117,3058267,0.00253800,5.87900000,0
1531210920359,1531210920356,3058268,0.00253800,3.90800000,0
1531210920568,1531210920563,3058269,0.00253700,0.78700000,1
1531210920855,1531210920850,3058270,0.00253500,32.94700000,1
1531210923430,1531210923427,3058271,0.00253000,2.17400000,0
1531210928305,1531210928302,3058272,0.00253000,21.47000000,0
1531210928940,1531210928938,3058273,0.00252200,0.98900000,1
1531210929412,1531210929407,3058274,0.00253000,47.02700000,0
1531210934588,1531210934584,3058275,0.00253000,63.93500000,1
1531210935804,1531210935640,3058276,0.00251300,21.03500000,1
1531210941456,1531210941451,3058277,0.00252900,0.40000000,0
1531210941632,1531210941628,3058278,0.00252900,0.40000000,0
1531210942044,1531210942040,3058279,0.00252900,0.79900000,0
1531210942112,1531210942107,3058280,0.00252900,0.79900000,0
1531210948318,1531210948317,3058281,0.00252700,2.76500000,1
1531210948868,1531210948863,3058282,0.00252500,5.62000000,1
1531210949620,1531210949617,3058283,0.00252400,0.39700000,1
1531210955965,1531210955961,3058284,0.00251900,8.03200000,1
1531210957888,1531210957879,3058285,0.00251900,13.37600000,1
1531210957888,1531210957879,3058286,0.00251800,19.46200000,1
1531210957888,1531210957879,3058287,0.00251400,0.39800000,1
1531210957888,1531210957879,3058288,0.00251100,12.79700000,1
1531210957888,1531210957879,3058289,0.00251000,2.18800000,1
1531210957888,1531210957879,3058290,0.00250800,0.39900000,1
1531210957888,1531210957879,3058291,0.00250700,24.40900000,1
1531210957888,1531210957879,3058292,0.00250500,2.38500000,1
1531210957888,1531210957879,3058293,0.00250400,1.59900000,1
1531210957888,1531210957879,3058294,0.00250300,21.95800000,1
1531210960689,1531210960684,3058295,0.00251200,0.40100000,0
1531210960808,1531210960805,3058296,0.00251200,3.02100000,0
1531210961695,1531210961690,3058297,0.00251200,1.20100000,0
1531210961925,1531210961917,3058298,0.00251100,0.40100000,0
1531210961936,1531210961931,3058299,0.00251100,0.40100000,0
1531210965203,1531210965198,3058300,0.00251000,0.99700000,0
1531210965937,1531210965931,3058301,0.00251000,1.96300000,1
1531210967211,1531210967207,3058302,0.00251000,1.04000000,1
1531210967211,1531210967207,3058303,0.00250600,1.99600000,1
1531210967211,1531210967207,3058304,0.00250300,1.86100000,1
1531210970204,1531210970200,3058305,0.00250300,3.67300000,1
1531210972118,1531210972114,3058306,0.00250600,1.46800000,1
1531210972118,1531210972114,3058307,0.00250300,9.05100000,1
1531210972791,1531210972785,3058308,0.00250300,21.44900000,1
1531210973792,1531210973788,3058309,0.00250300,0.00700000,1
1531210982086,1531210982081,3058310,0.00251000,13.78500000,0
1531210982181,1531210982177,3058311,0.00251000,0.40300000,0
1531210991323,1531210991319,3058312,0.00251000,5.19700000,0
1531210994046,1531210994043,3058313,0.00250300,70.02900000,1
1531211000927,1531211000923,3058314,0.00251000,0.53600000,0
1531211005620,1531211005615,3058315,0.00251000,51.97100000,0
1531211008611,1531211008607,3058316,0.00251300,2.37000000,0
1531211008611,1531211008607,3058317,0.00251600,0.59300000,0
1531211010625,1531211010620,3058318,0.00251100,2.72700000,1
1531211010625,1531211010620,3058319,0.00251000,10.27300000,1
1531211019320,1531211019314,3058320,0.00251000,2.99700000,1
1531211027609,1531211027604,3058321,0.00251400,2.72700000,0
1531211027609,1531211027604,3058322,0.00251500,0.98800000,0
1531211037073,1531211037067,3058323,0.00251900,2.39400000,0
1531211037073,1531211037067,3058324,0.00252000,1.39700000,0
1531211037073,1531211037067,3058325,0.00252300,1.06700000,0
1531211037073,1531211037067,3058326,0.00252500,0.80000000,0
1531211037073,1531211037067,3058327,0.00252600,2.39100000,0
1531211037073,1531211037067,3058328,0.00252700,3.60000000,0
1531211037073,1531211037067,3058329,0.00252900,0.51700000,0
1531211037108,1531211037105,3058330,0.00252900,1.47500000,0
1531211037108,1531211037105,3058331,0.00253000,1.03800000,0
1531211037108,1531211037105,3058332,0.00253300,1.41100000,0
1531211037148,1531211037143,3058333,0.00253300,1.58500000,0
1531211037148,1531211037143,3058334,0.00253400,0.76900000,0
1531211037160,1531211037155,3058335,0.00253400,1.60900000,0
1531211037160,1531211037155,3058336,0.00253700,0.35300000,0
1531211037178,1531211037174,3058337,0.00253200,16.75900000,1
1531211037202,1531211037198,3058338,0.00253200,3.94500000,1
1531211037314,1531211037308,3058339,0.00253700,2.37700000,0
1531211037326,1531211037322,3058340,0.00253700,3.91100000,0
1531211037340,1531211037336,3058341,0.00253400,1.97000000,1
1531211037449,1531211037444,3058342,0.00253200,1.97000000,1
1531211037452,1531211037452,3058343,0.00253300,1.96200000,0
1531211037585,1531211037580,3058344,0.00253300,0.00800000,0
1531211037585,1531211037580,3058345,0.00253700,2.73900000,0
1531211037770,1531211037765,3058346,0.00253200,11.31100000,1
1531211038115,1531211038109,3058347,0.00253200,4.77700000,1
1531211038395,1531211038390,3058348,0.00253200,0.00300000,0
1531211038395,1531211038390,3058349,0.00253700,2.37400000,0
1531211038771,1531211038771,3058350,0.00253200,2.10400000,1
1531211041546,1531211041543,3058351,0.00253600,1.89000000,0
1531211045410,1531211045405,3058352,0.00253600,0.77900000,0
1531211045535,1531211045530,3058353,0.00253200,0.28400000,1
1531211046620,1531211046615,3058354,0.00252900,1.57900000,1
1531211053998,1531211053994,3058355,0.00253200,1.50000000,0
1531211062160,1531211062156,3058356,0.00252500,0.40000000,0
1531211062431,1531211062428,3058357,0.00252500,0.45200000,0
1531211062653,1531211062648,3058358,0.00252500,0.79900000,0
1531211062693,1531211062688,3058359,0.00252500,0.40000000,0
1531211062840,1531211062836,3058360,0.00252500,0.40000000,0
1531211062917,1531211062912,3058361,0.00252500,0.40000000,0
1531211063281,1531211063275,3058362,0.00252500,0.70800000,0
1531211063281,1531211063275,3058363,0.00252800,0.09100000,0
1531211063921,1531211063917,3058364,0.00252800,19.96900000,0
1531211064081,1531211064075,3058365,0.00251600,0.78100000,1
1531211064140,1531211064135,3058366,0.00252800,7.28700000,0
1531211064177,1531211064172,3058367,0.00252900,8.43300000,0
1531211081956,1531211081952,3058368,0.00252800,0.40000000,0
1531211082191,1531211082186,3058369,0.00252800,0.38100000,0
1531211082191,1531211082186,3058370,0.00252900,0.81800000,0
1531211082408,1531211082404,3058371,0.00252900,0.03000000,0
1531211082614,1531211082610,3058372,0.00252900,0.37000000,1
1531211083605,1531211083601,3058373,0.00252900,0.40000000,1
1531211087892,1531211087888,3058374,0.00252300,2.21600000,1
1531211090812,1531211090808,3058375,0.00252900,0.78100000,0
1531211090876,1531211090869,3058376,0.00252900,0.99600000,0
1531211090876,1531211090869,3058377,0.00253100,0.42200000,0
1531211090882,1531211090876,3058378,0.00253400,1.99500000,0
1531211090882,1531211090876,3058379,0.00253700,0.28600000,0
1531211090893,1531211090890,3058380,0.00253700,2.34300000,0
1531211090913,1531211090909,3058381,0.00253700,2.36700000,0
1531211090921,1531211090917,3058382,0.00253700,2.37100000,0
1531211091042,1531211091038,3058383,0.00253700,1.55500000,0
1531211091068,1531211091065,3058384,0.00253700,2.15000000,0
1531211091097,1531211091093,3058385,0.00253700,2.36500000,0
1531211091110,1531211091107,3058386,0.00253700,3.90900000,0
1531211091162,1531211091157,3058387,0.00253700,0.78600000,0
1531211091437,1531211091434,3058388,0.00253700,2.18900000,0
1531211102901,1531211102896,3058389,0.00253700,0.39800000,0
1531211103262,1531211103255,3058390,0.00253700,0.79600000,0
1531211103378,1531211103374,3058391,0.00253700,0.39800000,0
1531211104554,1531211104554,3058392,0.00253700,0.39800000,0
1531211109386,1531211109381,3058393,0.00253700,4.44900000,0
1531211109386,1531211109381,3058394,0.00253800,10.55100000,0
1531211111431,1531211111424,3058395,0.00253800,33.88600000,0
1531211111431,1531211111424,3058396,0.00253900,1.58400000,0
1531211111431,1531211111424,3058397,0.00254100,0.40000000,0
1531211111431,1531211111424,3058398,0.00254200,2.68600000,0
1531211111431,1531211111424,3058399,0.00254400,1.19900000,0
1531211111431,1531211111424,3058400,0.00254500,3.19500000,0
1531211111431,1531211111424,3058401,0.00254600,1.98600000,0
1531211111431,1531211111424,3058402,0.00254700,0.06400000,0
1531211111868,1531211111864,3058403,0.00254700,2.50000000,0
1531211112308,1531211112304,3058404,0.00253300,2.01600000,1
1531211114617,1531211114613,3058405,0.00254600,1.50400000,0
1531211114617,1531211114613,3058406,0.00254700,1.51800000,0
1531211114632,1531211114627,3058407,0.00254700,2.15900000,1
1531211114644,1531211114640,3058408,0.00254700,0.98100000,1
1531211114658,1531211114659,3058409,0.00254700,2.87100000,1
1531211114804,1531211114800,3058410,0.00254700,5.38300000,1
1531211115627,1531211115623,3058411,0.00254700,6.64100000,1
1531211116200,1531211116195,3058412,0.00254800,0.79400000,0
1531211116200,1531211116195,3058413,0.00254900,0.72400000,0
1531211131288,1531211131284,3058414,0.00254800,0.51200000,0
1531211131288,1531211131284,3058415,0.00254900,3.84800000,0
1531211135655,1531211135652,3058416,0.00254900,48.53700000,0
1531211139367,1531211139362,3058417,0.00253800,2.67400000,1
1531211139647,1531211139642,3058418,0.00253800,1.37600000,0
1531211142385,1531211142381,3058419,0.00253400,13.27000000,1
1531211143738,1531211143733,3058420,0.00254400,0.39700000,0
1531211143804,1531211143800,3058421,0.00254400,0.39700000,0
1531211143857,1531211143853,3058422,0.00254400,0.39700000,0
1531211143945,1531211143940,3058423,0.00254400,0.39700000,0
1531211144278,1531211144274,3058424,0.00254400,0.79300000,0
1531211144292,1531211144288,3058425,0.00254400,0.29300000,0
1531211144292,1531211144288,3058426,0.00254500,0.10400000,0
1531211144293,1531211144288,3058427,0.00254500,0.39700000,0
1531211144329,1531211144325,3058428,0.00254500,0.39700000,0
1531211144772,1531211144765,3058429,0.00254500,0.39700000,0
1531211155971,1531211155967,3058430,0.00254500,63.10400000,0
1531211160622,1531211160619,3058431,0.00254400,1.11900000,0
1531211160622,1531211160619,3058432,0.00254500,8.07500000,0
1531211161628,1531211161623,3058433,0.00254500,25.71500000,1
1531211163481,1531211163479,3058434,0.00254900,0.41600000,0
1531211163605,1531211163600,3058435,0.00254900,0.41600000,0
1531211163637,1531211163634,3058436,0.00254600,1.19100000,1
1531211163710,1531211163704,3058437,0.00254600,0.39700000,1
1531211163730,1531211163726,3058438,0.00254900,0.41600000,0
1531211164625,1531211164620,3058439,0.00254600,0.39700000,1
1531211168640,1531211168634,3058440,0.00253700,0.39500000,1
1531211177152,1531211177148,3058441,0.00254500,1.24800000,0
1531211177152,1531211177148,3058442,0.00254600,8.66100000,0
1531211182639,1531211182633,3058443,0.00253700,2.71700000,1
1531211183652,1531211183647,3058444,0.00253600,3.74400000,1
1531211199637,1531211199632,3058445,0.00253300,0.72600000,1
1531211202651,1531211202645,3058446,0.00253200,2.52500000,1
1531211211479,1531211211472,3058447,0.00252900,4.97700000,1
1531211211479,1531211211472,3058448,0.00252800,0.39600000,1
1531211211479,1531211211472,3058449,0.00252700,0.39600000,1
1531211211479,1531211211472,3058450,0.00252600,1.18800000,1
1531211211479,1531211211472,3058451,0.00252500,0.79300000,1
1531211211479,1531211211472,3058452,0.00252400,0.79400000,1
1531211211479,1531211211472,3058453,0.00252300,2.91400000,1
1531211211479,1531211211472,3058454,0.00252200,1.98300000,1
1531211211479,1531211211472,3058455,0.00252100,3.05300000,1
1531211211479,1531211211472,3058456,0.00252000,36.63000000,1
1531211211479,1531211211472,3058457,0.00251900,29.79900000,1
1531211214139,1531211214136,3058458,0.00252400,2.18800000,0
1531211224465,1531211224461,3058459,0.00253100,1.19700000,0
1531211224659,1531211224654,3058460,0.00253100,1.52000000,0
1531211224659,1531211224654,3058461,0.00253200,1.46500000,0
1531211224659,1531211224654,3058462,0.00253500,5.08200000,0
1531211228004,1531211228001,3058463,0.00253500,2.64600000,0
1531211230942,1531211230939,3058464,0.00252500,13.50600000,1
1531211230957,1531211230953,3058465,0.00252400,10.46800000,0
1531211233408,1531211233405,3058466,0.00253500,5.13600000,0
1531211245285,1531211245281,3058467,0.00253100,6.01100000,0
1531211249614,1531211249611,3058468,0.00252600,1.98200000,0
1531211249903,1531211249878,3058469,0.00252600,0.98400000,0
1531211252644,1531211252640,3058470,0.00252600,0.66200000,0
1531211253641,1531211253638,3058471,0.00253500,0.00400000,0
1531211253676,1531211253672,3058472,0.00252000,2.54800000,1
1531211259655,1531211259651,3058473,0.00252400,2.55900000,1
1531211348722,1531211348716,3058474,0.00253200,0.41600000,0
1531211348849,1531211348846,3058475,0.00253200,0.41600000,0
1531211348977,1531211348973,3058476,0.00253200,0.41600000,0
1531211349103,1531211349098,3058477,0.00253200,0.41600000,0
1531211349230,1531211349226,3058478,0.00253200,0.41600000,0
1531211359858,1531211359853,3058479,0.00252300,14.23600000,1
1531211360646,1531211360643,3058480,0.00252300,50.31000000,0
1531211377542,1531211377538,3058481,0.00253000,0.45700000,0
1531211377970,1531211377966,3058482,0.00252300,79.15600000,1
1531211377970,1531211377966,3058483,0.00252200,16.27600000,1
1531211378659,1531211378655,3058484,0.00252200,5.56800000,0
1531211381868,1531211381863,3058485,0.00253000,1.50100000,0
1531211381868,1531211381863,3058486,0.00253400,0.47900000,0
1531211381868,1531211381863,3058487,0.00253500,1.02000000,0
1531211424394,1531211424390,3058488,0.00252600,0.41600000,1
1531211424520,1531211424515,3058489,0.00252600,0.41600000,1
1531211424642,1531211424638,3058490,0.00252600,0.41600000,1
1531211424770,1531211424766,3058491,0.00252600,0.41600000,1
1531211424895,1531211424890,3058492,0.00252600,0.41600000,1
1531211425030,1531211425027,3058493,0.00253100,0.41600000,0
1531211425166,1531211425162,3058494,0.00253100,0.41600000,0
1531211425298,1531211425292,3058495,0.00253100,0.41600000,0
1531211425425,1531211425421,3058496,0.00253100,0.41600000,0
1531211425563,1531211425559,3058497,0.00253100,0.08200000,0
1531211425563,1531211425559,3058498,0.00253500,0.33400000,0
1531211437877,1531211437871,3058499,0.00253500,2.53400000,0
1531211444578,1531211444573,3058500,0.00253500,21.66600000,0
1531211445695,1531211445694,3058501,0.00253500,1.34700000,1
1531211452049,1531211452045,3058502,0.00253000,0.41600000,1
1531211452187,1531211452180,3058503,0.00253000,0.41600000,1
1531211452314,1531211452310,3058504,0.00253000,0.41600000,1
1531211452438,1531211452433,3058505,0.00253000,0.41600000,1
1531211452563,1531211452559,3058506,0.00253000,0.41600000,1
1531211452698,1531211452694,3058507,0.00253600,0.41600000,0
1531211452825,1531211452821,3058508,0.00253600,0.41600000,0
1531211452963,1531211452959,3058509,0.00253600,0.41600000,0
1531211453097,1531211453093,3058510,0.00253600,0.41600000,0
1531211453233,1531211453228,3058511,0.00253600,0.41600000,0
1531211459228,1531211459223,3058512,0.00253600,0.41600000,0
1531211459352,1531211459351,3058513,0.00253600,0.41600000,0
1531211459483,1531211459478,3058514,0.00253600,0.41600000,0
1531211459615,1531211459610,3058515,0.00253600,0.41600000,0
1531211459739,1531211459734,3058516,0.00253600,0.41600000,0
1531211467671,1531211467668,3058517,0.00253000,1.20700000,1
1531211468803,1531211468799,3058518,0.00253500,5.30000000,0
1531211488705,1531211488701,3058519,0.00253500,2.06200000,1
1531211489827,1531211489826,3058520,0.00253600,8.20400000,0
1531211496131,1531211496125,3058521,0.00253600,34.29300000,0
1531211496575,1531211496570,3058522,0.00253600,1.36400000,0
1531211496575,1531211496570,3058523,0.00254100,0.79400000,0
1531211496575,1531211496570,3058524,0.00254200,0.41600000,0
1531211496575,1531211496570,3058525,0.00254300,0.44600000,0
1531211502536,1531211502530,3058526,0.00253600,3.02000000,0
1531211505467,1531211505462,3058527,0.00253600,0.41600000,0
1531211505592,1531211505593,3058528,0.00253600,0.41600000,0
1531211505717,1531211505712,3058529,0.00253600,0.41600000,0
1531211505846,1531211505841,3058530,0.00253600,0.41600000,0
1531211505974,1531211505969,3058531,0.00253600,0.41600000,0
1531211508749,1531211508746,3058532,0.00253600,12.08200000,0
1531211514657,1531211514651,3058533,0.00253600,3.02000000,0
1531211516705,1531211516699,3058534,0.00253400,0.49700000,1
1531211522148,1531211522144,3058535,0.00253600,3.02000000,0
1531211527618,1531211527613,3058536,0.00253600,0.39900000,0
1531211527946,1531211527941,3058537,0.00253600,3.02000000,0
1531211532696,1531211532691,3058538,0.00253600,11.32100000,0
1531211533152,1531211533149,3058539,0.00254300,0.41600000,0
1531211533287,1531211533283,3058540,0.00254300,0.41600000,0
1531211533414,1531211533409,3058541,0.00254300,0.41600000,0
1531211533548,1531211533544,3058542,0.00254300,0.41600000,0
1531211533673,1531211533668,3058543,0.00254300,0.27200000,0
1531211533673,1531211533668,3058544,0.00254400,0.14400000,0
1531211534668,1531211534663,3058545,0.00254400,6.36900000,0
1531211536093,1531211536089,3058546,0.00253600,9.53000000,1
1531211538424,1531211538420,3058547,0.00254400,3.02000000,0
1531211542990,1531211542985,3058548,0.00253600,0.42600000,0
1531211543697,1531211543691,3058549,0.00253600,0.30000000,0
1531211546991,1531211546987,3058550,0.00254300,0.39700000,0
1531211558447,1531211558443,3058551,0.00254300,0.02900000,0
1531211558447,1531211558443,3058552,0.00254400,5.60400000,0
1531211560714,1531211560710,3058553,0.00253800,0.44100000,1
1531211566711,1531211566706,3058554,0.00253700,1.97100000,1
1531211568214,1531211568207,3058555,0.00254400,0.79400000,0
1531211568755,1531211568749,3058556,0.00253200,0.90500000,1
1531211587545,1531211587540,3058557,0.00254200,0.39800000,0
1531211587665,1531211587662,3058558,0.00254200,0.39800000,0
1531211587827,1531211587822,3058559,0.00254200,1.19200000,0
1531211587872,1531211587869,3058560,0.00254200,0.39800000,0
1531211590701,1531211590698,3058561,0.00253700,1.18300000,1
1531211593715,1531211593710,3058562,0.00254000,94.66400000,1
1531211601179,1531211601173,3058563,0.00253500,0.71500000,1
1531211601201,1531211601197,3058564,0.00253500,0.02900000,1
1531211627782,1531211627777,3058565,0.00254200,0.39800000,0
1531211633566,1531211633561,3058566,0.00254200,5.46700000,0
1531211640607,1531211640602,3058567,0.00254200,0.00300000,0
1531211652691,1531211652687,3058568,0.00254200,3.73200000,0
1531211656726,1531211656726,3058569,0.00253500,3.46500000,1
1531211667705,1531211667702,3058570,0.00253400,1.52900000,1
1531211693651,1531211693647,3058571,0.00253200,1.13600000,1
1531211698720,1531211698713,3058572,0.00253400,15.78500000,1
1531211713727,1531211713723,3058573,0.00253200,6.55000000,1
1531211723533,1531211723530,3058574,0.00253500,3.55900000,0
1531211727548,1531211727544,3058575,0.00253000,5.19200000,1
1531211751995,1531211751990,3058576,0.00253000,29.04600000,1
1531211759149,1531211759145,3058577,0.00253500,1.68000000,0
1531211759722,1531211759718,3058578,0.00253600,1.32000000,1
1531211762790,1531211762787,3058579,0.00253800,0.75000000,0
1531211788541,1531211788537,3058580,0.00253800,0.79600000,0
1531211800382,1531211800377,3058581,0.00253100,2.98900000,1
1531211800403,1531211800398,3058582,0.00253100,10.60100000,1
1531211840767,1531211840762,3058583,0.00252800,0.21300000,1
1531211841961,1531211841957,3058584,0.00252700,0.21300000,1
1531211872616,1531211872606,3058585,0.00252800,2.56300000,1
1531211872616,1531211872606,3058586,0.00252700,1.17200000,1
1531211872616,1531211872606,3058587,0.00252600,16.25200000,1
1531211872616,1531211872606,3058588,0.00252500,0.79300000,1
1531211872616,1531211872606,3058589,0.00252100,1.19100000,1
1531211872616,1531211872606,3058590,0.00252000,0.41800000,1
1531211872616,1531211872606,3058591,0.00251900,1.19100000,1
1531211872616,1531211872606,3058592,0.00251700,2.78300000,1
1531211872616,1531211872606,3058593,0.00251600,1.74800000,1
1531211872616,1531211872606,3058594,0.00251500,6.33800000,1
1531211872616,1531211872606,3058595,0.00251400,3.76000000,1
1531211872616,1531211872606,3058596,0.00251300,3.42700000,1
1531211872637,1531211872634,3058597,0.00252400,2.86600000,0
1531211872642,1531211872637,3058598,0.00252400,2.86600000,0
1531211872660,1531211872655,3058599,0.00252400,1.48100000,0
1531211872668,1531211872664,3058600,0.00252400,2.92000000,0
1531211872693,1531211872689,3058601,0.00252400,1.25200000,0
1531211873354,1531211873348,3058602,0.00251500,0.49700000,1
1531211873600,1531211873596,3058603,0.00252300,2.56300000,0
1531211880386,1531211880382,3058604,0.00251300,5.98800000,1
1531211880386,1531211880382,3058605,0.00251100,7.27600000,1
1531211880386,1531211880382,3058606,0.00251000,81.25000000,1
1531211882213,1531211882208,3058607,0.00251500,0.39800000,1
1531211882213,1531211882208,3058608,0.00251200,0.49900000,1
1531211882213,1531211882208,3058609,0.00251000,104.70800000,1
1531211883006,1531211883002,3058610,0.00251100,0.75000000,1
1531211883399,1531211883393,3058611,0.00252300,0.57400000,0
1531211884190,1531211884186,3058612,0.00251100,4.59700000,1
1531211884190,1531211884186,3058613,0.00251000,221.57600000,1
1531211888619,1531211888613,3058614,0.00251000,26.48800000,1
1531211889297,1531211889293,3058615,0.00251400,2.51700000,0
1531211889297,1531211889293,3058616,0.00251500,12.65700000,0
1531211894077,1531211894073,3058617,0.00251500,0.40200000,0
1531211902720,1531211902716,3058618,0.00251400,0.39800000,1
1531211922374,1531211922370,3058619,0.00251100,1.02400000,1
1531211922374,1531211922370,3058620,0.00251000,5.17900000,1
1531211923579,1531211923573,3058621,0.00251000,0.01400000,1
1531211933932,1531211933927,3058622,0.00251000,1.18100000,1
1531211934724,1531211934719,3058623,0.00251000,96.34700000,0
1531211935727,1531211935722,3058624,0.00251000,2.49800000,0
1531211941728,1531211941723,3058625,0.00251100,2.83000000,0
1531211947728,1531211947725,3058626,0.00251100,29.94600000,0
1531211956718,1531211956715,3058627,0.00251200,3.92700000,0
1531211957111,1531211957107,3058628,0.00251200,4.10500000,0
1531211957494,1531211957490,3058629,0.00251200,3.88800000,0
1531211957542,1531211957538,3058630,0.00251200,4.41200000,0
1531211958721,1531211958717,3058631,0.00251100,51.28400000,0
1531212002155,1531212002149,3058632,0.00250900,1.49500000,1
1531212002155,1531212002149,3058633,0.00250800,3.59400000,1
1531212002155,1531212002149,3058634,0.00250700,0.87500000,1
1531212002155,1531212002149,3058635,0.00250600,2.47900000,1
1531212010155,1531212010149,3058636,0.00250600,0.26200000,1
1531212019020,1531212019017,3058637,0.00250600,8.93900000,1
1531212020042,1531212020037,3058638,0.00250600,0.49900000,1
1531212021741,1531212021737,3058639,0.00250600,20.07900000,1
1531212021741,1531212021737,3058640,0.00250500,391.89000000,1
1531212029728,1531212029723,3058641,0.00251100,18.71700000,0
1531212033065,1531212033061,3058642,0.00251100,6.18000000,0
1531212038455,1531212038451,3058643,0.00251000,1.00000000,1
1531212052855,1531212052852,3058644,0.00251100,0.40300000,0
1531212060586,1531212060581,3058645,0.00251100,18.06500000,0
1531212070794,1531212070789,3058646,0.00251100,0.76300000,0
1531212090303,1531212090299,3058647,0.00251100,40.42900000,0
1531212091542,1531212091539,3058648,0.00251100,10.43800000,1
1531212098273,1531212098267,3058649,0.00251200,50.26900000,0
1531212100720,1531212100714,3058650,0.00251100,1.25200000,1
1531212113107,1531212113102,3058651,0.00251100,12.29300000,1
1531212127218,1531212127215,3058652,0.00251200,1.16000000,0
1531212132987,1531212132983,3058653,0.00251200,9.60000000,0
1531212134091,1531212134085,3058654,0.00251200,38.83500000,0
1531212134348,1531212134342,3058655,0.00251200,1.20600000,0
1531212135985,1531212135980,3058656,0.00251200,1.47300000,0
1531212137738,1531212137734,3058657,0.00251100,1.20400000,1
1531212138143,1531212138138,3058658,0.00251200,11.43900000,0
1531212145898,1531212145893,3058659,0.00251200,2.53700000,0
1531212147462,1531212147459,3058660,0.00251200,278.66200000,0
1531212147552,1531212147548,3058661,0.00251200,5.09600000,0
1531212203791,1531212203787,3058662,0.00251800,7.17000000,0
1531212203844,1531212203840,3058663,0.00252000,0.99200000,0
1531212204791,1531212204786,3058664,0.00252100,1.02400000,0
1531212204816,1531212204810,3058665,0.00252300,5.73200000,0
1531212205122,1531212205117,3058666,0.00251800,7.17000000,1
1531212205122,1531212205117,3058667,0.00251200,10.83000000,1
1531212210870,1531212210867,3058668,0.00252300,1.83800000,0
1531212211295,1531212211290,3058669,0.00252300,1.08600000,0
1531212266060,1531212266055,3058670,0.00251500,1.15100000,1
1531212266060,1531212266055,3058671,0.00251300,30.23000000,1
1531212266060,1531212266055,3058672,0.00251200,73.78000000,1
1531212266060,1531212266055,3058673,0.00251100,21.98000000,1
1531212268129,1531212268124,3058674,0.00252200,1.16000000,0
1531212287685,1531212287680,3058675,0.00251200,0.06500000,1
1531212289131,1531212289126,3058676,0.00251200,0.06500000,1
1531212329935,1531212329930,3058677,0.00251300,2.76300000,1
1531212359301,1531212359298,3058678,0.00251300,1.00100000,1
1531212393436,1531212393429,3058679,0.00252200,2.76300000,0
1531212393436,1531212393429,3058680,0.00252300,15.69800000,0
1531212393436,1531212393429,3058681,0.00252400,8.07700000,0
1531212393436,1531212393429,3058682,0.00252700,0.40100000,0
1531212393436,1531212393429,3058683,0.00252900,2.89100000,0
1531212393436,1531212393429,3058684,0.00253000,8.08900000,0
1531212393436,1531212393429,3058685,0.00253100,3.43400000,0
1531212393436,1531212393429,3058686,0.00253200,4.10600000,0
1531212408604,1531212408598,3058687,0.00253200,4.18900000,0
1531212408604,1531212408598,3058688,0.00253300,0.95000000,0
1531212423380,1531212423376,3058689,0.00252900,20.74000000,0
1531212435583,1531212435579,3058690,0.00252800,0.40000000,0
1531212436912,1531212436907,3058691,0.00252800,0.40000000,0
1531212437402,1531212437398,3058692,0.00252800,0.40000000,0
1531212444262,1531212444256,3058693,0.00252300,0.39700000,1
1531212444262,1531212444256,3058694,0.00251800,0.39800000,1
1531212444262,1531212444256,3058695,0.00251600,0.59600000,1
1531212444262,1531212444256,3058696,0.00251400,19.32800000,1
1531212456168,1531212456164,3058697,0.00252800,0.40000000,0
1531212469179,1531212469173,3058698,0.00252800,1.15600000,1
1531212469185,1531212469180,3058699,0.00252800,2.92000000,1
1531212469211,1531212469206,3058700,0.00252800,1.62500000,1
1531212469251,1531212469245,3058701,0.00252200,1.98300000,1
1531212472481,1531212472477,3058702,0.00251600,2.56200000,1
1531212483448,1531212483443,3058703,0.00251700,2.29800000,1
1531212519882,1531212519878,3058704,0.00251700,0.50600000,1
1531212519882,1531212519878,3058705,0.00251600,5.52000000,1
1531212519882,1531212519878,3058706,0.00251500,0.76200000,1
1531212519882,1531212519878,3058707,0.00251300,2.26000000,1
1531212521576,1531212521571,3058708,0.00252200,0.41700000,0
1531212521712,1531212521708,3058709,0.00252200,0.41700000,0
1531212521848,1531212521844,3058710,0.00252200,0.41700000,0
1531212522198,1531212522193,3058711,0.00252200,0.37400000,0
1531212522198,1531212522193,3058712,0.00252300,0.04300000,0
1531212522318,1531212522315,3058713,0.00252300,0.41700000,0
1531212543911,1531212543907,3058714,0.00252300,0.01200000,0
1531212552170,1531212552166,3058715,0.00251400,2.78800000,1
1531212552170,1531212552166,3058716,0.00251300,2.00700000,1
1531212571980,1531212571977,3058717,0.00251500,8.10600000,1
1531212571980,1531212571977,3058718,0.00251300,1.89400000,1
1531212573739,1531212573736,3058719,0.00251800,0.79400000,1
1531212581015,1531212581010,3058720,0.00251300,2.06400000,1
1531212581376,1531212581369,3058721,0.00251200,1.83700000,1
1531212582336,1531212582332,3058722,0.00251100,2.78800000,1
1531212582336,1531212582332,3058723,0.00251100,80.00500000,1
1531212582336,1531212582332,3058724,0.00251000,0.78200000,1
1531212591827,1531212591824,3058725,0.00251000,4.26400000,1
1531212597263,1531212597259,3058726,0.00251200,0.40200000,0
1531212602613,1531212602607,3058727,0.00251200,0.41700000,0
1531212602747,1531212602743,3058728,0.00251200,0.41700000,0
1531212602882,1531212602877,3058729,0.00251200,0.41700000,0
1531212603007,1531212603003,3058730,0.00251200,0.41700000,0
1531212603131,1531212603126,3058731,0.00251200,0.17000000,0
1531212603131,1531212603126,3058732,0.00251400,0.24700000,0
1531212610849,1531212610843,3058733,0.00251000,50.30000000,1
1531212612279,1531212612273,3058734,0.00251000,0.83700000,0
1531212623239,1531212623234,3058735,0.00251000,1.38400000,0
1531212627683,1531212627679,3058736,0.00250800,0.98300000,1
1531212631202,1531212631197,3058737,0.00250800,13.37600000,1
1531212647875,1531212647870,3058738,0.00250800,3.46200000,1
1531212660227,1531212660223,3058739,0.00250900,3.82600000,0
1531212660227,1531212660223,3058740,0.00252300,0.63300000,0
1531212698043,1531212698038,3058741,0.00252500,4.96700000,0
1531212698043,1531212698038,3058742,0.00252900,0.57300000,0
1531212698043,1531212698038,3058743,0.00253000,0.76200000,0
1531212698043,1531212698038,3058744,0.00253100,24.78400000,0
1531212727579,1531212727574,3058745,0.00252700,0.41700000,0
1531212727711,1531212727707,3058746,0.00252700,0.41700000,0
1531212727725,1531212727719,3058747,0.00252700,8.11300000,0
1531212727725,1531212727719,3058748,0.00252800,2.13000000,0
1531212727843,1531212727839,3058749,0.00252800,0.41700000,0
1531212727978,1531212727973,3058750,0.00252800,0.41700000,0
1531212728118,1531212728111,3058751,0.00252800,0.41700000,0
1531212729986,1531212729981,3058752,0.00251600,0.00100000,1
1531212731772,1531212731769,3058753,0.00251500,0.00100000,1
1531212731837,1531212731833,3058754,0.00252800,10.05800000,0
1531212732102,1531212732098,3058755,0.00252800,0.41700000,1
1531212732233,1531212732230,3058756,0.00252800,0.41700000,1
1531212732357,1531212732353,3058757,0.00252800,0.41700000,1
1531212732481,1531212732476,3058758,0.00252800,0.41700000,1
1531212732607,1531212732604,3058759,0.00252800,0.41700000,1
1531212732740,1531212732736,3058760,0.00253000,0.41700000,0
1531212732853,1531212732849,3058761,0.00252800,27.49200000,1
1531212732864,1531212732862,3058762,0.00252800,0.41700000,0
1531212732988,1531212732983,3058763,0.00252800,0.41700000,0
1531212733123,1531212733118,3058764,0.00252700,0.41700000,0
1531212733248,1531212733244,3058765,0.00252700,0.41700000,0
1531212733403,1531212733399,3058766,0.00252700,3.54800000,0
1531212733403,1531212733399,3058767,0.00252800,22.19900000,0
1531212733403,1531212733399,3058768,0.00253000,24.48000000,0
1531212733403,1531212733399,3058769,0.00253200,0.40200000,0
1531212737303,1531212737298,3058770,0.00253400,1.59300000,0
1531212737303,1531212737298,3058771,0.00253500,2.80400000,0
1531212737303,1531212737298,3058772,0.00253800,1.86700000,0
1531212740460,1531212740454,3058773,0.00253900,2.07400000,0
1531212743275,1531212743269,3058774,0.00253900,3.88800000,0
1531212744662,1531212744656,3058775,0.00254000,4.86800000,0
1531212745886,1531212745881,3058776,0.00254000,9.82400000,0
1531212748769,1531212748763,3058777,0.00254200,2.55500000,0
1531212757682,1531212757676,3058778,0.00254200,0.00400000,1
1531212759601,1531212759596,3058779,0.00254300,0.39800000,0
1531212760044,1531212760038,3058780,0.00254300,0.39800000,0
1531212760224,1531212760218,3058781,0.00254300,23.55200000,0
1531212763861,1531212763855,3058782,0.00254300,13.31500000,0
1531212765606,1531212765602,3058783,0.00254200,94.57000000,1
1531212769306,1531212769301,3058784,0.00254300,2.32500000,0
1531212773963,1531212773957,3058785,0.00254400,0.39800000,0
1531212778768,1531212778763,3058786,0.00254300,12.71500000,1
1531212778768,1531212778763,3058787,0.00254200,10.23700000,1
1531212778768,1531212778763,3058788,0.00254000,39.79100000,1
1531212778768,1531212778763,3058789,0.00253800,1.97100000,1
1531212778768,1531212778763,3058790,0.00253200,48.89000000,1
1531212778836,1531212778830,3058791,0.00253200,13.73300000,1
1531212779440,1531212779435,3058792,0.00253200,9.46300000,1
1531212779516,1531212779510,3058793,0.00254400,0.39700000,0
1531212779587,1531212779581,3058794,0.00254400,0.39700000,0
1531212779639,1531212779635,3058795,0.00254400,1.19100000,0
1531212779811,1531212779805,3058796,0.00254400,2.47800000,0
1531212779811,1531212779805,3058797,0.00254500,22.58200000,0
1531212779852,1531212779848,3058798,0.00254500,2.86200000,1
1531212782977,1531212782971,3058799,0.00254600,0.40000000,0
1531212782977,1531212782971,3058800,0.00254700,5.32200000,0
1531212782977,1531212782971,3058801,0.00254800,1.19200000,0
1531212782977,1531212782971,3058802,0.00254900,3.37600000,0
1531212782977,1531212782971,3058803,0.00255000,101.30500000,0
1531212786720,1531212786717,3058804,0.00255000,5.91200000,0
1531212790509,1531212790504,3058805,0.00255000,32.40100000,0
1531212796557,1531212796552,3058806,0.00255000,9.08400000,0
1531212797583,1531212797577,3058807,0.00255000,3.40000000,0
1531212799840,1531212799837,3058808,0.00255000,0.79200000,0
1531212799929,1531212799925,3058809,0.00255000,0.39600000,0
1531212800165,1531212800163,3058810,0.00255000,0.39600000,0
1531212800173,1531212800169,3058811,0.00255000,0.39600000,0
1531212800180,1531212800178,3058812,0.00255000,0.39600000,0
1531212800263,1531212800258,3058813,0.00255000,0.39600000,0
1531212801809,1531212801806,3058814,0.00255000,18.86900000,0
1531212802048,1531212802044,3058815,0.00255000,0.41000000,0
1531212802804,1531212802800,3058816,0.00255000,8.57100000,1
1531212804809,1531212804805,3058817,0.00254800,0.78500000,1
1531212806760,1531212806754,3058818,0.00254500,1.19100000,1
1531212807796,1531212807793,3058819,0.00253900,0.39400000,1
1531212808286,1531212808281,3058820,0.00253600,2.38600000,1
1531212819726,1531212819720,3058821,0.00254300,0.39800000,0
1531212819736,1531212819732,3058822,0.00254300,0.39800000,0
1531212820343,1531212820339,3058823,0.00254200,0.39800000,0
1531212820786,1531212820782,3058824,0.00254200,0.39800000,0
1531212829912,1531212829907,3058825,0.00254100,5.80800000,0
1531212829912,1531212829907,3058826,0.00254200,10.80500000,0
1531212829912,1531212829907,3058827,0.00254500,0.76200000,0
1531212831888,1531212831883,3058828,0.00255000,2.30300000,0
1531212834655,1531212834651,3058829,0.00254500,117.54800000,1
1531212841974,1531212841971,3058830,0.00253600,0.00100000,1
1531212852703,1531212852697,3058831,0.00253800,0.39500000,1
1531212852703,1531212852697,3058832,0.00253600,1.97000000,1
1531212852703,1531212852697,3058833,0.00253500,0.50700000,1
1531212877819,1531212877814,3058834,0.00253800,5.04400000,0
1531212877819,1531212877814,3058835,0.00254000,0.81900000,0
1531212883704,1531212883698,3058836,0.00254000,3.78700000,1
1531212883704,1531212883698,3058837,0.00253700,5.18500000,1
1531212891466,1531212891460,3058838,0.00254100,4.89900000,1
1531212891466,1531212891460,3058839,0.00253900,0.41400000,1
1531212891466,1531212891460,3058840,0.00253700,9.09100000,1
1531212897810,1531212897806,3058841,0.00253700,39.98000000,1
1531212897835,1531212897831,3058842,0.00253400,0.79000000,1
1531212899188,1531212899185,3058843,0.00253800,0.47300000,0
1531212901812,1531212901807,3058844,0.00253200,1.97500000,1
1531212901812,1531212901807,3058845,0.00253100,1.18700000,1
1531212901833,1531212901828,3058846,0.00253000,0.39600000,1
1531212904401,1531212904398,3058847,0.00253700,0.80700000,0
1531212905033,1531212905029,3058848,0.00252800,0.39600000,1
1531212905033,1531212905029,3058849,0.00252700,0.30200000,1
1531212908524,1531212908520,3058850,0.00253600,14.14900000,0
1531212921338,1531212921333,3058851,0.00253400,0.63400000,0
1531212921338,1531212921333,3058852,0.00253500,0.16300000,0
1531212938627,1531212938621,3058853,0.00252700,2.27100000,1
1531212938627,1531212938621,3058854,0.00252600,0.52200000,1
1531212938627,1531212938621,3058855,0.00252500,1.19000000,1
1531212938627,1531212938621,3058856,0.00252400,0.39700000,1
1531212938627,1531212938621,3058857,0.00252300,1.31600000,1
1531212938627,1531212938621,3058858,0.00252200,0.79400000,1
1531212938627,1531212938621,3058859,0.00252100,0.41800000,1
1531212938627,1531212938621,3058860,0.00252000,1.19100000,1
1531212938627,1531212938621,3058861,0.00251900,3.30500000,1
1531212961440,1531212961435,3058862,0.00253400,1.19600000,0
1531212968080,1531212968075,3058863,0.00252400,0.24900000,1
1531212969746,1531212969741,3058864,0.00252500,0.24900000,1
1531212990107,1531212990103,3058865,0.00253300,0.43400000,0
1531213038409,1531213038405,3058866,0.00253300,14.87400000,0
1531213042465,1531213042461,3058867,0.00253400,0.03300000,0
1531213046315,1531213046309,3058868,0.00253400,39.47800000,0
1531213046822,1531213046817,3058869,0.00253400,31.89900000,0
1531213049886,1531213049881,3058870,0.00253700,0.41400000,0
1531213050027,1531213050022,3058871,0.00253700,0.41400000,0
1531213050157,1531213050152,3058872,0.00253700,0.41400000,0
1531213050298,1531213050293,3058873,0.00253700,0.41400000,0
1531213050431,1531213050427,3058874,0.00253700,0.41400000,0
1531213051863,1531213051859,3058875,0.00253500,0.41400000,1
1531213051990,1531213051986,3058876,0.00253500,0.41400000,1
1531213052118,1531213052113,3058877,0.00253500,0.41400000,1
1531213052471,1531213052464,3058878,0.00253500,0.41400000,1
1531213052609,1531213052604,3058879,0.00253500,0.41400000,1
1531213052737,1531213052732,3058880,0.00253700,0.41400000,0
1531213052862,1531213052858,3058881,0.00253700,0.41400000,0
1531213052989,1531213052986,3058882,0.00253700,0.41400000,0
1531213053128,1531213053123,3058883,0.00253700,0.41400000,0
1531213053260,1531213053253,3058884,0.00253700,0.41400000,0
1531213057683,1531213057678,3058885,0.00253700,57.74000000,0
1531213060829,1531213060824,3058886,0.00254000,2.37200000,0
1531213060829,1531213060824,3058887,0.00254100,7.31900000,0
1531213067182,1531213067179,3058888,0.00254300,0.79300000,0
1531213067195,1531213067190,3058889,0.00254300,3.86400000,1
1531213067234,1531213067230,3058890,0.00254300,1.99300000,1
1531213067837,1531213067834,3058891,0.00254400,1.59100000,0
1531213067837,1531213067834,3058892,0.00254500,1.97900000,0
1531213072048,1531213072043,3058893,0.00254300,30.64300000,1
1531213073846,1531213073839,3058894,0.00254300,0.44200000,1
1531213077331,1531213077326,3058895,0.00254900,7.95100000,0
1531213080939,1531213080931,3058896,0.00255000,4.83900000,0
1531213080939,1531213080931,3058897,0.00255100,1.21100000,0
1531213080939,1531213080931,3058898,0.00255200,29.25900000,0
1531213080939,1531213080931,3058899,0.00255300,8.14100000,0
1531213080939,1531213080931,3058900,0.00255400,54.71300000,0
1531213080939,1531213080931,3058901,0.00255500,2.37000000,0
1531213080939,1531213080931,3058902,0.00255600,21.77200000,0
1531213080939,1531213080931,3058903,0.00255700,0.47900000,0
1531213080939,1531213080931,3058904,0.00255800,13.35000000,0
1531213085553,1531213085549,3058905,0.00255700,4.43300000,0
1531213085553,1531213085549,3058906,0.00255800,7.29800000,0
1531213085553,1531213085549,3058907,0.00255900,10.24900000,0
1531213086013,1531213086009,3058908,0.00255900,54.79400000,0
1531213086037,1531213086032,3058909,0.00255900,1.48500000,1
1531213086815,1531213086810,3058910,0.00255900,38.36900000,1
1531213099333,1531213099318,3058911,0.00255100,0.79200000,1
1531213099345,1531213099340,3058912,0.00255100,5.48600000,0
1531213099439,1531213099435,3058913,0.00255100,11.76900000,0
1531213099439,1531213099435,3058914,0.00256000,19.23100000,0
1531213102669,1531213102665,3058915,0.00256000,1.18400000,0
1531213102669,1531213102666,3058916,0.00256000,0.39500000,0
1531213102710,1531213102708,3058917,0.00256000,0.39500000,0
1531213102752,1531213102747,3058918,0.00256000,0.12100000,0
1531213102752,1531213102747,3058919,0.00256100,0.27400000,0
1531213102758,1531213102752,3058920,0.00256100,0.39500000,0
1531213102768,1531213102764,3058921,0.00256100,0.39500000,0
1531213102779,1531213102774,3058922,0.00256100,0.39500000,0
1531213102904,1531213102901,3058923,0.00256100,0.39500000,0
1531213102954,1531213102950,3058924,0.00256100,0.39500000,0
1531213103092,1531213103088,3058925,0.00256100,0.78900000,0
1531213103122,1531213103117,3058926,0.00256100,0.39500000,0
1531213103152,1531213103148,3058927,0.00256100,0.39500000,0
1531213103219,1531213103214,3058928,0.00256100,0.39500000,0
1531213103234,1531213103229,3058929,0.00256100,0.39500000,0
1531213103266,1531213103259,3058930,0.00256100,0.39500000,0
1531213103298,1531213103293,3058931,0.00256100,0.39500000,0
1531213103298,1531213103294,3058932,0.00256100,0.78900000,0
1531213107294,1531213107290,3058933,0.00256100,4.60800000,0
1531213107301,1531213107296,3058934,0.00255600,0.78300000,1
1531213108624,1531213108620,3058935,0.00255400,1.95800000,1
1531213108624,1531213108620,3058936,0.00255100,0.19600000,1
1531213112878,1531213112874,3058937,0.00255200,2.60600000,1
1531213112878,1531213112874,3058938,0.00255100,0.58900000,1
1531213112878,1531213112874,3058939,0.00254800,1.96300000,1
1531213112878,1531213112874,3058940,0.00254500,1.17900000,1
1531213112878,1531213112874,3058941,0.00254300,16.42000000,1
1531213117830,1531213117826,3058942,0.00255600,0.39200000,1
1531213122442,1531213122438,3058943,0.00255700,1.97300000,0
1531213123148,1531213123142,3058944,0.00255700,0.39500000,0
1531213124830,1531213124827,3058945,0.00255500,1.17500000,1
1531213126137,1531213126132,3058946,0.00255100,0.23800000,1
1531213127369,1531213127363,3058947,0.00255600,2.07000000,0
1531213130664,1531213130659,3058948,0.00256100,1.87300000,0
1531213137164,1531213137160,3058949,0.00255700,2.35800000,1
1531213140672,1531213140668,3058950,0.00256000,2.91600000,1
1531213140704,1531213140699,3058951,0.00256000,23.89600000,1
1531213140776,1531213140771,3058952,0.00256000,26.81100000,1
1531213141025,1531213141019,3058953,0.00256000,27.78600000,1
1531213143419,1531213143416,3058954,0.00255700,4.89400000,1
1531213143515,1531213143509,3058955,0.00255700,10.89800000,1
1531213143583,1531213143579,3058956,0.00256100,0.39500000,0
1531213148849,1531213148844,3058957,0.00256100,6.08100000,0
1531213148875,1531213148869,3058958,0.00256100,42.48700000,1
1531213148875,1531213148869,3058959,0.00256000,36.34800000,1
1531213150026,1531213150021,3058960,0.00256000,42.48700000,1
1531213151888,1531213151883,3058961,0.00255800,0.39200000,1
1531213159457,1531213159453,3058962,0.00256200,0.41400000,0
1531213159593,1531213159589,3058963,0.00256200,0.37200000,0
1531213159593,1531213159589,3058964,0.00256400,0.04200000,0
1531213159714,1531213159709,3058965,0.00256400,0.41400000,0
1531213159846,1531213159842,3058966,0.00256400,0.40700000,0
1531213159846,1531213159842,3058967,0.00256500,0.00700000,0
1531213159981,1531213159977,3058968,0.00256500,0.41400000,0
1531213161588,1531213161584,3058969,0.00256000,0.41400000,1
1531213161718,1531213161712,3058970,0.00256000,0.41400000,1
1531213161840,1531213161835,3058971,0.00256000,0.41400000,1
1531213161962,1531213161957,3058972,0.00256000,0.41400000,1
1531213162089,1531213162083,3058973,0.00256000,0.41400000,1
1531213162216,1531213162211,3058974,0.00256500,0.41400000,0
1531213162342,1531213162337,3058975,0.00256500,0.17600000,0
1531213162342,1531213162337,3058976,0.00256600,0.23800000,0
1531213162475,1531213162470,3058977,0.00256600,0.41400000,0
1531213162612,1531213162607,3058978,0.00256600,0.41400000,0
1531213162739,1531213162736,3058979,0.00256600,0.41400000,0
1531213164545,1531213164539,3058980,0.00256200,2.14500000,1
1531213164545,1531213164539,3058981,0.00256000,47.93000000,1
1531213164826,1531213164821,3058982,0.00255800,1.43000000,1
1531213165882,1531213165876,3058983,0.00255700,80.09100000,1
1531213166633,1531213166629,3058984,0.00256000,4.12000000,0
1531213166819,1531213166814,3058985,0.00255600,14.72600000,1
1531213169589,1531213169584,3058986,0.00256000,15.98000000,0
1531213174116,1531213174110,3058987,0.00255100,0.14100000,1
1531213174342,1531213174338,3058988,0.00255100,2.30100000,1
1531213174342,1531213174338,3058989,0.00255000,1.76500000,1
1531213174342,1531213174338,3058990,0.00254900,1.17700000,1
1531213174342,1531213174338,3058991,0.00254500,0.39300000,1
1531213174342,1531213174338,3058992,0.00254400,0.82900000,1
1531213178611,1531213178606,3058993,0.00254700,0.48400000,1
1531213183912,1531213183907,3058994,0.00255700,0.39500000,0
1531213183957,1531213183953,3058995,0.00255700,0.39500000,0
1531213185709,1531213185706,3058996,0.00255700,10.59600000,0
1531213188980,1531213188975,3058997,0.00255700,7.58800000,0
1531213188980,1531213188975,3058998,0.00255800,3.41300000,0
1531213190829,1531213190826,3058999,0.00255800,2.75000000,0
1531213194903,1531213194899,3059000,0.00255700,0.91500000,0
1531213200696,1531213200690,3059001,0.00255700,1.38000000,0
1531213200696,1531213200690,3059002,0.00255800,7.50800000,0
1531213200696,1531213200690,3059003,0.00256000,65.97700000,0
1531213203914,1531213203910,3059004,0.00256000,1.60200000,0
1531213204828,1531213204824,3059005,0.00255800,0.39500000,1
1531213205243,1531213205239,3059006,0.00256000,50.00000000,0
1531213206289,1531213206283,3059007,0.00256000,8.86700000,0
1531213206969,1531213206965,3059008,0.00256000,0.97700000,0
1531213208151,1531213208146,3059009,0.00256000,1.75800000,0
1531213208938,1531213208935,3059010,0.00256000,0.98800000,0
1531213210067,1531213210061,3059011,0.00256000,1.71900000,0
1531213210385,1531213210382,3059012,0.00256000,0.89400000,0
1531213211070,1531213211067,3059013,0.00256000,2.22700000,0
1531213225469,1531213225465,3059014,0.00256000,0.47400000,0
1531213239874,1531213239871,3059015,0.00256000,22.32100000,0
1531213244311,1531213244308,3059016,0.00256000,3.99300000,0
1531213249537,1531213249533,3059017,0.00256000,1.36800000,0
1531213265032,1531213265029,3059018,0.00256000,1.18400000,0
1531213265295,1531213265290,3059019,0.00256000,1.18400000,0
1531213266412,1531213266407,3059020,0.00256000,0.41200000,0
1531213266537,1531213266533,3059021,0.00256000,0.41200000,0
1531213266670,1531213266666,3059022,0.00256000,0.41200000,0
1531213266795,1531213266791,3059023,0.00256000,0.41200000,0
1531213266929,1531213266924,3059024,0.00256000,0.41200000,0
1531213268991,1531213268987,3059025,0.00255200,0.41200000,1
1531213269117,1531213269111,3059026,0.00255200,0.37200000,1
1531213269117,1531213269111,3059027,0.00255000,0.04000000,1
1531213269241,1531213269237,3059028,0.00255000,0.41200000,1
1531213269366,1531213269362,3059029,0.00255000,0.41200000,1
1531213269499,1531213269495,3059030,0.00255000,0.41200000,1
1531213269637,1531213269633,3059031,0.00256000,0.41200000,0
1531213269769,1531213269765,3059032,0.00256000,0.41200000,0
1531213270122,1531213270117,3059033,0.00256000,0.41200000,0
1531213270244,1531213270239,3059034,0.00256000,0.41200000,0
1531213270366,1531213270361,3059035,0.00256000,0.41200000,0
1531213270387,1531213270382,3059036,0.00256000,1.48400000,0
1531213284445,1531213284441,3059037,0.00256000,3.00000000,0
1531213295329,1531213295324,3059038,0.00255200,1.00000000,1
1531213297469,1531213297465,3059039,0.00256000,4.45300000,0
1531213300474,1531213300471,3059040,0.00256000,4.30800000,0
1531213324048,1531213324045,3059041,0.00256000,0.00900000,0
1531213325244,1531213325240,3059042,0.00255300,1.45300000,1
1531213325290,1531213325287,3059043,0.00255300,2.70300000,0
1531213325363,1531213325358,3059044,0.00255300,2.70400000,0
1531213325845,1531213325841,3059045,0.00255300,57.88200000,0
1531213325873,1531213325869,3059046,0.00255300,10.25800000,0
1531213326332,1531213326327,3059047,0.00255200,0.41900000,1
1531213326332,1531213326327,3059048,0.00255100,2.28400000,1
1531213332462,1531213332458,3059049,0.00256000,4.14100000,0
1531213354603,1531213354600,3059050,0.00255400,25.00000000,1
1531213366660,1531213366655,3059051,0.00256000,7.93300000,0
1531213377010,1531213377007,3059052,0.00255400,44.19000000,1
1531213377027,1531213377023,3059053,0.00256000,61.07000000,0
1531213384419,1531213384416,3059054,0.00255500,0.00700000,1
1531213397080,1531213397076,3059055,0.00255400,11.23900000,1
1531213397080,1531213397076,3059056,0.00255200,0.41900000,1
1531213397080,1531213397076,3059057,0.00255100,116.72500000,1
1531213397080,1531213397076,3059058,0.00255000,93.03200000,1
1531213424088,1531213424084,3059059,0.00255400,0.50700000,1
1531213447138,1531213447133,3059060,0.00255200,6.36900000,1
1531213454350,1531213454344,3059061,0.00255200,9.31700000,1
1531213454350,1531213454344,3059062,0.00255000,8.24700000,1
1531213456892,1531213456888,3059063,0.00255200,7.50700000,1
1531213456892,1531213456888,3059064,0.00255000,1.57700000,1
1531213457953,1531213457949,3059065,0.00255200,3.74800000,1
1531213488364,1531213488360,3059066,0.00255000,0.03300000,1
1531213488364,1531213488360,3059067,0.00255000,14.06300000,1
1531213488877,1531213488873,3059068,0.00254700,0.78600000,1
1531213488984,1531213488978,3059069,0.00254600,1.96400000,1
1531213490007,1531213490001,3059070,0.00254400,0.77300000,1
1531213490007,1531213490001,3059071,0.00254300,2.55700000,1
1531213490033,1531213490028,3059072,0.00254300,4.56300000,0
1531213490045,1531213490041,3059073,0.00254300,0.00100000,0
1531213492037,1531213492032,3059074,0.00254800,2.06000000,0
1531213492037,1531213492032,3059075,0.00254900,0.24400000,0
1531213502356,1531213502351,3059076,0.00254900,0.41200000,0
1531213502478,1531213502475,3059077,0.00254900,0.41200000,0
1531213502601,1531213502596,3059078,0.00254900,0.41200000,0
1531213502732,1531213502727,3059079,0.00254900,0.41200000,0
1531213504160,1531213504156,3059080,0.00254400,0.41200000,1
1531213504291,1531213504286,3059081,0.00254400,0.41200000,1
1531213504414,1531213504411,3059082,0.00254400,0.41200000,1
1531213504539,1531213504534,3059083,0.00254400,0.41200000,1
1531213504917,1531213504912,3059084,0.00254900,0.41200000,0
1531213505048,1531213505045,3059085,0.00254900,0.41200000,0
1531213505172,1531213505167,3059086,0.00254900,0.41200000,0
1531213505305,1531213505300,3059087,0.00254900,0.41200000,0
1531213505432,1531213505428,3059088,0.00254900,0.41200000,0
1531213508736,1531213508733,3059089,0.00254400,21.46500000,1
1531213523069,1531213523063,3059090,0.00254200,1.96900000,1
1531213526209,1531213526206,3059091,0.00254100,3.13200000,1
1531213528388,1531213528382,3059092,0.00254000,0.39400000,1
1531213528388,1531213528382,3059093,0.00253900,1.97000000,1
1531213528388,1531213528382,3059094,0.00253800,0.39500000,1
1531213528388,1531213528382,3059095,0.00253700,1.47900000,1
1531213528388,1531213528382,3059096,0.00253600,0.12300000,1
1531213529879,1531213529875,3059097,0.00253800,1.10900000,0
1531213531101,1531213531096,3059098,0.00253700,0.05000000,1
1531213534843,1531213534836,3059099,0.00253800,2.57200000,1
1531213534843,1531213534836,3059100,0.00253600,3.82300000,1
1531213534843,1531213534836,3059101,0.00253500,3.15800000,1
1531213534843,1531213534836,3059102,0.00253300,1.18500000,1
1531213534843,1531213534836,3059103,0.00253200,8.42300000,1
1531213535665,1531213535660,3059104,0.00254000,0.02900000,0
1531213551157,1531213551152,3059105,0.00253300,14.66600000,1
1531213555879,1531213555875,3059106,0.00253600,1.08600000,0
1531213556865,1531213556860,3059107,0.00253300,31.62100000,1
1531213556900,1531213556896,3059108,0.00253300,1.03400000,0
1531213569857,1531213569849,3059109,0.00253100,6.61000000,1
1531213569857,1531213569849,3059110,0.00253000,1.99700000,1
1531213569857,1531213569849,3059111,0.00252900,0.39600000,1
1531213569857,1531213569849,3059112,0.00252800,1.18700000,1
1531213569857,1531213569849,3059113,0.00252600,1.19900000,1
1531213569857,1531213569849,3059114,0.00252500,0.79300000,1
1531213569857,1531213569849,3059115,0.00252400,2.80300000,1
1531213569857,1531213569849,3059116,0.00252300,0.83600000,1
1531213569857,1531213569849,3059117,0.00252200,1.66600000,1
1531213569857,1531213569849,3059118,0.00252100,2.55300000,1
1531213570591,1531213570585,3059119,0.00253400,0.99700000,0
1531213570850,1531213570846,3059120,0.00253100,1.91500000,1
1531213574889,1531213574885,3059121,0.00253500,2.56900000,0
1531213575876,1531213575871,3059122,0.00253500,0.00300000,0
1531213582545,1531213582541,3059123,0.00253600,0.41200000,0
1531213582673,1531213582667,3059124,0.00253600,0.41200000,0
1531213582809,1531213582803,3059125,0.00253600,0.21200000,0
1531213582809,1531213582803,3059126,0.00253700,0.20000000,0
1531213582936,1531213582932,3059127,0.00253700,0.41200000,0
1531213583066,1531213583062,3059128,0.00253700,0.41200000,0
1531213585475,1531213585471,3059129,0.00253100,0.41200000,1
1531213585609,1531213585605,3059130,0.00253100,0.41200000,1
1531213585959,1531213585954,3059131,0.00253100,0.41200000,1
1531213586088,1531213586083,3059132,0.00253100,0.41200000,1
1531213586212,1531213586207,3059133,0.00253100,0.41200000,1
1531213586349,1531213586345,3059134,0.00253700,0.41200000,0
1531213586485,1531213586480,3059135,0.00253700,0.41200000,0
1531213586616,1531213586612,3059136,0.00253700,0.41200000,0
1531213586752,1531213586748,3059137,0.00253700,0.14600000,0
1531213586752,1531213586748,3059138,0.00254000,0.26600000,0
1531213586887,1531213586883,3059139,0.00254000,0.41200000,0
1531213598073,1531213598067,3059140,0.00253600,12.14800000,0
1531213607046,1531213607041,3059141,0.00253600,11.94100000,1
1531213614325,1531213614320,3059142,0.00253200,1.18900000,1
1531213614341,1531213614336,3059143,0.00253200,10.08000000,0
1531213614361,1531213614357,3059144,0.00253600,10.08000000,0
1531213620983,1531213620980,3059145,0.00252900,1.49500000,1
1531213625541,1531213625537,3059146,0.00252900,1.69800000,1
1531213629214,1531213629210,3059147,0.00253600,0.39900000,0
1531213635547,1531213635541,3059148,0.00253600,4.44800000,0
1531213637309,1531213637306,3059149,0.00253200,2.49700000,1
1531213637385,1531213637381,3059150,0.00253600,3.46200000,0
1531213646356,1531213646352,3059151,0.00253200,13.91800000,1
1531213646371,1531213646366,3059152,0.00253200,23.29900000,0
1531213646377,1531213646371,3059153,0.00253200,0.01000000,0
1531213646390,1531213646385,3059154,0.00253600,0.00300000,0
1531213646390,1531213646385,3059155,0.00253700,23.29600000,0
1531213646864,1531213646860,3059156,0.00253000,39.23300000,0
1531213646887,1531213646883,3059157,0.00253000,55.61600000,0
1531213646891,1531213646888,3059158,0.00253000,11.51500000,0
1531213646949,1531213646944,3059159,0.00252800,11.52000000,1
1531213647022,1531213647018,3059160,0.00253000,5.23100000,0
1531213647072,1531213647067,3059161,0.00252700,11.52000000,1
1531213648242,1531213648238,3059162,0.00252100,11.50800000,1
1531213649690,1531213649686,3059163,0.00252200,1.69900000,1
1531213650027,1531213650023,3059164,0.00252300,2.61000000,1
1531213650027,1531213650023,3059165,0.00252200,8.90500000,1
1531213656744,1531213656740,3059166,0.00252000,10.00000000,1
1531213661144,1531213661140,3059167,0.00252000,0.12600000,1
1531213687168,1531213687165,3059168,0.00251900,2.61700000,1
1531213687168,1531213687165,3059169,0.00251800,1.69100000,1
1531213692271,1531213692267,3059170,0.00251800,1.25000000,1
1531213696885,1531213696881,3059171,0.00252100,5.79900000,0
1531213699422,1531213699417,3059172,0.00252100,2.28100000,0
1531213701085,1531213701081,3059173,0.00251800,1.03400000,1
1531213702097,1531213702091,3059174,0.00251800,5.98600000,0
1531213702097,1531213702091,3059175,0.00252100,12.15000000,0
1531213707818,1531213707814,3059176,0.00252100,1.30900000,0
1531213709039,1531213709036,3059177,0.00251700,5.13400000,1
1531213709479,1531213709474,3059178,0.00251700,0.05900000,1
1531213712811,1531213712804,3059179,0.00252100,0.01000000,0
1531213726580,1531213726577,3059180,0.00251700,0.06100000,1
1531213749711,1531213749705,3059181,0.00251900,0.40100000,0
1531213753375,1531213753369,3059182,0.00251700,5.23300000,1
1531213753425,1531213753420,3059183,0.00251500,1.07100000,1
1531213754490,1531213754486,3059184,0.00251900,0.65800000,0
1531213756980,1531213756978,3059185,0.00251500,3.75600000,1
1531213759458,1531213759453,3059186,0.00251500,2.61000000,1
1531213763374,1531213763369,3059187,0.00251500,3.21300000,1
1531213763374,1531213763369,3059188,0.00251400,0.39800000,1
1531213767749,1531213767745,3059189,0.00251300,4.17800000,1
1531213772154,1531213772149,3059190,0.00251200,5.61600000,1
1531213772349,1531213772344,3059191,0.00251200,22.60600000,0
1531213773308,1531213773304,3059192,0.00251200,0.66100000,0
1531213774006,1531213774001,3059193,0.00251200,11.21800000,0
1531213775163,1531213775159,3059194,0.00251100,0.79700000,1
1531213775163,1531213775159,3059195,0.00251000,0.50100000,1
1531213778018,1531213778015,3059196,0.00251100,46.66500000,0
1531213781655,1531213781652,3059197,0.00251000,0.20800000,1
1531213782165,1531213782161,3059198,0.00251000,11.53700000,1
1531213782165,1531213782161,3059199,0.00250900,0.39200000,1
1531213799559,1531213799554,3059200,0.00250900,11.29200000,1
1531213799559,1531213799554,3059201,0.00250800,6.41700000,1
1531213799559,1531213799554,3059202,0.00250700,38.02000000,1
1531213800307,1531213800303,3059203,0.00251300,3.40400000,0
1531213803266,1531213803261,3059204,0.00250700,10.81900000,1
1531213806826,1531213806822,3059205,0.00250700,8.05000000,1
1531213809749,1531213809745,3059206,0.00250700,5.42000000,0
1531213809809,1531213809803,3059207,0.00250700,3.84400000,1
1531213809809,1531213809803,3059208,0.00250600,25.33900000,1
1531213809809,1531213809803,3059209,0.00250500,84.14400000,1
1531213809809,1531213809803,3059210,0.00250500,74.79100000,1
1531213825146,1531213825141,3059211,0.00251000,15.96400000,1
1531213828659,1531213828655,3059212,0.00251000,9.66900000,1
1531213828853,1531213828849,3059213,0.00251000,61.00800000,1
1531213829436,1531213829432,3059214,0.00251000,17.17100000,1
1531213838026,1531213838022,3059215,0.00250700,31.05200000,1
1531213838026,1531213838022,3059216,0.00250500,454.46700000,1
1531213840005,1531213840002,3059217,0.00250500,197.74600000,1
1531213840956,1531213840951,3059218,0.00250400,0.40000000,1
1531213841612,1531213841607,3059219,0.00250700,0.62600000,0
1531213841697,1531213841689,3059220,0.00250300,19.97700000,1
1531213841697,1531213841689,3059221,0.00250100,21.22600000,1
1531213841697,1531213841689,3059222,0.00250000,1.30700000,1
1531213841697,1531213841689,3059223,0.00249900,3.73000000,1
1531213841697,1531213841689,3059224,0.00249700,8.47800000,1
1531213841697,1531213841689,3059225,0.00249600,4.96900000,1
1531213841697,1531213841689,3059226,0.00249300,3.73500000,1
1531213841697,1531213841689,3059227,0.00249200,3.89000000,1
1531213841697,1531213841689,3059228,0.00249100,4.52900000,1
1531213841697,1531213841689,3059229,0.00249000,7.31500000,1
1531213841711,1531213841706,3059230,0.00249900,24.46200000,0
1531213841721,1531213841715,3059231,0.00249900,2.07200000,0
1531213841721,1531213841716,3059232,0.00249900,24.72000000,0
1531213841721,1531213841716,3059233,0.00250700,0.05900000,0
1531213844121,1531213844116,3059234,0.00249200,5.59300000,1
1531213845959,1531213845955,3059235,0.00250100,0.01300000,0
1531213849231,1531213849225,3059236,0.00249200,2.67500000,1
1531213849285,1531213849281,3059237,0.00249200,1.88100000,0
1531213849437,1531213849434,3059238,0.00249200,21.84500000,0
1531213851726,1531213851722,3059239,0.00249000,1.27700000,1
1531213851889,1531213851884,3059240,0.00249000,0.14300000,0
1531213855588,1531213855582,3059241,0.00248900,2.43800000,1
1531213855588,1531213855582,3059242,0.00248800,5.34400000,1
1531213855905,1531213855900,3059243,0.00248800,1.39400000,0
1531213856265,1531213856262,3059244,0.00248800,0.67500000,0
1531213856657,1531213856652,3059245,0.00248800,2.76500000,0
1531213856657,1531213856652,3059246,0.00249700,2.67500000,0
1531213856672,1531213856668,3059247,0.00249800,17.91500000,1
1531213859811,1531213859807,3059248,0.00248800,5.59300000,0
1531213859811,1531213859807,3059249,0.00248900,0.05100000,0
1531213860686,1531213860676,3059250,0.00248700,1.80600000,1
1531213860686,1531213860676,3059251,0.00248600,2.17300000,1
1531213860686,1531213860676,3059252,0.00248500,8.38500000,1
1531213860686,1531213860676,3059253,0.00248400,10.30500000,1
1531213860686,1531213860676,3059254,0.00248200,11.10000000,1
1531213860686,1531213860676,3059255,0.00248100,0.40400000,1
1531213860686,1531213860676,3059256,0.00248000,5.33700000,1
1531213860727,1531213860723,3059257,0.00248000,12.00000000,0
1531213861019,1531213861014,3059258,0.00247900,1.61500000,1
1531213862336,1531213862331,3059259,0.00247600,1.31300000,1
1531213862336,1531213862331,3059260,0.00247500,0.24200000,1
1531213862355,1531213862331,3059261,0.00247500,25.06700000,1
1531213862355,1531213862331,3059262,0.00247400,2.42900000,1
1531213862355,1531213862331,3059263,0.00247300,8.29500000,1
1531213862355,1531213862331,3059264,0.00247200,1.42000000,1
1531213862355,1531213862331,3059265,0.00247100,97.78800000,1
1531213862355,1531213862331,3059266,0.00247000,176.80100000,1
1531213862355,1531213862331,3059267,0.00246900,60.18600000,1
1531213862355,1531213862331,3059268,0.00246800,10.59300000,1
1531213862355,1531213862331,3059269,0.00246700,11.36900000,1
1531213862355,1531213862331,3059270,0.00246600,86.01600000,1
1531213862355,1531213862331,3059271,0.00246400,33.34400000,1
1531213862355,1531213862331,3059272,0.00246300,19.30200000,1
1531213862355,1531213862331,3059273,0.00246200,5.68300000,1
1531213862355,1531213862331,3059274,0.00246100,20.81900000,1
1531213862355,1531213862331,3059275,0.00246000,94.89600000,1
1531213862355,1531213862331,3059276,0.00245900,18.63000000,1
1531213862355,1531213862331,3059277,0.00245800,66.52800000,1
1531213862355,1531213862331,3059278,0.00245700,11.65400000,1
1531213862355,1531213862331,3059279,0.00245600,1.31000000,1
1531213862355,1531213862331,3059280,0.00245600,42.24600000,1
1531213862686,1531213862681,3059281,0.00247900,8.53700000,0
1531213863528,1531213863525,3059282,0.00246500,0.44200000,1
1531213863914,1531213863909,3059283,0.00246800,5.84800000,0
1531213864006,1531213864002,3059284,0.00246500,29.17700000,1
1531213864193,1531213864187,3059285,0.00246800,2.91600000,0
1531213864346,1531213864343,3059286,0.00246800,0.55900000,0
1531213864346,1531213864343,3059287,0.00246900,3.35600000,0
1531213864414,1531213864410,3059288,0.00247000,1.89400000,0
1531213864414,1531213864410,3059289,0.00247100,2.47200000,0
1531213864414,1531213864410,3059290,0.00247200,7.63100000,0
1531213865028,1531213865023,3059291,0.00246600,14.22300000,1
1531213865389,1531213865385,3059292,0.00246800,0.52500000,0
1531213865488,1531213865484,3059293,0.00245700,21.03600000,1
1531213865745,1531213865741,3059294,0.00245700,1.12100000,1
1531213865913,1531213865909,3059295,0.00245700,0.86100000,0
1531213865913,1531213865909,3059296,0.00246700,1.60300000,0
1531213865943,1531213865938,3059297,0.00245600,0.76500000,1
1531213865948,1531213865945,3059298,0.00245500,0.02100000,1
1531213868729,1531213868725,3059299,0.00245900,0.81400000,1
1531213868862,1531213868858,3059300,0.00245800,0.50700000,0
1531213868953,1531213868949,3059301,0.00246100,2.12700000,1
1531213869596,1531213869592,3059302,0.00246200,20.28400000,0
1531213869648,1531213869644,3059303,0.00246200,0.27300000,0
1531213869648,1531213869644,3059304,0.00246400,0.25400000,0
1531213870889,1531213870884,3059305,0.00246300,1.21300000,0
1531213871539,1531213871535,3059306,0.00246300,19.72600000,0
1531213871905,1531213871900,3059307,0.00246400,0.96400000,0
1531213872357,1531213872354,3059308,0.00246800,1.21600000,0
1531213872562,1531213872558,3059309,0.00245900,1.40600000,1
1531213872562,1531213872558,3059310,0.00245800,0.04600000,1
1531213873502,1531213873499,3059311,0.00246800,0.80900000,0
1531213873725,1531213873720,3059312,0.00246300,1.21900000,1
1531213873953,1531213873949,3059313,0.00246300,5.73500000,0
1531213874590,1531213874585,3059314,0.00245800,3.97100000,1
1531213874590,1531213874585,3059315,0.00245600,0.02200000,1
1531213874611,1531213874605,3059316,0.00245600,0.79100000,1
1531213874611,1531213874605,3059317,0.00245500,1.11000000,1
1531213874625,1531213874621,3059318,0.00245500,1.21100000,0
1531213874656,1531213874652,3059319,0.00245500,1.21100000,0
1531213874891,1531213874887,3059320,0.00245500,0.47200000,0
1531213875132,1531213875128,3059321,0.00245400,0.55100000,1
1531213875270,1531213875266,3059322,0.00245400,0.23000000,0
1531213875270,1531213875266,3059323,0.00245500,0.87700000,0
1531213875292,1531213875286,3059324,0.00245500,6.54600000,0
1531213875616,1531213875611,3059325,0.00245300,4.95400000,1
1531213876510,1531213876506,3059326,0.00246100,0.41500000,0
1531213876612,1531213876607,3059327,0.00245500,2.00000000,1
1531213876639,1531213876635,3059328,0.00245500,0.41500000,0
1531213876767,1531213876762,3059329,0.00245500,0.41500000,0
1531213876896,1531213876892,3059330,0.00245500,0.41500000,0
1531213876899,1531213876893,3059331,0.00245500,2.78700000,0
1531213877236,1531213877230,3059332,0.00245500,68.19600000,0
1531213878058,1531213878052,3059333,0.00245300,1.88600000,1
1531213879289,1531213879286,3059334,0.00246100,3.04900000,0
1531213879635,1531213879632,3059335,0.00245700,15.21100000,1
1531213880018,1531213880014,3059336,0.00246500,0.41500000,0
1531213880157,1531213880153,3059337,0.00246500,0.41500000,0
1531213880291,1531213880286,3059338,0.00246500,0.41500000,0
1531213880416,1531213880412,3059339,0.00246500,0.41500000,0
1531213883238,1531213883234,3059340,0.00246500,4.05700000,0
1531213885372,1531213885367,3059341,0.00245700,15.54100000,1
1531213885372,1531213885367,3059342,0.00245500,0.59200000,1
1531213885372,1531213885367,3059343,0.00245300,6.18800000,1
1531213885867,1531213885862,3059344,0.00246000,2.61900000,1
1531213889158,1531213889153,3059345,0.00246500,0.83400000,0
1531213893965,1531213893961,3059346,0.00245800,1.22100000,1
1531213894252,1531213894248,3059347,0.00245500,0.47200000,1
1531213895084,1531213895082,3059348,0.00245600,2.47600000,1
1531213896704,1531213896698,3059349,0.00245500,2.91600000,1
1531213900130,1531213900127,3059350,0.00245500,0.47200000,1
1531213905203,1531213905199,3059351,0.00246000,0.81300000,0
1531213912722,1531213912717,3059352,0.00245300,0.45300000,1
1531213913300,1531213913297,3059353,0.00245500,20.24600000,0
1531213914279,1531213914273,3059354,0.00246000,1.66300000,0
1531213914279,1531213914273,3059355,0.00246100,0.60400000,0
1531213914302,1531213914299,3059356,0.00246100,10.74500000,1
1531213914343,1531213914338,3059357,0.00246100,2.91900000,1
1531213914549,1531213914545,3059358,0.00246100,4.68800000,1
1531213916065,1531213916056,3059359,0.00245300,80.41200000,1
1531213916065,1531213916056,3059360,0.00245200,7.67800000,1
1531213916065,1531213916056,3059361,0.00245100,18.80700000,1
1531213916065,1531213916056,3059362,0.00245000,99.83600000,1
1531213916065,1531213916056,3059363,0.00244800,2.48100000,1
1531213916065,1531213916056,3059364,0.00244700,6.05500000,1
1531213916065,1531213916056,3059365,0.00244600,6.12300000,1
1531213916065,1531213916056,3059366,0.00244500,1.77700000,1
1531213916065,1531213916056,3059367,0.00244400,1.22800000,1
1531213916065,1531213916056,3059368,0.00244300,14.04800000,1
1531213916065,1531213916056,3059369,0.00244200,73.41300000,1
1531213916065,1531213916056,3059370,0.00244100,1.96800000,1
1531213916065,1531213916056,3059371,0.00244000,182.21100000,1
1531213916078,1531213916074,3059372,0.00244000,4.70300000,0
1531213916092,1531213916087,3059373,0.00244000,71.10300000,0
1531213916117,1531213916112,3059374,0.00244000,70.08400000,0
1531213916966,1531213916961,3059375,0.00243900,42.60800000,1
1531213917401,1531213917398,3059376,0.00244000,2.35600000,0
1531213917525,1531213917520,3059377,0.00244000,13.93300000,0
1531213917682,1531213917678,3059378,0.00244000,2.54100000,0
1531213918299,1531213918295,3059379,0.00244000,91.60600000,0
1531213919238,1531213919234,3059380,0.00243800,4.50800000,1
1531213919238,1531213919234,3059381,0.00243700,0.19500000,1
1531213920321,1531213920318,3059382,0.00243700,0.38800000,1
1531213921529,1531213921526,3059383,0.00243700,0.47500000,0
1531213923314,1531213923310,3059384,0.00243700,4.14300000,0
1531213923824,1531213923820,3059385,0.00243700,4.04700000,1
1531213924344,1531213924339,3059386,0.00243700,2.42900000,1
1531213924360,1531213924356,3059387,0.00244000,148.75900000,0
1531213924725,1531213924722,3059388,0.00244000,115.34200000,0
1531213925013,1531213925008,3059389,0.00244000,16.37800000,0
1531213925346,1531213925342,3059390,0.00244200,0.47500000,0
1531213925419,1531213925414,3059391,0.00244500,25.20800000,1
1531213925742,1531213925737,3059392,0.00244500,7.02900000,1
1531213925742,1531213925737,3059393,0.00244000,4.64400000,1
1531213925978,1531213925974,3059394,0.00244800,0.60700000,0
1531213927545,1531213927540,3059395,0.00245000,1.84200000,0
1531213930413,1531213930409,3059396,0.00245200,1.07500000,0
1531213930712,1531213930709,3059397,0.00245000,6.15800000,1
1531213931718,1531213931714,3059398,0.00244500,8.11300000,0
1531213931718,1531213931714,3059399,0.00245200,2.55800000,0
1531213933053,1531213933050,3059400,0.00245200,2.28300000,0
1531213933642,1531213933636,3059401,0.00245400,6.63800000,0
1531213934250,1531213934246,3059402,0.00245400,28.00000000,0
1531213935074,1531213935068,3059403,0.00245500,0.66900000,0
1531213935321,1531213935317,3059404,0.00245500,11.59300000,0
1531213936878,1531213936872,3059405,0.00245900,2.66600000,0
1531213936878,1531213936872,3059406,0.00246000,1.28600000,0
1531213936878,1531213936872,3059407,0.00246100,0.12900000,0
1531213938955,1531213938950,3059408,0.00246100,0.87700000,0
1531213938955,1531213938950,3059409,0.00246300,0.61100000,0
1531213938955,1531213938950,3059410,0.00246400,0.15600000,0
1531213939488,1531213939484,3059411,0.00246400,0.12900000,0
1531213941823,1531213941820,3059412,0.00246400,0.54600000,0
1531213941833,1531213941828,3059413,0.00246400,0.17600000,0
1531213941833,1531213941828,3059414,0.00246500,0.29800000,0
1531213948695,1531213948689,3059415,0.00246500,11.43900000,0
1531213948695,1531213948689,3059416,0.00246600,0.81300000,0
1531213948695,1531213948689,3059417,0.00246800,8.42600000,0
1531213948695,1531213948689,3059418,0.00246900,5.23300000,0
1531213948695,1531213948689,3059419,0.00247000,40.17400000,0
1531213951548,1531213951544,3059420,0.00246500,4.64000000,0
1531213951548,1531213951544,3059421,0.00246800,2.44800000,0
1531213951548,1531213951544,3059422,0.00247000,33.46600000,0
1531213956134,1531213956131,3059423,0.00247100,0.81400000,1
1531213956134,1531213956131,3059424,0.00247000,0.18600000,1
1531213956636,1531213956631,3059425,0.00247000,0.60700000,1
1531213957261,1531213957258,3059426,0.00247100,9.18300000,0
1531213957728,1531213957724,3059427,0.00247100,16.48100000,0
1531213957728,1531213957724,3059428,0.00247200,23.68900000,0
1531213957748,1531213957743,3059429,0.00247000,0.47400000,1
1531213960283,1531213960279,3059430,0.00247100,20.61900000,0
1531213960283,1531213960279,3059431,0.00247200,12.74400000,0
1531213961261,1531213961256,3059432,0.00247200,8.78900000,0
1531213964259,1531213964255,3059433,0.00247200,3.88900000,0
1531213964470,1531213964465,3059434,0.00247300,3.00000000,0
1531213965679,1531213965676,3059435,0.00247200,37.10100000,1
1531213967914,1531213967909,3059436,0.00247200,47.44000000,1
1531213968245,1531213968241,3059437,0.00247000,2.28100000,0
1531213968619,1531213968613,3059438,0.00247000,1.64200000,0
1531213971989,1531213971984,3059439,0.00247000,20.43800000,0
1531213974195,1531213974190,3059440,0.00246500,0.57700000,1
1531213975155,1531213975152,3059441,0.00246500,0.71700000,0
1531213976409,1531213976405,3059442,0.00245800,0.59200000,0
1531213976410,1531213976405,3059443,0.00246500,1.32500000,0
1531213976913,1531213976909,3059444,0.00246500,0.08300000,1
1531213979969,1531213979966,3059445,0.00247000,45.07000000,0
1531213986730,1531213986725,3059446,0.00247000,39.75000000,1
1531213991929,1531213991923,3059447,0.00247000,9.56900000,1
1531214006249,1531214006244,3059448,0.00246900,0.80300000,0
1531214006249,1531214006244,3059449,0.00247000,0.83700000,0
1531214006905,1531214006901,3059450,0.00247000,14.55400000,1
1531214011910,1531214011906,3059451,0.00247000,2.75800000,1
1531214020378,1531214020373,3059452,0.00247200,1.08600000,0
1531214020913,1531214020908,3059453,0.00247000,0.99500000,1
1531214022127,1531214022123,3059454,0.00246500,3.02500000,1
1531214027443,1531214027438,3059455,0.00246500,2.28100000,1
1531214031594,1531214031590,3059456,0.00246500,0.29300000,1
1531214031594,1531214031590,3059457,0.00246000,2.97600000,1
1531214031594,1531214031590,3059458,0.00245800,4.50000000,1
1531214031594,1531214031590,3059459,0.00245700,30.82500000,1
1531214031594,1531214031590,3059460,0.00245600,1.29900000,1
1531214050261,1531214050255,3059461,0.00245800,12.21200000,1
1531214052912,1531214052908,3059462,0.00246700,0.50900000,1
1531214081027,1531214081022,3059463,0.00246100,0.33400000,1
1531214085492,1531214085488,3059464,0.00246100,0.47700000,1
1531214088289,1531214088284,3059465,0.00246100,0.71200000,0
1531214088315,1531214088311,3059466,0.00246100,4.14100000,0
1531214088341,1531214088337,3059467,0.00246100,21.44200000,0
1531214088399,1531214088395,3059468,0.00246100,6.93000000,0
1531214094283,1531214094278,3059469,0.00246900,4.05000000,0
1531214099486,1531214099483,3059470,0.00246200,28.52600000,1
1531214105804,1531214105799,3059471,0.00246200,1.29400000,1
1531214128060,1531214128057,3059472,0.00246500,25.90000000,1
1531214128578,1531214128573,3059473,0.00246900,0.45000000,0
1531214128578,1531214128573,3059474,0.00247000,1.00000000,0
1531214128578,1531214128573,3059475,0.00247200,0.91400000,0
1531214128578,1531214128573,3059476,0.00247300,1.25800000,0
1531214128924,1531214128920,3059477,0.00247300,12.53200000,1
1531214146725,1531214146720,3059478,0.00247400,2.81900000,0
1531214148238,1531214148232,3059479,0.00247400,2.98100000,0
1531214148920,1531214148915,3059480,0.00247400,12.24400000,1
1531214157926,1531214157921,3059481,0.00247400,0.49700000,1
1531214160253,1531214160248,3059482,0.00247400,5.45200000,1
1531214165915,1531214165910,3059483,0.00247500,10.89500000,0
1531214170011,1531214170006,3059484,0.00247600,2.45900000,0
1531214172979,1531214172974,3059485,0.00247600,5.48000000,0
1531214175917,1531214175912,3059486,0.00247700,5.11000000,0
1531214178714,1531214178707,3059487,0.00247800,15.41000000,0
1531214178714,1531214178707,3059488,0.00247900,15.82500000,0
1531214178714,1531214178707,3059489,0.00248000,9.13800000,0
1531214178714,1531214178707,3059490,0.00248100,2.45200000,0
1531214178714,1531214178707,3059491,0.00248200,8.54100000,0
1531214178714,1531214178707,3059492,0.00248300,0.44100000,0
1531214178714,1531214178707,3059493,0.00248400,15.71400000,0
1531214179519,1531214179515,3059494,0.00247600,92.58800000,1
1531214179920,1531214179915,3059495,0.00247500,2.09300000,1
1531214180317,1531214180312,3059496,0.00247400,267.36200000,1
1531214180928,1531214180922,3059497,0.00247700,2.45000000,0
1531214207070,1531214207066,3059498,0.00247800,0.81300000,1
1531214210143,1531214210138,3059499,0.00248300,18.66300000,0
1531214215164,1531214215161,3059500,0.00248300,11.91200000,0
1531214215264,1531214215261,3059501,0.00248300,43.45600000,0
1531214217778,1531214217774,3059502,0.00248300,7.04400000,0
1531214221785,1531214221780,3059503,0.00248300,5.81500000,1
1531214223328,1531214223324,3059504,0.00248300,10.61900000,1
1531214226350,1531214226347,3059505,0.00248400,18.52300000,0
1531214241634,1531214241631,3059506,0.00248500,0.90400000,0
1531214242156,1531214242151,3059507,0.00248500,0.09600000,0
1531214242156,1531214242151,3059508,0.00248700,6.57000000,0
1531214244164,1531214244160,3059509,0.00248400,0.83400000,1
1531214245496,1531214245492,3059510,0.00248400,1.43000000,1
1531214248648,1531214248644,3059511,0.00248300,15.98500000,1
1531214248648,1531214248644,3059512,0.00248000,7.34700000,1
1531214274809,1531214274805,3059513,0.00248300,2.28100000,1
1531214274928,1531214274924,3059514,0.00248300,5.13000000,1
1531214276419,1531214276415,3059515,0.00248000,16.15400000,1
1531214285036,1531214285032,3059516,0.00248200,0.80500000,1
1531214285036,1531214285032,3059517,0.00248100,2.86500000,1
1531214285036,1531214285032,3059518,0.00248000,107.00700000,1
1531214286787,1531214286784,3059519,0.00248000,0.90700000,0
1531214286886,1531214286881,3059520,0.00247700,8.54700000,1
1531214288280,1531214288277,3059521,0.00247600,65.29600000,1
1531214290037,1531214290033,3059522,0.00247400,40.29000000,1
1531214291632,1531214291629,3059523,0.00247900,30.82500000,0
1531214291632,1531214291629,3059524,0.00248000,9.44800000,0
1531214301184,1531214301181,3059525,0.00247000,0.70000000,1
1531214302972,1531214302967,3059526,0.00247200,0.42500000,0
1531214303104,1531214303100,3059527,0.00247200,0.42500000,0
1531214303231,1531214303226,3059528,0.00247200,0.42500000,0
1531214303365,1531214303361,3059529,0.00247200,0.42500000,0
1531214303486,1531214303484,3059530,0.00247200,0.42500000,0
1531214305162,1531214305158,3059531,0.00246700,0.42500000,1
1531214305292,1531214305288,3059532,0.00246700,0.42500000,1
1531214305413,1531214305407,3059533,0.00246700,0.42500000,1
1531214305546,1531214305543,3059534,0.00246700,0.89400000,1
1531214305549,1531214305545,3059535,0.00246700,0.42500000,1
1531214305681,1531214305674,3059536,0.00246700,0.42500000,1
1531214305730,1531214305726,3059537,0.00246700,5.62400000,1
1531214305730,1531214305726,3059538,0.00246200,2.02100000,1
1531214305730,1531214305726,3059539,0.00246100,7.77600000,1
1531214305730,1531214305726,3059540,0.00246000,0.77100000,1
1531214305730,1531214305726,3059541,0.00245900,2.90700000,1
1531214305730,1531214305726,3059542,0.00245800,0.44600000,1
1531214305804,1531214305801,3059543,0.00247000,0.42500000,0
1531214305943,1531214305939,3059544,0.00247000,0.42500000,0
1531214306069,1531214306066,3059545,0.00247000,0.42500000,0
1531214306196,1531214306191,3059546,0.00247000,0.42500000,0
1531214306330,1531214306326,3059547,0.00247000,0.42500000,0
1531214306951,1531214306945,3059548,0.00246800,15.86500000,1
1531214308340,1531214308336,3059549,0.00247000,0.17300000,0
1531214346976,1531214346973,3059550,0.00245600,0.13400000,1
1531214358031,1531214358027,3059551,0.00246700,0.76800000,0
1531214358974,1531214358969,3059552,0.00246700,0.04300000,1
1531214365122,1531214365117,3059553,0.00246200,0.53300000,1
1531214365122,1531214365117,3059554,0.00245800,2.68000000,1
1531214365122,1531214365117,3059555,0.00245700,13.15200000,1
1531214367144,1531214367140,3059556,0.00245800,0.64100000,1
1531214367144,1531214367140,3059557,0.00245700,0.48500000,1
1531214371597,1531214371592,3059558,0.00245700,3.10600000,1
1531214376815,1531214376809,3059559,0.00246500,0.41000000,0
1531214384353,1531214384350,3059560,0.00246500,0.36500000,0
1531214385714,1531214385711,3059561,0.00246500,4.70300000,1
1531214391414,1531214391410,3059562,0.00246500,1.43300000,1
1531214395250,1531214395245,3059563,0.00246500,19.36600000,1
1531214406080,1531214406077,3059564,0.00246500,14.06400000,1
1531214420968,1531214420963,3059565,0.00246700,2.68000000,0
1531214428192,1531214428188,3059566,0.00247000,20.16100000,0
1531214429379,1531214429374,3059567,0.00247000,3.01200000,0
1531214434218,1531214434214,3059568,0.00247000,0.42700000,0
1531214434356,1531214434351,3059569,0.00247000,0.42700000,0
1531214434482,1531214434479,3059570,0.00247000,0.42700000,0
1531214434615,1531214434612,3059571,0.00247000,0.42700000,0
1531214434740,1531214434736,3059572,0.00247000,0.42700000,0
1531214435796,1531214435792,3059573,0.00247000,28.80000000,0
1531214435798,1531214435795,3059574,0.00247000,28.80000000,0
1531214435816,1531214435812,3059575,0.00247000,13.80700000,0
1531214435964,1531214435959,3059576,0.00247000,0.01200000,0
1531214436143,1531214436139,3059577,0.00246600,0.42700000,1
1531214436255,1531214436251,3059578,0.00246600,0.38300000,1
1531214436255,1531214436251,3059579,0.00246500,25.01600000,1
1531214436271,1531214436267,3059580,0.00246500,0.42700000,1
1531214436407,1531214436403,3059581,0.00246500,0.42700000,1
1531214436534,1531214436529,3059582,0.00246500,0.42700000,1
1531214436668,1531214436660,3059583,0.00246500,0.42700000,1
1531214436804,1531214436799,3059584,0.00247200,0.32300000,0
1531214436804,1531214436799,3059585,0.00247400,0.10400000,0
1531214437055,1531214437052,3059586,0.00247400,0.42700000,0
1531214437183,1531214437176,3059587,0.00247400,0.41100000,0
1531214437183,1531214437176,3059588,0.00247600,0.01600000,0
1531214437308,1531214437305,3059589,0.00247600,0.42700000,0
1531214438917,1531214438912,3059590,0.00246900,11.78600000,1
1531214438917,1531214438912,3059591,0.00246500,2.02100000,1
1531214453969,1531214453965,3059592,0.00247400,3.21600000,0
1531214454810,1531214454804,3059593,0.00247100,11.20400000,1
1531214454810,1531214454804,3059594,0.00247000,52.16800000,1
1531214454810,1531214454804,3059595,0.00246500,32.55100000,1
1531214457466,1531214457462,3059596,0.00246600,2.71500000,1
1531214457466,1531214457462,3059597,0.00246500,62.15100000,1
1531214458879,1531214458875,3059598,0.00247500,0.40800000,0
1531214461040,1531214461036,3059599,0.00247500,2.30700000,0
1531214461040,1531214461036,3059600,0.00247600,0.32800000,0
