event_time,trade_time,trade_id,price,quantity,maker
1531210421074,1531210421069,77841,0.00062440,0.20000000,1
1531210447812,1531210447808,77842,0.00062490,782.59000000,0
1531210448553,1531210448550,77843,0.00062550,0.97000000,0
1531210471417,1531210471413,77844,0.00062540,10.60000000,0
1531210504736,1531210504736,77845,0.00062520,331.85000000,1
1531210522175,1531210522168,77846,0.00062480,0.05000000,1
1531210529012,1531210529008,77847,0.00062480,0.02000000,1
1531210552744,1531210552740,77848,0.00062520,589.59000000,0
1531210581900,1531210581895,77849,0.00062500,3.27000000,1
1531210615673,1531210615669,77850,0.00062500,527.22000000,0
1531210664761,1531210664757,77851,0.00062540,829.45000000,0
1531210667586,1531210667582,77852,0.00062480,52.91000000,1
1531210696174,1531210696170,77853,0.00062550,0.63000000,0
1531210696174,1531210696170,77854,0.00062620,49.37000000,0
1531210710788,1531210710783,77855,0.00062570,407.22000000,0
1531210740457,1531210740451,77856,0.00062520,18.75000000,1
1531210749747,1531210749743,77857,0.00062600,831.36000000,1
1531210778507,1531210778504,77858,0.00062620,5.62000000,0
1531210794772,1531210794766,77859,0.00062650,702.56000000,0
1531210833789,1531210833784,77860,0.00062770,775.55000000,1
1531210870926,1531210870923,77861,0.00062800,0.63000000,0
1531210880651,1531210880646,77862,0.00062800,1.52000000,0
1531210880651,1531210880646,77863,0.00062840,1.35000000,0
1531210880651,1531210880646,77864,0.00062840,12.98000000,0
1531210881744,1531210881739,77865,0.00062880,435.74000000,1
1531210889733,1531210889728,77866,0.00063090,18.70000000,0
1531210910131,1531210910125,77867,0.00062890,0.21000000,1
1531210924831,1531210924825,77868,0.00062970,557.00000000,0
1531210953311,1531210953308,77869,0.00062940,10.26000000,1
1531210953311,1531210953308,77870,0.00062880,2.72000000,1
1531210965698,1531210965694,77871,0.00063060,569.74000000,0
1531211006744,1531211006740,77872,0.00062900,503.90000000,1
1531211026972,1531211026966,77873,0.00062880,1.22000000,1
1531211046667,1531211046662,77874,0.00062900,5.04000000,0
1531211073929,1531211073926,77875,0.00063060,10.26000000,0
1531211094875,1531211094872,77876,0.00063150,1.59000000,0
1531211094893,1531211094889,77877,0.00063150,6.07000000,1
1531211094921,1531211094918,77878,0.00063150,3.94000000,1
1531211102543,1531211102539,77879,0.00063150,11.65000000,1
1531211105062,1531211105056,77880,0.00063090,404.04000000,0
1531211141788,1531211141785,77881,0.00063130,489.47000000,0
1531211178290,1531211178284,77882,0.00063020,1.66000000,1
1531211180910,1531211180907,77883,0.00063080,710.82000000,0
1531211225971,1531211225968,77884,0.00063070,20.56000000,0
1531211226033,1531211226028,77885,0.00063070,435.08000000,0
1531211255286,1531211255282,77886,0.00062960,2.43000000,1
1531211320898,1531211320894,77887,0.00062980,59.52000000,1
1531211327853,1531211327849,77888,0.00063020,443.54000000,1
1531211367807,1531211367802,77889,0.00062910,760.64000000,1
1531211383934,1531211383929,77890,0.00063000,33.00000000,0
1531211383934,1531211383929,77891,0.00063010,40.29000000,0
1531211404024,1531211404020,77892,0.00062890,655.05000000,0
1531211442862,1531211442857,77893,0.00062960,651.13000000,0
1531211443113,1531211443108,77894,0.00062990,33.00000000,0
1531211490211,1531211490207,77895,0.00063000,50.00000000,1
1531211504751,1531211504747,77896,0.00063000,6.78000000,1
1531211555081,1531211555077,77897,0.00063000,1.73000000,1
1531211555081,1531211555077,77898,0.00062990,14.61000000,1
1531211654212,1531211654208,77899,0.00063010,50.00000000,0
1531211654730,1531211654725,77900,0.00063010,50.00000000,0
1531211655306,1531211655302,77901,0.00063010,33.00000000,0
1531211764140,1531211764137,77902,0.00063000,60.56000000,1
1531211764313,1531211764309,77903,0.00062990,0.01000000,1
1531211764313,1531211764309,77904,0.00062580,0.02000000,1
1531211765296,1531211765295,77905,0.00062860,788.26000000,0
1531211811077,1531211811073,77906,0.00062980,377.93000000,0
1531211853073,1531211853068,77907,0.00062970,607.80000000,0
1531211889290,1531211889286,77908,0.00063020,662.70000000,0
1531211922188,1531211922185,77909,0.00062910,10.46000000,1
1531211939131,1531211939127,77910,0.00062960,649.12000000,1
1531211976259,1531211976254,77911,0.00062960,667.93000000,1
1531212025209,1531212025205,77912,0.00062920,744.37000000,1
1531212056757,1531212056753,77913,0.00062900,47.29000000,1
1531212059168,1531212059164,77914,0.00062900,9.35000000,0
1531212063135,1531212063131,77915,0.00062630,17.08000000,0
1531212063154,1531212063150,77916,0.00062630,270.41000000,0
1531212063174,1531212063170,77917,0.00062630,33.00000000,0
1531212063188,1531212063183,77918,0.00062630,256.81000000,0
1531212182132,1531212182129,77919,0.00062790,298.03000000,1
1531212219719,1531212219715,77920,0.00062800,28.46000000,0
1531212232125,1531212232120,77921,0.00062740,342.63000000,1
1531212237694,1531212237690,77922,0.00062710,33.00000000,1
1531212278180,1531212278174,77923,0.00062740,722.82000000,0
1531212332193,1531212332188,77924,0.00062740,195.99000000,1
1531212332200,1531212332195,77925,0.00062740,585.27000000,1
1531212340157,1531212340152,77926,0.00062690,100.00000000,1
1531212341880,1531212341876,77927,0.00062690,100.00000000,1
1531212343357,1531212343354,77928,0.00062690,96.19000000,1
1531212347531,1531212347527,77929,0.00062480,23.25000000,1
1531212368268,1531212368262,77930,0.00062680,649.99000000,0
1531212421196,1531212421191,77931,0.00062570,320.99000000,1
1531212459368,1531212459363,77932,0.00062630,33.00000000,0
1531212459368,1531212459363,77933,0.00062640,839.59000000,0
1531212506218,1531212506213,77934,0.00062570,867.28000000,0
1531212575220,1531212575216,77935,0.00062610,551.03000000,1
1531212613234,1531212613229,77936,0.00062620,681.35000000,0
1531212646456,1531212646453,77937,0.00062720,5.00000000,0
1531212653231,1531212653227,77938,0.00062570,749.69000000,1
1531212705315,1531212705311,77939,0.00062560,605.92000000,1
1531212730506,1531212730501,77940,0.00062380,3.75000000,1
1531212774508,1531212774503,77941,0.00062690,100.00000000,0
1531212774581,1531212774576,77942,0.00062720,344.65000000,0
1531212779795,1531212779791,77943,0.00062690,100.00000000,1
1531212782886,1531212782881,77944,0.00062700,61.66000000,1
1531212809359,1531212809355,77945,0.00062740,392.36000000,0
1531212846383,1531212846378,77946,0.00062770,645.60000000,0
1531212867803,1531212867799,77947,0.00062660,0.01000000,0
1531212877017,1531212877013,77948,0.00062660,0.01000000,0
1531212887179,1531212887173,77949,0.00062610,50.99000000,1
1531212887198,1531212887193,77950,0.00062610,0.01000000,0
1531212887217,1531212887212,77951,0.00062610,12.17000000,0
1531212899428,1531212899423,77952,0.00062580,764.48000000,0
1531212905531,1531212905527,77953,0.00062610,0.01000000,0
1531212947445,1531212947440,77954,0.00062610,0.01000000,0
1531212948548,1531212948541,77955,0.00062820,0.01000000,0
1531212950277,1531212950271,77956,0.00062670,845.32000000,1
1531212962567,1531212962562,77957,0.00062800,0.01000000,0
1531212982285,1531212982280,77958,0.00062630,36.53000000,1
1531212982384,1531212982380,77959,0.00062630,12.48000000,0
1531212988275,1531212988269,77960,0.00062650,829.05000000,1
1531212992776,1531212992771,77961,0.00062760,0.01000000,0
1531213030618,1531213030614,77962,0.00062800,33.00000000,0
1531213030618,1531213030614,77963,0.00062810,417.39000000,0
1531213037186,1531213037180,77964,0.00062790,35.82000000,0
1531213040677,1531213040673,77965,0.00062600,0.07000000,1
1531213056906,1531213056901,77966,0.00062750,0.01000000,0
1531213068264,1531213068258,77967,0.00062750,0.01000000,0
1531213083410,1531213083405,77968,0.00062600,544.96000000,1
1531213086070,1531213086066,77969,0.00062820,0.01000000,0
1531213101062,1531213101057,77970,0.00062770,0.01000000,0
1531213116411,1531213116408,77971,0.00062790,0.01000000,0
1531213128341,1531213128337,77972,0.00062620,0.01000000,0
1531213143432,1531213143428,77973,0.00062730,29.80000000,0
1531213146963,1531213146958,77974,0.00062900,0.01000000,0
1531213162786,1531213162780,77975,0.00062500,0.07000000,1
1531213186433,1531213186427,77976,0.00062860,0.01000000,0
1531213202816,1531213202811,77977,0.00062790,0.01000000,0
1531213237376,1531213237374,77978,0.00062740,590.78000000,1
1531213241244,1531213241239,77979,0.00062680,0.01000000,0
1531213255430,1531213255425,77980,0.00062680,0.01000000,0
1531213275348,1531213275343,77981,0.00062660,732.38000000,0
1531213278020,1531213278016,77982,0.00062810,0.01000000,0
1531213288358,1531213288353,77983,0.00062760,0.01000000,0
1531213313964,1531213313960,77984,0.00062490,0.73000000,1
1531213325395,1531213325391,77985,0.00062540,44.77000000,0
1531213325414,1531213325409,77986,0.00062540,44.77000000,0
1531213325416,1531213325412,77987,0.00062540,145.50000000,0
1531213325452,1531213325448,77988,0.00062540,10.94000000,0
1531213325479,1531213325475,77989,0.00062540,384.91000000,0
1531213328531,1531213328528,77990,0.00062540,44.77000000,1
1531213354900,1531213354895,77991,0.00062670,5.21000000,1
1531213375897,1531213375892,77992,0.00062570,39.10000000,1
1531213375897,1531213375892,77993,0.00062530,10.90000000,1
1531213377283,1531213377277,77994,0.00062500,7.13000000,1
1531213424337,1531213424332,77995,0.00062450,574.88000000,0
1531213484443,1531213484438,77996,0.00062470,114.76000000,0
1531213484484,1531213484480,77997,0.00062470,424.67000000,0
1531213492961,1531213492956,77998,0.00062560,6.94000000,0
1531213495677,1531213495672,77999,0.00062470,8.08000000,1
1531213497501,1531213497496,78000,0.00062560,7.30000000,0
1531213597523,1531213597520,78001,0.00062370,0.12000000,1
1531213608021,1531213608016,78002,0.00062370,33.00000000,1
1531213608873,1531213608869,78003,0.00062370,12.84000000,1
1531213609953,1531213609949,78004,0.00062370,2.79000000,1
1531213611393,1531213611388,78005,0.00062360,476.23000000,0
1531213664573,1531213664568,78006,0.00062210,721.54000000,0
1531213701508,1531213701504,78007,0.00062250,531.44000000,0
1531213738423,1531213738420,78008,0.00062370,44.74000000,1
1531213738588,1531213738584,78009,0.00062370,9.02000000,1
1531213746028,1531213746023,78010,0.00062390,33.00000000,1
1531213746028,1531213746023,78011,0.00062370,163.83000000,1
1531213746030,1531213746025,78012,0.00062370,33.00000000,1
1531213746140,1531213746135,78013,0.00062370,54.99000000,1
1531213746186,1531213746182,78014,0.00062370,27.13000000,1
1531213746208,1531213746203,78015,0.00062370,112.20000000,1
1531213746331,1531213746324,78016,0.00062370,55.00000000,1
1531213746394,1531213746389,78017,0.00062370,91.43000000,1
1531213746411,1531213746407,78018,0.00062390,66.00000000,0
1531213746919,1531213746915,78019,0.00062370,80.86000000,1
1531213761588,1531213761582,78020,0.00062380,11.21000000,0
1531213768074,1531213768070,78021,0.00062380,114.85000000,0
1531213768074,1531213768070,78022,0.00062390,36.77000000,0
1531213781579,1531213781575,78023,0.00062380,875.15000000,0
1531213782260,1531213782256,78024,0.00062250,0.13000000,1
1531213829431,1531213829426,78025,0.00062310,746.56000000,0
1531213869535,1531213869532,78026,0.00062390,752.81000000,0
1531213905429,1531213905425,78027,0.00062290,376.45000000,0
1531213934832,1531213934827,78028,0.00062300,2.08000000,1
1531213947167,1531213947162,78029,0.00062250,2.27000000,1
1531213951449,1531213951445,78030,0.00062240,309.61000000,0
1531213993873,1531213993869,78031,0.00062130,336.23000000,0
1531213994155,1531213994150,78032,0.00062010,0.96000000,1
1531214000935,1531214000931,78033,0.00061990,5.21000000,1
1531214046495,1531214046490,78034,0.00062110,49.67000000,1
1531214046535,1531214046530,78035,0.00062110,603.52000000,1
1531214048846,1531214048843,78036,0.00062110,9.26000000,0
1531214134402,1531214134397,78037,0.00061910,0.38000000,1
1531214142552,1531214142548,78038,0.00061900,534.99000000,1
1531214144736,1531214144733,78039,0.00061830,254.00000000,1
1531214149848,1531214149844,78040,0.00061970,1.68000000,0
1531214160853,1531214160847,78041,0.00061850,9.22000000,0
1531214184481,1531214184478,78042,0.00061790,603.91000000,0
1531214210837,1531214210834,78043,0.00061700,29.80000000,1
1531214233651,1531214233646,78044,0.00061910,408.57000000,0
1531214284516,1531214284511,78045,0.00061940,533.73000000,0
1531214320138,1531214320134,78046,0.00062000,63.19000000,0
1531214326171,1531214326165,78047,0.00062460,11.68000000,0
1531214337551,1531214337548,78048,0.00062270,53.50000000,1
1531214337589,1531214337585,78049,0.00062270,12.67000000,1
1531214337605,1531214337601,78050,0.00062270,10.94000000,1
1531214338070,1531214338067,78051,0.00062270,50.00000000,1
1531214338975,1531214338970,78052,0.00062280,10.49000000,1
1531214338975,1531214338970,78053,0.00062270,39.51000000,1
1531214339082,1531214339077,78054,0.00062270,50.00000000,1
1531214340031,1531214340025,78055,0.00062270,204.00000000,1
1531214340042,1531214340038,78056,0.00062270,10.49000000,1
1531214340655,1531214340650,78057,0.00062270,16.69000000,0
1531214442569,1531214442565,78058,0.00062070,59.84000000,0
1531214484708,1531214484703,78059,0.00061930,299.22000000,1
1531214526045,1531214526041,78060,0.00062100,33.00000000,0
1531214556117,1531214556114,78061,0.00062000,0.08000000,0
1531214577079,1531214577074,78062,0.00061760,33.00000000,1
1531214577079,1531214577074,78063,0.00061720,67.23000000,1
1531214636578,1531214636575,78064,0.00061860,697.82000000,1
1531214652112,1531214652109,78065,0.00061960,0.50000000,0
1531214676602,1531214676598,78066,0.00061720,68.31000000,0
1531214676602,1531214676598,78067,0.00061720,5.00000000,0
1531214676634,1531214676629,78068,0.00061720,5.00000000,0
1531214676639,1531214676636,78069,0.00061720,10.94000000,0
1531214676648,1531214676644,78070,0.00061720,428.63000000,0
1531214723174,1531214723171,78071,0.00061650,50.00000000,1
1531214723205,1531214723202,78072,0.00061650,30.86000000,1
1531214723221,1531214723217,78073,0.00061650,19.14000000,0
1531214723239,1531214723235,78074,0.00061650,19.14000000,0
1531214723240,1531214723235,78075,0.00061650,19.14000000,0
1531214723242,1531214723239,78076,0.00061650,11.72000000,0
1531214723266,1531214723261,78077,0.00061900,5.00000000,0
1531214723266,1531214723261,78078,0.00061910,24.07000000,0
1531214723266,1531214723261,78079,0.00061960,9.21000000,0
1531214724053,1531214724049,78080,0.00061640,50.00000000,1
1531214724110,1531214724107,78081,0.00061640,50.00000000,1
1531214725054,1531214725050,78082,0.00061650,50.00000000,1
1531214725153,1531214725148,78083,0.00061650,30.86000000,1
1531214725172,1531214725168,78084,0.00061650,19.14000000,0
1531214756417,1531214756413,78085,0.00061630,24.28000000,1
1531214756675,1531214756673,78086,0.00061630,38.90000000,1
1531214756716,1531214756712,78087,0.00061560,236.09000000,1
1531214768361,1531214768357,78088,0.00061560,19.03000000,1
1531214784410,1531214784405,78089,0.00061540,1.05000000,0
1531214784667,1531214784664,78090,0.00061480,694.98000000,1
1531214785557,1531214785552,78091,0.00061440,22.44000000,1
1531214785557,1531214785552,78092,0.00061330,8.12000000,1
1531214785557,1531214785552,78093,0.00061230,5.26000000,1
1531214787421,1531214787417,78094,0.00061530,0.01000000,0
1531214795675,1531214795672,78095,0.00061340,1.65000000,1
1531214798027,1531214798025,78096,0.00061340,79.21000000,1
1531214798045,1531214798041,78097,0.00061340,52.37000000,0
1531214798047,1531214798043,78098,0.00061340,26.82000000,0
1531214798047,1531214798043,78099,0.00061520,50.83000000,0
1531214800225,1531214800220,78100,0.00061500,2.45000000,0
1531214821940,1531214821935,78101,0.00061300,10.48000000,0
1531214821940,1531214821935,78102,0.00061310,12.45000000,0
1531214822031,1531214822028,78103,0.00061310,3.91000000,0
1531214822031,1531214822028,78104,0.00061320,2.56000000,0
1531214822272,1531214822269,78105,0.00061320,9.71000000,0
1531214828597,1531214828592,78106,0.00061300,561.47000000,1
1531214837098,1531214837094,78107,0.00061260,4.95000000,0
1531214840577,1531214840572,78108,0.00061270,3.44000000,1
1531214862238,1531214862235,78109,0.00061250,5.73000000,1
1531214873081,1531214873076,78110,0.00061320,2.05000000,0
1531214896758,1531214896755,78111,0.00061650,1.85000000,0
1531214912643,1531214912638,78112,0.00061370,1.63000000,0
1531214922478,1531214922473,78113,0.00061330,1.65000000,1
1531214925917,1531214925913,78114,0.00061410,888.24000000,1
1531214946801,1531214946795,78115,0.00061550,2.04000000,1
1531214962001,1531214961995,78116,0.00061530,1.65000000,0
1531214962001,1531214961995,78117,0.00061570,46.39000000,0
1531214962001,1531214961995,78118,0.00061660,8.11000000,0
1531214962021,1531214962017,78119,0.00061710,112.30000000,0
1531214962877,1531214962873,78120,0.00061710,49.63000000,0
1531214965687,1531214965681,78121,0.00061570,515.05000000,1
1531214966471,1531214966467,78122,0.00061710,14.96000000,0
1531214967174,1531214967170,78123,0.00061720,22.52000000,0
1531214967324,1531214967319,78124,0.00061720,39.13000000,0
1531214972081,1531214972078,78125,0.00061710,35.27000000,0
1531214999842,1531214999839,78126,0.00061710,10.56000000,0
1531215001457,1531215001453,78127,0.00061710,36.71000000,0
1531215012694,1531215012691,78128,0.00061650,45.78000000,0
1531215012734,1531215012729,78129,0.00061650,2.10000000,0
1531215012749,1531215012745,78130,0.00061650,697.07000000,0
1531215014242,1531215014237,78131,0.00061650,47.88000000,1
1531215014263,1531215014257,78132,0.00061650,168.83000000,0
1531215014279,1531215014275,78133,0.00061650,168.83000000,0
1531215014293,1531215014289,78134,0.00061650,261.88000000,0
1531215048636,1531215048632,78135,0.00061550,659.58000000,0
1531215086799,1531215086793,78136,0.00061500,770.38000000,1
1531215126650,1531215126645,78137,0.00061550,781.11000000,1
1531215173770,1531215173766,78138,0.00061510,717.90000000,1
1531215220861,1531215220857,78139,0.00061470,446.42000000,0
1531215264657,1531215264654,78140,0.00061440,594.22000000,1
1531215294877,1531215294874,78141,0.00061420,0.05000000,1
1531215297013,1531215297009,78142,0.00061410,0.05000000,1
1531215317797,1531215317793,78143,0.00061570,735.84000000,0
1531215360883,1531215360878,78144,0.00061450,580.24000000,0
1531215452820,1531215452816,78145,0.00061470,573.12000000,1
1531215538841,1531215538836,78146,0.00061570,679.37000000,1
1531215589095,1531215589090,78147,0.00061580,736.80000000,0
1531215589269,1531215589265,78148,0.00061610,168.83000000,0
1531215589269,1531215589265,78149,0.00061630,48.14000000,0
1531215601808,1531215601805,78150,0.00061710,5.37000000,0
1531215623367,1531215623364,78151,0.00061480,13.17000000,1
1531215623367,1531215623364,78152,0.00061470,100.01000000,1
1531215623367,1531215623364,78153,0.00061410,9.71000000,1
1531215623387,1531215623384,78154,0.00061400,19.21000000,0
1531215637781,1531215637778,78155,0.00061420,768.51000000,1
1531215682522,1531215682519,78156,0.00061220,52.37000000,0
1531215682598,1531215682594,78157,0.00061360,1.63000000,0
1531215682598,1531215682594,78158,0.00061590,33.37000000,0
1531215685632,1531215685627,78159,0.00061230,11.29000000,1
1531215685632,1531215685627,78160,0.00061220,41.08000000,1
1531215686350,1531215686346,78161,0.00061220,0.36000000,1
1531215733276,1531215733272,78162,0.00061530,11.26000000,0
1531215734140,1531215734135,78163,0.00061240,34.00000000,1
1531215734140,1531215734135,78164,0.00061230,8.16000000,1
1531215734140,1531215734135,78165,0.00061220,7.56000000,1
1531215734140,1531215734135,78166,0.00061210,0.28000000,1
1531215734371,1531215734367,78167,0.00061210,48.73000000,1
1531215740534,1531215740529,78168,0.00061200,11.36000000,0
1531215744510,1531215744506,78169,0.00061200,28.84000000,0
1531215744510,1531215744506,78170,0.00061210,1.27000000,0
1531215754613,1531215754610,78171,0.00061520,15.04000000,0
1531215755329,1531215755325,78172,0.00061140,34.00000000,1
1531215755329,1531215755325,78173,0.00061110,80.86000000,1
1531215755329,1531215755325,78174,0.00061100,25.17000000,1
1531215755329,1531215755325,78175,0.00061040,7.45000000,1
1531215756340,1531215756337,78176,0.00061040,50.00000000,1
1531215757169,1531215757165,78177,0.00061040,50.00000000,1
1531215788294,1531215788289,78178,0.00061040,50.00000000,1
1531215789176,1531215789171,78179,0.00061050,21.25000000,1
1531215789176,1531215789171,78180,0.00061040,28.75000000,1
1531215789253,1531215789249,78181,0.00061040,50.00000000,1
1531215791983,1531215791979,78182,0.00061350,543.01000000,1
1531215794550,1531215794546,78183,0.00061000,25.64000000,1
1531215794551,1531215794546,78184,0.00061000,32.10000000,1
1531215800252,1531215800248,78185,0.00061000,50.00000000,1
1531215801135,1531215801115,78186,0.00061000,50.00000000,1
1531215801234,1531215801230,78187,0.00061000,50.00000000,1
1531215803539,1531215803535,78188,0.00061000,942.32000000,1
1531215827111,1531215827106,78189,0.00061340,0.01000000,0
1531215828819,1531215828815,78190,0.00061030,716.75000000,1
1531215831148,1531215831145,78191,0.00060930,50.00000000,1
1531215835137,1531215835134,78192,0.00060940,50.00000000,1
1531215835291,1531215835288,78193,0.00060940,30.86000000,1
1531215835386,1531215835383,78194,0.00060940,19.14000000,0
1531215842118,1531215842114,78195,0.00060940,50.00000000,1
1531215842234,1531215842231,78196,0.00060940,7.50000000,1
1531215842247,1531215842244,78197,0.00060940,42.50000000,0
1531215866936,1531215866931,78198,0.00061240,451.26000000,0
1531215896685,1531215896681,78199,0.00060940,0.07000000,1
1531215912243,1531215912240,78200,0.00061040,854.56000000,1
1531215958872,1531215958868,78201,0.00061100,751.77000000,0
1531215997951,1531215997947,78202,0.00061060,369.07000000,1
1531216004095,1531216004090,78203,0.00060940,8.14000000,1
1531216004095,1531216004090,78204,0.00060910,2.80000000,1
1531216009608,1531216009605,78205,0.00060910,3.66000000,1
1531216009677,1531216009673,78206,0.00060910,43.56000000,1
1531216020253,1531216020250,78207,0.00060890,3.28000000,0
1531216036203,1531216036200,78208,0.00060840,3.20000000,1
1531216041886,1531216041883,78209,0.00060870,418.02000000,1
1531216043152,1531216043147,78210,0.00060880,3.65000000,0
1531216043152,1531216043147,78211,0.00060890,7.29000000,0
1531216044537,1531216044534,78212,0.00060890,24.92000000,0
1531216047661,1531216047657,78213,0.00060840,21.66000000,1
1531216080647,1531216080643,78214,0.00060880,33.98000000,0
1531216081818,1531216081815,78215,0.00060860,316.11000000,0
1531216111360,1531216111356,78216,0.00060890,0.02000000,0
1531216111360,1531216111356,78217,0.00061140,12.76000000,0
1531216111360,1531216111356,78218,0.00061150,21.24000000,0
1531216130970,1531216130965,78219,0.00060920,494.09000000,0
1531216172185,1531216172180,78220,0.00060840,4.74000000,1
1531216192884,1531216192878,78221,0.00060850,883.37000000,1
1531216238852,1531216238848,78222,0.00060920,877.54000000,0
1531216289025,1531216289022,78223,0.00061050,378.61000000,0
1531216307267,1531216307263,78224,0.00060840,0.03000000,1
1531216330136,1531216330132,78225,0.00060870,658.34000000,1
1531216373966,1531216373962,78226,0.00061010,380.32000000,1
1531216425881,1531216425876,78227,0.00060910,360.86000000,0
1531216475919,1531216475915,78228,0.00060860,850.16000000,0
1531216516998,1531216516993,78229,0.00061020,657.77000000,0
1531216566966,1531216566962,78230,0.00060890,580.02000000,0
1531216622966,1531216622963,78231,0.00060860,382.83000000,0
1531216632090,1531216632085,78232,0.00060840,32.75000000,1
1531216662181,1531216662177,78233,0.00060780,12.29000000,0
1531216680626,1531216680622,78234,0.00060780,61.51000000,0
1531216684228,1531216684224,78235,0.00060830,498.17000000,1
1531216716761,1531216716756,78236,0.00060990,33.95000000,0
1531216716788,1531216716783,78237,0.00060990,0.05000000,0
1531216716788,1531216716783,78238,0.00061000,38.25000000,0
1531216717154,1531216717150,78239,0.00060830,8.15000000,1
1531216719872,1531216719868,78240,0.00060810,11.43000000,1
1531216719872,1531216719868,78241,0.00060800,9.76000000,1
1531216719872,1531216719868,78242,0.00060780,12.76000000,1
1531216723005,1531216723001,78243,0.00061190,105.00000000,1
1531216723063,1531216723059,78244,0.00061190,13.35000000,1
1531216723099,1531216723094,78245,0.00061190,709.15000000,1
1531216723161,1531216723157,78246,0.00060840,50.00000000,1
1531216723452,1531216723447,78247,0.00060840,50.00000000,1
1531216723465,1531216723459,78248,0.00060840,50.00000000,1
1531216756200,1531216756196,78249,0.00060840,50.00000000,1
1531216763102,1531216763098,78250,0.00060890,334.69000000,0
1531216770574,1531216770570,78251,0.00060840,150.00000000,1
1531216777665,1531216777661,78252,0.00060840,107.86000000,1
1531216781675,1531216781670,78253,0.00060840,28.95000000,1
1531216794926,1531216794922,78254,0.00060840,38.29000000,1
1531216804224,1531216804220,78255,0.00060850,586.35000000,0
1531216813661,1531216813656,78256,0.00060860,34.00000000,0
1531216816854,1531216816850,78257,0.00060850,5.00000000,0
1531216844303,1531216844299,78258,0.00060850,32.58000000,0
1531216851382,1531216851378,78259,0.00060850,19.84000000,0
1531216903189,1531216903184,78260,0.00060850,42.69000000,0
1531216903189,1531216903184,78261,0.00060860,7.31000000,0
1531216903209,1531216903205,78262,0.00060860,50.00000000,0
1531216903230,1531216903227,78263,0.00060860,50.00000000,0
1531216908463,1531216908458,78264,0.00060860,34.00000000,0
1531216908522,1531216908519,78265,0.00060850,312.33000000,1
1531216908609,1531216908603,78266,0.00060860,49.46000000,0
1531216909005,1531216909001,78267,0.00060860,34.00000000,1
1531216972175,1531216972171,78268,0.00060850,435.86000000,0
1531216990089,1531216990085,78269,0.00060860,34.33000000,0
1531217019099,1531217019095,78270,0.00060890,743.77000000,0
1531217032328,1531217032324,78271,0.00061210,0.63000000,0
1531217035820,1531217035816,78272,0.00061210,10.77000000,0
1531217038478,1531217038474,78273,0.00060910,0.03000000,1
1531217065119,1531217065115,78274,0.00061030,538.88000000,0
1531217087867,1531217087863,78275,0.00061230,0.60000000,0
1531217090592,1531217090588,78276,0.00061230,0.01000000,0
1531217115121,1531217115117,78277,0.00061060,521.24000000,1
1531217156169,1531217156165,78278,0.00061130,856.35000000,0
1531217197161,1531217197156,78279,0.00061200,349.50000000,1
1531217235166,1531217235163,78280,0.00061100,372.06000000,0
1531217267137,1531217267133,78281,0.00061160,0.01000000,0
1531217272184,1531217272178,78282,0.00061150,556.50000000,1
1531217281077,1531217281072,78283,0.00061150,33.96000000,0
1531217319219,1531217319214,78284,0.00061110,894.85000000,1
1531217355224,1531217355219,78285,0.00061050,12.70000000,1
1531217363187,1531217363182,78286,0.00061060,662.35000000,1
1531217384012,1531217384006,78287,0.00061100,44.47000000,0
1531217384012,1531217384006,78288,0.00061110,97.44000000,0
1531217384012,1531217384006,78289,0.00061250,9.76000000,0
1531217384012,1531217384006,78290,0.00061310,12.11000000,0
1531217392154,1531217392151,78291,0.00061310,2.03000000,0
1531217414242,1531217414238,78292,0.00061120,496.65000000,1
1531217454747,1531217454739,78293,0.00060940,10.56000000,1
1531217454747,1531217454739,78294,0.00060860,48.27000000,1
1531217454747,1531217454739,78295,0.00060840,11.71000000,1
1531217454747,1531217454739,78296,0.00060760,8.20000000,1
1531217454747,1531217454739,78297,0.00060740,1.65000000,1
1531217454747,1531217454739,78298,0.00060730,5.59000000,1
1531217454747,1531217454739,78299,0.00060700,44.57000000,1
1531217454747,1531217454739,78300,0.00060690,5.30000000,1
1531217464276,1531217464271,78301,0.00060970,3.65000000,0
1531217464286,1531217464283,78302,0.00060750,370.36000000,1
1531217465266,1531217465262,78303,0.00060960,50.00000000,0
1531217474455,1531217474450,78304,0.00060960,10.64000000,0
1531217474455,1531217474450,78305,0.00061120,2.06000000,0
1531217479327,1531217479323,78306,0.00060750,11.54000000,1
1531217479418,1531217479413,78307,0.00060760,2.06000000,0
1531217512059,1531217512056,78308,0.00060960,450.04000000,1
1531217560208,1531217560204,78309,0.00060860,380.76000000,0
1531217563435,1531217563430,78310,0.00061110,0.28000000,0
1531217566448,1531217566445,78311,0.00061100,0.01000000,0
1531217589623,1531217589619,78312,0.00060920,1.66000000,1
1531217597877,1531217597873,78313,0.00061040,18.34000000,0
1531217613366,1531217613362,78314,0.00060770,699.75000000,1
1531217674369,1531217674365,78315,0.00061060,34.00000000,0
1531217674369,1531217674365,78316,0.00061070,483.73000000,0
1531217718340,1531217718336,78317,0.00060730,34.00000000,1
1531217718340,1531217718336,78318,0.00060640,672.25000000,1
1531217736974,1531217736968,78319,0.00060600,24.75000000,1
1531217736974,1531217736968,78320,0.00060560,80.86000000,1
1531217736974,1531217736968,78321,0.00060530,4.95000000,1
1531217736974,1531217736968,78322,0.00060520,39.98000000,1
1531217736974,1531217736968,78323,0.00060500,9.40000000,1
1531217736995,1531217736988,78324,0.00060500,4.55000000,0
1531217736999,1531217736996,78325,0.00060500,483.24000000,0
1531217737007,1531217737003,78326,0.00060500,446.32000000,0
1531217740559,1531217740555,78327,0.00061050,0.01000000,0
1531217742829,1531217742825,78328,0.00060530,89.07000000,1
1531217742829,1531217742825,78329,0.00060520,80.86000000,1
1531217742845,1531217742840,78330,0.00060500,4.55000000,0
1531217742853,1531217742849,78331,0.00060500,483.24000000,0
1531217742867,1531217742863,78332,0.00060500,97.48000000,0
1531217742876,1531217742871,78333,0.00060500,65.33000000,0
1531217751643,1531217751639,78334,0.00060500,80.86000000,1
1531217751679,1531217751675,78335,0.00060500,292.53000000,0
1531217751697,1531217751691,78336,0.00060500,242.01000000,0
1531217754402,1531217754398,78337,0.00060500,461.55000000,0
1531217757058,1531217757054,78338,0.00060500,346.16000000,0
1531217759488,1531217759481,78339,0.00060500,259.62000000,0
1531217760345,1531217760340,78340,0.00060550,588.36000000,1
1531217761126,1531217761122,78341,0.00060500,194.72000000,0
1531217762906,1531217762902,78342,0.00060500,292.08000000,0
1531217765072,1531217765068,78343,0.00060500,292.08000000,0
1531217765082,1531217765078,78344,0.00060500,0.01000000,0
1531217789044,1531217789039,78345,0.00060810,0.01000000,0
1531217790984,1531217790980,78346,0.00060750,4.99000000,1
1531217801287,1531217801282,78347,0.00060780,846.66000000,0
1531217804996,1531217804992,78348,0.00060810,113.81000000,0
1531217817977,1531217817973,78349,0.00060910,0.01000000,0
1531217831308,1531217831304,78350,0.00060920,0.01000000,0
1531217847266,1531217847263,78351,0.00060870,533.51000000,0
1531217871128,1531217871124,78352,0.00060920,0.01000000,0
1531217892400,1531217892395,78353,0.00060790,378.94000000,1
1531217909075,1531217909070,78354,0.00060920,62.45000000,0
1531217909121,1531217909118,78355,0.00060920,61.95000000,1
1531217909332,1531217909326,78356,0.00060920,39.74000000,1
1531217938293,1531217938289,78357,0.00060960,729.98000000,1
1531217983384,1531217983380,78358,0.00060930,602.76000000,1
1531218029395,1531218029389,78359,0.00060770,525.66000000,0
1531218053848,1531218053844,78360,0.00060970,2.13000000,0
1531218070673,1531218070668,78361,0.00060600,121.90000000,1
1531218070720,1531218070716,78362,0.00060590,2.76000000,0
1531218070738,1531218070735,78363,0.00060590,6.53000000,0
1531218070743,1531218070740,78364,0.00060590,41.74000000,0
1531218071053,1531218071049,78365,0.00060590,14.70000000,0
1531218074339,1531218074335,78366,0.00060910,561.47000000,1
1531218121964,1531218121958,78367,0.00060640,1.65000000,1
1531218122317,1531218122313,78368,0.00060720,789.36000000,0
1531218136286,1531218136280,78369,0.00060780,2.50000000,0
1531218164464,1531218164458,78370,0.00060720,609.23000000,0
1531218210040,1531218210035,78371,0.00060630,15.41000000,1
1531218221517,1531218221513,78372,0.00060710,789.94000000,1
1531218237890,1531218237885,78373,0.00060760,34.00000000,0
1531218237890,1531218237885,78374,0.00060780,2.49000000,0
1531218237890,1531218237885,78375,0.00061040,89.01000000,0
1531218237906,1531218237901,78376,0.00061040,114.82000000,1
1531218238337,1531218238331,78377,0.00061040,50.00000000,1
1531218238819,1531218238813,78378,0.00061040,20.00000000,1
1531218239281,1531218239277,78379,0.00061040,50.00000000,1
1531218239332,1531218239328,78380,0.00061040,11.15000000,1
1531218269414,1531218269410,78381,0.00060820,494.75000000,0
1531218314784,1531218314779,78382,0.00060950,0.17000000,0
1531218317530,1531218317525,78383,0.00060680,330.19000000,1
1531218387648,1531218387643,78384,0.00060950,0.58000000,0
1531218404504,1531218404498,78385,0.00060880,321.05000000,1
1531218449284,1531218449280,78386,0.00060880,50.00000000,1
1531218459673,1531218459669,78387,0.00060920,34.00000000,0
1531218459673,1531218459669,78388,0.00060930,316.13000000,0
1531218504721,1531218504717,78389,0.00060880,2.00000000,1
1531218506568,1531218506564,78390,0.00060890,588.09000000,1
1531218520347,1531218520343,78391,0.00060880,33.50000000,1
1531218520347,1531218520343,78392,0.00060650,37.17000000,1
1531218520347,1531218520343,78393,0.00060630,3.98000000,1
1531218523627,1531218523621,78394,0.00060640,33.50000000,1
1531218555548,1531218555544,78395,0.00060650,39.93000000,0
1531218555571,1531218555566,78396,0.00060650,830.80000000,0
1531218578623,1531218578619,78397,0.00060650,5.77000000,1
1531218606571,1531218606566,78398,0.00060700,634.33000000,1
1531218641350,1531218641345,78399,0.00060870,0.41000000,0
1531218642570,1531218642565,78400,0.00060710,891.09000000,0
1531218683569,1531218683564,78401,0.00060840,596.93000000,0
1531218725514,1531218725509,78402,0.00060710,893.82000000,0
1531218769623,1531218769617,78403,0.00060730,606.71000000,1
1531218817726,1531218817722,78404,0.00060720,526.91000000,1
1531218866643,1531218866640,78405,0.00060740,891.31000000,1
1531218918657,1531218918652,78406,0.00060750,773.28000000,0
1531218981581,1531218981577,78407,0.00060670,547.64000000,1
1531219018555,1531219018551,78408,0.00060660,2.02000000,1
1531219023619,1531219023615,78409,0.00060740,582.53000000,0
1531219062084,1531219062080,78410,0.00060680,19.06000000,1
1531219069635,1531219069631,78411,0.00060710,894.08000000,0
1531219122772,1531219122767,78412,0.00060730,814.13000000,1
1531219185701,1531219185696,78413,0.00060710,473.19000000,1
1531219236630,1531219236626,78414,0.00060720,819.32000000,1
1531219244138,1531219244134,78415,0.00060710,2.32000000,1
1531219300665,1531219300661,78416,0.00060750,404.19000000,0
1531219312133,1531219312128,78417,0.00060790,9.80000000,0
1531219312133,1531219312128,78418,0.00060830,0.20000000,0
1531219372162,1531219372158,78419,0.00060830,2.47000000,0
1531219381812,1531219381807,78420,0.00060740,414.60000000,0
1531219429722,1531219429717,78421,0.00060780,784.98000000,1
1531219453608,1531219453606,78422,0.00060750,39.93000000,1
1531219455350,1531219455345,78423,0.00060750,18.09000000,1
1531219460255,1531219460251,78424,0.00060720,27.66000000,1
1531219465800,1531219465794,78425,0.00060750,818.58000000,1
1531219505569,1531219505565,78426,0.00060720,12.26000000,1
1531219516834,1531219516830,78427,0.00060760,784.99000000,1
1531219532392,1531219532384,78428,0.00060770,0.01000000,0
1531219581383,1531219581379,78429,0.00060770,2.12000000,0
1531219583745,1531219583740,78430,0.00060740,847.54000000,0
1531219632756,1531219632754,78431,0.00060750,863.77000000,1
1531219644890,1531219644885,78432,0.00060740,4.91000000,1
1531219687232,1531219687228,78433,0.00060800,14.95000000,0
1531219696776,1531219696770,78434,0.00060780,868.69000000,0
1531219715100,1531219715095,78435,0.00060740,5.34000000,1
1531219715612,1531219715607,78436,0.00060720,2.32000000,1
1531219728467,1531219728462,78437,0.00060710,48.27000000,1
1531219737896,1531219737892,78438,0.00060740,554.60000000,1
1531219791785,1531219791780,78439,0.00060730,598.92000000,1
1531219802536,1531219802531,78440,0.00060710,0.38000000,1
1531219832371,1531219832365,78441,0.00060710,13.09000000,1
1531219917878,1531219917874,78442,0.00060730,697.32000000,1
1531219980966,1531219980964,78443,0.00060730,5.00000000,1
1531219980966,1531219980964,78444,0.00060720,1.47000000,1
1531220006455,1531220006451,78445,0.00060760,4.36000000,0
1531220008555,1531220008550,78446,0.00060760,17.89000000,0
1531220008899,1531220008895,78447,0.00060760,16.11000000,1
1531220008899,1531220008895,78448,0.00060730,473.71000000,1
1531220015779,1531220015774,78449,0.00060730,16.11000000,1
1531220015779,1531220015774,78450,0.00060720,3.15000000,1
1531220015779,1531220015774,78451,0.00060710,29.74000000,1
1531220061976,1531220061971,78452,0.00060850,34.00000000,0
1531220061976,1531220061971,78453,0.00060860,332.86000000,0
1531220115987,1531220115982,78454,0.00060760,643.15000000,1
1531220168922,1531220168919,78455,0.00060770,538.84000000,0
1531220215051,1531220215046,78456,0.00060830,408.37000000,1
1531220300176,1531220300169,78457,0.00060810,449.15000000,1
1531220336273,1531220336267,78458,0.00060740,681.14000000,0
1531220375098,1531220375094,78459,0.00060830,448.08000000,1
1531220432613,1531220432608,78460,0.00060710,106.77000000,1
1531220466030,1531220466025,78461,0.00060810,650.55000000,1
1531220503135,1531220503129,78462,0.00060850,495.27000000,0
1531220563059,1531220563057,78463,0.00060810,788.43000000,1
1531220605080,1531220605075,78464,0.00060790,343.09000000,0
1531220648073,1531220648069,78465,0.00060850,811.19000000,1
1531220678687,1531220678683,78466,0.00060880,0.07000000,0
1531220691162,1531220691157,78467,0.00060800,580.79000000,1
1531220717667,1531220717664,78468,0.00060880,1.84000000,0
1531220734187,1531220734182,78469,0.00060810,853.14000000,0
1531220739016,1531220739010,78470,0.00060880,0.01000000,0
1531220780110,1531220780105,78471,0.00060810,632.12000000,1
1531220824105,1531220824099,78472,0.00060810,784.70000000,1
1531220838087,1531220838081,78473,0.00060880,32.08000000,0
1531220861196,1531220861190,78474,0.00060970,622.43000000,1
1531220912193,1531220912187,78475,0.00060830,758.86000000,1
1531220927176,1531220927173,78476,0.00060950,0.21000000,0
1531220930171,1531220930166,78477,0.00060980,0.01000000,0
1531220936563,1531220936557,78478,0.00060840,50.00000000,0
1531220945641,1531220945636,78479,0.00060750,34.00000000,1
1531220945641,1531220945636,78480,0.00060720,48.54000000,1
1531220945641,1531220945636,78481,0.00060710,15.36000000,1
1531220961402,1531220961396,78482,0.00060810,461.14000000,0
1531220964697,1531220964693,78483,0.00060730,11.50000000,1
1531221019267,1531221019261,78484,0.00060820,879.34000000,1
1531221038526,1531221038520,78485,0.00060850,0.16000000,0
1531221072375,1531221072371,78486,0.00060830,440.72000000,0
1531221081260,1531221081255,78487,0.00060830,5.05000000,0
1531221081282,1531221081277,78488,0.00060830,10.94000000,0
1531221081283,1531221081278,78489,0.00060830,4.05000000,0
1531221139227,1531221139224,78490,0.00060780,605.77000000,0
1531221182943,1531221182938,78491,0.00060850,5.43000000,0
1531221186258,1531221186253,78492,0.00060900,590.89000000,0
1531221232273,1531221232269,78493,0.00060800,770.76000000,0
1531221283653,1531221283647,78494,0.00060830,4.92000000,1
1531221285173,1531221285169,78495,0.00060970,663.87000000,0
1531221325186,1531221325182,78496,0.00060910,412.62000000,1
1531221330658,1531221330655,78497,0.00060920,34.00000000,0
1531221380222,1531221380218,78498,0.00060810,540.52000000,1
1531221425205,1531221425203,78499,0.00060860,405.27000000,1
1531221454981,1531221454977,78500,0.00060890,4.92000000,0
1531221475308,1531221475301,78501,0.00060780,10.90000000,0
1531221475314,1531221475308,78502,0.00060780,10.92000000,0
1531221475387,1531221475382,78503,0.00060780,428.07000000,0
1531221508292,1531221508286,78504,0.00060980,18.51000000,0
1531221509281,1531221509277,78505,0.00060980,50.00000000,1
1531221509605,1531221509600,78506,0.00060980,50.00000000,1
1531221510264,1531221510259,78507,0.00060980,26.71000000,1
1531221518208,1531221518205,78508,0.00060940,857.73000000,0
1531221570296,1531221570290,78509,0.00060850,34.00000000,0
1531221570296,1531221570290,78510,0.00060860,566.66000000,0
1531221583064,1531221583060,78511,0.00060940,52.60000000,0
1531221583073,1531221583068,78512,0.00060940,0.08000000,0
1531221647740,1531221647735,78513,0.00060770,11.01000000,1
1531221647740,1531221647735,78514,0.00060740,1.99000000,1
1531221647740,1531221647735,78515,0.00060710,1.98000000,1
1531221650562,1531221650557,78516,0.00060740,856.40000000,1
1531221675474,1531221675468,78517,0.00060740,21.14000000,0
1531221675491,1531221675488,78518,0.00060740,10.94000000,0
1531221675493,1531221675489,78519,0.00060740,21.15000000,0
1531221675541,1531221675536,78520,0.00060740,21.15000000,0
1531221676259,1531221676254,78521,0.00060740,9.86000000,0
1531221733188,1531221733183,78522,0.00060730,21.24000000,0
1531221733188,1531221733183,78523,0.00060740,28.76000000,0
1531221733194,1531221733191,78524,0.00060740,2.73000000,0
1531221735307,1531221735303,78525,0.00060800,444.64000000,0
1531221746604,1531221746597,78526,0.00060950,0.04000000,0
1531221793363,1531221793359,78527,0.00060890,426.18000000,1
1531221793387,1531221793382,78528,0.00060750,17.89000000,1
1531221813718,1531221813714,78529,0.00060740,17.75000000,1
1531221829343,1531221829337,78530,0.00060740,29.52000000,1
1531221829433,1531221829428,78531,0.00060710,29.52000000,1
1531221849416,1531221849412,78532,0.00060720,802.91000000,1
1531221889677,1531221889671,78533,0.00060720,675.08000000,0
1531221936334,1531221936329,78534,0.00060720,742.52000000,1
1531221938975,1531221938971,78535,0.00060740,0.41000000,0
1531222001014,1531222001010,78536,0.00060710,102.42000000,1
1531222011375,1531222011372,78537,0.00060660,617.67000000,1
1531222060370,1531222060365,78538,0.00060650,768.58000000,0
1531222061117,1531222061112,78539,0.00060640,10.97000000,1
1531222093198,1531222093194,78540,0.00060640,181.38000000,1
1531222093234,1531222093229,78541,0.00060640,37.95000000,1
1531222095247,1531222095242,78542,0.00060690,34.00000000,0
1531222095247,1531222095242,78543,0.00060700,19.40000000,0
1531222102930,1531222102925,78544,0.00060630,51.87000000,1
1531222104638,1531222104635,78545,0.00060640,28.35000000,1
1531222110327,1531222110322,78546,0.00060620,50.66000000,1
1531222113390,1531222113385,78547,0.00060710,838.18000000,0
1531222152409,1531222152404,78548,0.00060720,520.72000000,1
1531222152427,1531222152420,78549,0.00060500,166.81000000,1
1531222152427,1531222152420,78550,0.00060400,100.00000000,1
1531222152427,1531222152420,78551,0.00060390,9.66000000,1
1531222152427,1531222152420,78552,0.00060380,21.88000000,1
1531222152427,1531222152420,78553,0.00060370,6.61000000,1
1531222152427,1531222152420,78554,0.00060340,1.66000000,1
1531222152427,1531222152420,78555,0.00060310,48.41000000,1
1531222160599,1531222160593,78556,0.00060490,8.27000000,0
1531222165141,1531222165136,78557,0.00060640,7.63000000,0
1531222165988,1531222165984,78558,0.00060640,8.80000000,0
1531222165988,1531222165984,78559,0.00060710,69.22000000,0
1531222165988,1531222165984,78560,0.00060720,41.01000000,0
1531222165988,1531222165984,78561,0.00060740,7.63000000,0
1531222168847,1531222168843,78562,0.00060740,6.11000000,0
1531222168847,1531222168843,78563,0.00060970,100.00000000,0
1531222168847,1531222168843,78564,0.00060980,12.92000000,0
1531222209290,1531222209285,78565,0.00060750,34.00000000,1
1531222209317,1531222209312,78566,0.00060740,10.71000000,1
1531222210407,1531222210404,78567,0.00060660,841.92000000,1
1531222259444,1531222259440,78568,0.00060570,359.97000000,0
1531222277050,1531222277045,78569,0.00060590,4.17000000,0
1531222303684,1531222303681,78570,0.00060530,11.78000000,0
1531222303700,1531222303695,78571,0.00060530,56.68000000,0
1531222304165,1531222304162,78572,0.00060530,44.93000000,0
1531222304586,1531222304582,78573,0.00060530,630.01000000,0
1531222327366,1531222327362,78574,0.00060660,10.71000000,0
1531222327366,1531222327362,78575,0.00060670,11.79000000,0
1531222327366,1531222327362,78576,0.00060690,34.00000000,0
1531222328084,1531222328080,78577,0.00060720,4.12000000,0
1531222328084,1531222328080,78578,0.00060860,4.11000000,0
1531222328084,1531222328080,78579,0.00060980,10.37000000,0
1531222328085,1531222328080,78580,0.00061040,37.90000000,0
1531222328193,1531222328192,78581,0.00061040,0.95000000,0
1531222328193,1531222328192,78582,0.00061060,8.15000000,0
1531222413539,1531222413534,78583,0.00060940,360.84000000,1
1531222488487,1531222488483,78584,0.00060900,417.52000000,1
1531222537506,1531222537502,78585,0.00060890,399.69000000,1
1531222568003,1531222567999,78586,0.00061030,34.00000000,0
1531222568003,1531222567999,78587,0.00061050,42.24000000,0
1531222568003,1531222567999,78588,0.00061060,34.36000000,0
1531222579616,1531222579612,78589,0.00060930,317.78000000,0
1531222626494,1531222626491,78590,0.00060980,334.37000000,1
1531222632581,1531222632577,78591,0.00061170,9.40000000,0
1531222647124,1531222647120,78592,0.00061360,14.67000000,0
1531222667204,1531222667201,78593,0.00061490,3.74000000,0
1531222677580,1531222677578,78594,0.00061240,423.95000000,1
1531222705427,1531222705423,78595,0.00061490,45.21000000,0
1531222734806,1531222734803,78596,0.00061370,764.28000000,0
1531222749025,1531222749021,78597,0.00061440,13.98000000,1
1531222760348,1531222760344,78598,0.00061440,15.95000000,1
1531222760352,1531222760349,78599,0.00061440,10.13000000,1
1531222771947,1531222771943,78600,0.00061490,0.06000000,0
1531222771947,1531222771943,78601,0.00061500,28.84000000,0
1531222772683,1531222772680,78602,0.00061500,50.00000000,0
1531222779627,1531222779623,78603,0.00061440,10.13000000,1
1531222782612,1531222782610,78604,0.00061390,301.06000000,0
1531222827526,1531222827523,78605,0.00061310,461.99000000,0
1531222865559,1531222865556,78606,0.00061490,676.79000000,1
1531222912454,1531222912450,78607,0.00061300,0.07000000,1
1531222914363,1531222914359,78608,0.00061290,0.07000000,1
1531222917697,1531222917694,78609,0.00061360,778.35000000,1
1531222958543,1531222958540,78610,0.00061380,574.22000000,1
1531222980474,1531222980471,78611,0.00061380,39.22000000,1
1531222980474,1531222980471,78612,0.00061370,43.19000000,1
1531222980474,1531222980471,78613,0.00061070,10.31000000,1
1531222980474,1531222980471,78614,0.00061000,38.57000000,1
1531222984888,1531222984884,78615,0.00061250,8.77000000,0
1531223002255,1531223002250,78616,0.00061250,1.54000000,0
1531223010621,1531223010618,78617,0.00061310,827.31000000,0
1531223039850,1531223039849,78618,0.00061230,1.64000000,1
1531223050715,1531223050712,78619,0.00061290,50.00000000,0
1531223051160,1531223051156,78620,0.00061280,50.00000000,0
1531223051727,1531223051723,78621,0.00061280,50.00000000,0
1531223052160,1531223052156,78622,0.00061280,50.00000000,0
1531223052162,1531223052159,78623,0.00061280,41.00000000,0
1531223052699,1531223052695,78624,0.00061290,50.00000000,0
1531223115938,1531223115935,78625,0.00061320,4.26000000,1
1531223130905,1531223130900,78626,0.00061320,0.35000000,1
1531223147905,1531223147901,78627,0.00061320,12.72000000,1
1531223152875,1531223152871,78628,0.00061480,10.39000000,1
1531223163834,1531223163830,78629,0.00061480,0.05000000,1
1531223179301,1531223179298,78630,0.00061480,4.43000000,1
1531223180261,1531223180258,78631,0.00061480,4.43000000,1
1531223181326,1531223181322,78632,0.00061480,15.57000000,1
1531223181898,1531223181896,78633,0.00061480,6.28000000,1
1531223188029,1531223188025,78634,0.00061480,47.95000000,1
1531223272597,1531223272593,78635,0.00061430,439.27000000,1
1531223291608,1531223291606,78636,0.00061500,245.46000000,0
1531223291718,1531223291713,78637,0.00061430,27.12000000,1
1531223292642,1531223292639,78638,0.00061650,8.20000000,0
1531223292642,1531223292639,78639,0.00061670,100.00000000,0
1531223292642,1531223292639,78640,0.00061750,58.46000000,0
1531223292642,1531223292639,78641,0.00061920,78.80000000,0
1531223293067,1531223293064,78642,0.00061920,89.63000000,0
1531223293566,1531223293561,78643,0.00061440,20.12000000,1
1531223302495,1531223302491,78644,0.00061510,10.57000000,1
1531223302495,1531223302491,78645,0.00061500,29.87000000,1
1531223311596,1531223311592,78646,0.00061620,794.38000000,1
1531223315598,1531223315597,78647,0.00061440,1.13000000,1
1531223348614,1531223348610,78648,0.00061650,732.86000000,0
1531223387663,1531223387660,78649,0.00061560,561.93000000,1
1531223429816,1531223429812,78650,0.00061570,732.51000000,0
1531223521765,1531223521762,78651,0.00061560,41.87000000,1
1531223550524,1531223550521,78652,0.00061440,100.00000000,1
1531223552318,1531223552313,78653,0.00061440,8.66000000,1
1531223557656,1531223557653,78654,0.00061420,10.94000000,1
1531223569893,1531223569890,78655,0.00061420,15.86000000,1
1531223570730,1531223570727,78656,0.00061420,23.14000000,1
1531223570846,1531223570842,78657,0.00061420,18.48000000,1
1531223585661,1531223585658,78658,0.00061450,5.47000000,1
1531223585670,1531223585666,78659,0.00061450,3.64000000,1
1531223585683,1531223585680,78660,0.00061450,1.82000000,1
1531223585752,1531223585750,78661,0.00061450,740.42000000,1
1531223585785,1531223585780,78662,0.00061450,10.93000000,0
1531223585888,1531223585885,78663,0.00061450,33.00000000,1
1531223586197,1531223586194,78664,0.00061450,32.92000000,1
1531223586427,1531223586423,78665,0.00061450,4.97000000,1
1531223586532,1531223586529,78666,0.00061450,33.00000000,1
1531223587695,1531223587691,78667,0.00061450,53.18000000,1
1531223643193,1531223643190,78668,0.00061280,9.00000000,1
1531223675636,1531223675632,78669,0.00061320,305.44000000,0
1531223855933,1531223855934,78670,0.00061520,4.31000000,0
1531223855956,1531223855953,78671,0.00061520,10.93000000,0
1531223928684,1531223928680,78672,0.00061280,524.13000000,0
1531223965797,1531223965794,78673,0.00061460,682.22000000,1
1531224013814,1531224013811,78674,0.00061330,665.16000000,1
1531224053448,1531224053445,78675,0.00061260,54.94000000,1
1531224066690,1531224066688,78676,0.00061370,405.12000000,1
1531224104715,1531224104712,78677,0.00061360,494.32000000,1
1531224139031,1531224139027,78678,0.00061250,0.66000000,1
1531224144896,1531224144893,78679,0.00061460,10.57000000,0
1531224150764,1531224150764,78680,0.00061290,50.57000000,1
1531224155702,1531224155702,78681,0.00061340,636.29000000,0
1531224199815,1531224199812,78682,0.00061120,619.97000000,1
1531224218175,1531224218173,78683,0.00061090,1.66000000,1
1531224247842,1531224247840,78684,0.00061140,305.09000000,0
1531224259387,1531224259382,78685,0.00061090,8.27000000,0
1531224272812,1531224272809,78686,0.00061090,5.09000000,0
1531224273177,1531224273175,78687,0.00061350,1.66000000,0
1531224273177,1531224273175,78688,0.00061360,3.43000000,0
1531224288755,1531224288756,78689,0.00061210,607.21000000,1
1531224327722,1531224327720,78690,0.00061320,825.71000000,0
1531224377837,1531224377832,78691,0.00061240,439.10000000,1
1531224421864,1531224421860,78692,0.00061250,466.84000000,1
1531224445890,1531224445886,78693,0.00061270,0.01000000,0
1531224467755,1531224467751,78694,0.00061240,386.06000000,1
1531224474817,1531224474813,78695,0.00061270,3.26000000,0
1531224475565,1531224475561,78696,0.00061270,15.30000000,0
1531224475565,1531224475561,78697,0.00061360,34.70000000,0
1531224516760,1531224516757,78698,0.00061330,890.93000000,1
1531224547127,1531224547127,78699,0.00061290,0.14000000,1
1531224552771,1531224552764,78700,0.00061340,505.63000000,0
1531224590114,1531224590112,78701,0.00061280,385.82000000,1
1531224636896,1531224636895,78702,0.00061220,670.98000000,0
1531224677940,1531224677937,78703,0.00061200,374.00000000,0
1531224702114,1531224702111,78704,0.00061250,34.18000000,0
1531224723887,1531224723884,78705,0.00061120,725.20000000,1
1531224766810,1531224766805,78706,0.00061110,657.24000000,1
1531224815915,1531224815911,78707,0.00061220,320.23000000,1
1531224818773,1531224818769,78708,0.00061060,2.82000000,1
1531224852950,1531224852947,78709,0.00061210,407.95000000,1
1531224888352,1531224888349,78710,0.00061240,2.82000000,0
1531224888352,1531224888349,78711,0.00061250,0.04000000,0
1531224889875,1531224889872,78712,0.00061280,665.53000000,0
1531224932913,1531224932912,78713,0.00061280,685.81000000,0
1531224951351,1531224951348,78714,0.00061170,44.91000000,1
1531224958499,1531224958502,78715,0.00061170,0.03000000,0
1531224973903,1531224973906,78716,0.00061350,39.25000000,1
1531224973910,1531224973907,78717,0.00061350,10.94000000,1
1531224973957,1531224973955,78718,0.00061350,597.26000000,1
1531224992304,1531224992306,78719,0.00061270,34.00000000,0
1531224992304,1531224992306,78720,0.00061380,10.91000000,0
1531224992304,1531224992306,78721,0.00061390,5.09000000,0
1531225034181,1531225034179,78722,0.00061390,58.34000000,0
1531225085892,1531225085866,78723,0.00061330,630.19000000,1
1531225139863,1531225139860,78724,0.00061350,464.42000000,0
1531225177004,1531225177001,78725,0.00061330,660.66000000,1
1531225231925,1531225231929,78726,0.00061360,369.21000000,1
1531225274957,1531225274953,78727,0.00061370,530.33000000,1
1531225296944,1531225296942,78728,0.00061410,8.15000000,0
1531225332930,1531225332927,78729,0.00061470,791.52000000,1
1531225332949,1531225332946,78730,0.00061410,1.85000000,1
1531225336039,1531225336036,78731,0.00061330,3.82000000,1
1531225336408,1531225336404,78732,0.00061210,0.01000000,1
1531225360471,1531225360469,78733,0.00061320,31.00000000,1
1531225360471,1531225360469,78734,0.00061200,49.54000000,1
1531225360471,1531225360469,78735,0.00061190,83.41000000,1
1531225384042,1531225384040,78736,0.00061410,375.10000000,0
1531225385306,1531225385303,78737,0.00061500,31.00000000,0
1531225429992,1531225429990,78738,0.00061420,612.41000000,1
1531225472987,1531225472984,78739,0.00061430,723.41000000,1
1531225503052,1531225503048,78740,0.00061240,0.07000000,1
1531225504301,1531225504298,78741,0.00061230,0.07000000,1
1531225512034,1531225512030,78742,0.00061270,471.69000000,1
1531225567082,1531225567080,78743,0.00061260,731.37000000,0
1531225575575,1531225575572,78744,0.00061240,14.45000000,0
1531225588631,1531225588628,78745,0.00061520,6.87000000,0
1531225613950,1531225613947,78746,0.00061330,498.55000000,0
1531225628721,1531225628716,78747,0.00061270,11.21000000,1
1531225628721,1531225628716,78748,0.00061250,33.70000000,1
1531225628721,1531225628716,78749,0.00061240,142.64000000,1
1531225657090,1531225657089,78750,0.00061360,787.53000000,0
1531225705004,1531225705002,78751,0.00061360,385.37000000,0
1531225750011,1531225750007,78752,0.00061270,760.58000000,1
1531225780190,1531225780187,78753,0.00061240,11.34000000,1
1531225799078,1531225799075,78754,0.00061310,648.59000000,1
1531225850022,1531225850019,78755,0.00061270,725.06000000,1
1531225850037,1531225850033,78756,0.00061160,9.81000000,1
1531225850037,1531225850033,78757,0.00061020,3.16000000,1
1531225888199,1531225888199,78758,0.00061200,0.68000000,1
1531225889052,1531225889049,78759,0.00061250,531.69000000,1
1531225929085,1531225929081,78760,0.00061380,639.89000000,1
1531225967170,1531225967166,78761,0.00061340,667.69000000,1
1531226011053,1531226011049,78762,0.00061430,659.43000000,0
1531226060062,1531226060062,78763,0.00061420,450.18000000,1
1531226066701,1531226066696,78764,0.00061250,2.00000000,1
1531226075056,1531226075053,78765,0.00061260,1.99000000,1
1531226095574,1531226095569,78766,0.00061500,11.21000000,0
1531226095574,1531226095569,78767,0.00061510,33.00000000,0
1531226099074,1531226099069,78768,0.00061510,389.54000000,0
1531226146650,1531226146646,78769,0.00061520,150.97000000,0
1531226147212,1531226147209,78770,0.00061520,2.41000000,1
1531226147226,1531226147228,78771,0.00061520,44.21000000,1
1531226157727,1531226157727,78772,0.00061520,2.31000000,1
1531226164127,1531226164124,78773,0.00061430,631.79000000,0
1531226215161,1531226215156,78774,0.00061390,33.00000000,1
1531226215161,1531226215156,78775,0.00061380,571.56000000,1
1531226256151,1531226256147,78776,0.00061510,32.93000000,0
1531226256179,1531226256175,78777,0.00061510,0.07000000,0
1531226256179,1531226256175,78778,0.00061530,168.26000000,0
1531226265218,1531226265213,78779,0.00061320,475.91000000,1
1531226308188,1531226308184,78780,0.00061470,328.71000000,1
1531226336327,1531226336324,78781,0.00061570,3.24000000,0
1531226366250,1531226366246,78782,0.00061480,708.82000000,1
1531226402691,1531226402687,78783,0.00061290,30.00000000,1
1531226402691,1531226402687,78784,0.00061280,527.26000000,1
1531226475998,1531226475994,78785,0.00061440,9.84000000,1
1531226501216,1531226501211,78786,0.00061580,703.17000000,1
1531226501224,1531226501220,78787,0.00061410,39.42000000,1
1531226549153,1531226549149,78788,0.00061420,318.29000000,1
1531226594262,1531226594259,78789,0.00061470,822.76000000,1
1531226630178,1531226630174,78790,0.00061450,822.32000000,0
1531226670155,1531226670151,78791,0.00061430,876.97000000,0
1531226716183,1531226716180,78792,0.00061450,380.50000000,1
1531226731907,1531226731902,78793,0.00061530,7.73000000,0
1531226767290,1531226767286,78794,0.00061530,358.87000000,0
1531226799237,1531226799233,78795,0.00061440,10.40000000,1
1531226799237,1531226799233,78796,0.00061430,15.32000000,1
1531226799689,1531226799686,78797,0.00061430,103.54000000,0
1531226808303,1531226808305,78798,0.00061600,644.05000000,1
1531226844324,1531226844323,78799,0.00061520,330.77000000,0
1531226865917,1531226865914,78800,0.00061500,64.63000000,1
1531226882223,1531226882219,78801,0.00061550,885.50000000,1
1531226923227,1531226923223,78802,0.00061520,462.88000000,0
1531226926890,1531226926886,78803,0.00061500,20.89000000,1
1531226969312,1531226969311,78804,0.00061320,441.46000000,0
1531226987884,1531226987880,78805,0.00061260,131.56000000,1
1531226987884,1531226987880,78806,0.00061250,4.72000000,1
1531227018265,1531227018260,78807,0.00061390,676.95000000,1
1531227064253,1531227064249,78808,0.00061310,851.95000000,0
1531227112272,1531227112269,78809,0.00061350,627.88000000,0
1531227141224,1531227141220,78810,0.00061390,0.50000000,0
1531227164343,1531227164340,78811,0.00061290,792.17000000,0
1531227217491,1531227217486,78812,0.00061260,882.57000000,0
1531227256270,1531227256266,78813,0.00061270,474.08000000,0
1531227308286,1531227308282,78814,0.00061240,758.46000000,1
1531227357307,1531227357303,78815,0.00061260,624.35000000,1
1531227404396,1531227404392,78816,0.00061280,425.47000000,1
1531227447404,1531227447400,78817,0.00061330,805.01000000,0
1531227472430,1531227472427,78818,0.00061350,70.00000000,1
1531227493442,1531227493438,78819,0.00061390,503.40000000,0
1531227495246,1531227495242,78820,0.00061350,35.97000000,1
1531227543669,1531227543665,78821,0.00061410,30.00000000,1
1531227543669,1531227543665,78822,0.00061400,840.96000000,1
1531227604349,1531227604344,78823,0.00061380,488.90000000,1
1531227643252,1531227643249,78824,0.00061430,0.13000000,0
1531227654435,1531227654431,78825,0.00061370,532.86000000,0
1531227694433,1531227694432,78826,0.00061360,513.13000000,1
1531227746539,1531227746536,78827,0.00061380,481.90000000,1
1531227772866,1531227772861,78828,0.00061350,9.90000000,1
1531227807777,1531227807773,78829,0.00061350,25.64000000,1
1531227821636,1531227821634,78830,0.00061360,16.28000000,0
1531227832905,1531227832900,78831,0.00061360,0.16000000,0
1531227836290,1531227836286,78832,0.00061360,73.94000000,0
1531227845427,1531227845421,78833,0.00061400,753.70000000,1
1531227885991,1531227885987,78834,0.00061430,0.01000000,0
1531227889528,1531227889526,78835,0.00061370,564.52000000,0
1531227945316,1531227945312,78836,0.00061430,7.97000000,0
1531227946579,1531227946576,78837,0.00061400,385.55000000,0
1531227994572,1531227994570,78838,0.00061510,589.62000000,1
1531228039607,1531228039603,78839,0.00061370,614.90000000,0
1531228081635,1531228081631,78840,0.00061480,432.71000000,1
1531228123610,1531228123606,78841,0.00061430,634.86000000,1
1531228170737,1531228170733,78842,0.00061410,2.13000000,1
1531228179653,1531228179650,78843,0.00061500,718.52000000,0
1531228213850,1531228213846,78844,0.00061430,60.00000000,1
1531228222882,1531228222878,78845,0.00061500,344.30000000,0
1531228226102,1531228226099,78846,0.00061400,52.41000000,1
1531228226497,1531228226494,78847,0.00061360,121.64000000,1
1531228228716,1531228228712,78848,0.00061350,267.21000000,1
1531228231250,1531228231245,78849,0.00061350,52.41000000,1
1531228270769,1531228270764,78850,0.00061380,40.65000000,1
1531228270809,1531228270804,78851,0.00061350,120.17000000,1
1531228274588,1531228274583,78852,0.00061260,668.43000000,0
1531228298880,1531228298876,78853,0.00061540,1.79000000,0
1531228311567,1531228311564,78854,0.00061440,471.17000000,0
1531228364511,1531228364507,78855,0.00061410,313.42000000,0
1531228411576,1531228411572,78856,0.00061250,313.32000000,1
1531228458628,1531228458625,78857,0.00061430,676.48000000,0
1531228511565,1531228511561,78858,0.00061270,412.62000000,1
1531228526193,1531228526189,78859,0.00061200,0.20000000,1
1531228556561,1531228556558,78860,0.00061400,311.15000000,1
1531228600677,1531228600672,78861,0.00061220,430.01000000,0
1531228645173,1531228645168,78862,0.00061200,57.67000000,1
1531228649548,1531228649545,78863,0.00061220,474.19000000,1
1531228656307,1531228656303,78864,0.00061200,14.21000000,1
1531228663098,1531228663094,78865,0.00061060,9.84000000,1
1531228688653,1531228688649,78866,0.00061200,674.86000000,0
1531228731700,1531228731696,78867,0.00061410,4.36000000,0
1531228732659,1531228732656,78868,0.00061220,570.07000000,1
1531228734731,1531228734727,78869,0.00061150,0.01000000,0
1531228735816,1531228735811,78870,0.00061070,8.19000000,1
1531228735816,1531228735811,78871,0.00061060,18.03000000,1
1531228736184,1531228736183,78872,0.00061060,0.01000000,1
1531228773597,1531228773590,78873,0.00061160,703.57000000,1
1531228795670,1531228795666,78874,0.00061440,0.23000000,0
1531228826688,1531228826683,78875,0.00061160,696.21000000,0
1531228873738,1531228873734,78876,0.00061190,654.39000000,1
1531228916655,1531228916653,78877,0.00061260,39.16000000,1
1531228916694,1531228916689,78878,0.00061260,35.36000000,1
1531228916706,1531228916699,78879,0.00061260,472.13000000,1
1531229027621,1531229027617,78880,0.00061330,30.00000000,0
1531229027621,1531229027617,78881,0.00061350,306.74000000,0
1531229140606,1531229140600,78882,0.00061290,869.15000000,1
1531229154982,1531229154980,78883,0.00061330,0.43000000,0
1531229157987,1531229157982,78884,0.00061350,0.01000000,0
1531229192618,1531229192614,78885,0.00061290,355.92000000,1
1531229237651,1531229237648,78886,0.00061250,508.05000000,1
1531229261974,1531229261968,78887,0.00061310,31.00000000,0
1531229261985,1531229261980,78888,0.00061360,43.96000000,0
1531229281763,1531229281759,78889,0.00061170,447.97000000,1
1531229331805,1531229331801,78890,0.00061340,672.29000000,1
1531229375718,1531229375713,78891,0.00061210,816.21000000,0
1531229414741,1531229414737,78892,0.00061260,306.65000000,1
1531229450679,1531229450675,78893,0.00061250,684.85000000,0
1531229492659,1531229492655,78894,0.00061220,672.37000000,1
1531229531800,1531229531797,78895,0.00061210,541.97000000,1
1531229553694,1531229553690,78896,0.00061170,12.24000000,1
1531229576682,1531229576678,78897,0.00061110,516.33000000,1
1531229625723,1531229625719,78898,0.00061210,867.66000000,0
1531229662834,1531229662830,78899,0.00061250,394.64000000,0
1531229665551,1531229665547,78900,0.00061010,32.00000000,1
1531229668603,1531229668599,78901,0.00061010,9.12000000,0
1531229668603,1531229668599,78902,0.00061210,40.88000000,0
1531229669276,1531229669275,78903,0.00061210,24.66000000,0
1531229713767,1531229713761,78904,0.00061220,802.68000000,0
1531229757694,1531229757689,78905,0.00061270,32.00000000,0
1531229757710,1531229757705,78906,0.00061410,105.96000000,1
1531229757716,1531229757713,78907,0.00061410,649.96000000,1
1531229804704,1531229804699,78908,0.00061240,639.61000000,1
1531229846761,1531229846757,78909,0.00061290,311.16000000,0
1531229856657,1531229856651,78910,0.00061310,6.48000000,0
1531229860215,1531229860210,78911,0.00061310,6.91000000,0
1531229866212,1531229866204,78912,0.00061310,30.25000000,0
1531229894808,1531229894805,78913,0.00061220,326.24000000,1
1531229906635,1531229906632,78914,0.00061240,10.71000000,0
1531229912875,1531229912870,78915,0.00061240,25.85000000,0
1531229919461,1531229919457,78916,0.00061240,12.67000000,0
1531229960785,1531229960781,78917,0.00061220,708.46000000,0
1531230005250,1531230005244,78918,0.00061250,14.49000000,0
1531230005278,1531230005274,78919,0.00061250,0.01000000,0
1531230008753,1531230008749,78920,0.00061320,796.34000000,0
1531230046368,1531230046365,78921,0.00061350,31.96000000,0
1531230050855,1531230050851,78922,0.00061290,347.91000000,0
1531230052701,1531230052696,78923,0.00061210,9.37000000,1
1531230057512,1531230057510,78924,0.00061360,51.61000000,0
1531230090246,1531230090242,78925,0.00061440,8.84000000,0
1531230099253,1531230099250,78926,0.00061210,0.02000000,1
1531230103931,1531230103926,78927,0.00061260,508.26000000,0
1531230144144,1531230144143,78928,0.00061310,582.31000000,0
1531230185790,1531230185786,78929,0.00061460,483.12000000,0
1531230231872,1531230231868,78930,0.00061490,798.72000000,0
1531230283797,1531230283795,78931,0.00061400,297.17000000,0
1531230331953,1531230331949,78932,0.00061500,472.84000000,1
1531230373920,1531230373915,78933,0.00061410,675.12000000,1
1531230453978,1531230453974,78934,0.00061400,520.95000000,1
1531230489980,1531230489975,78935,0.00061460,769.93000000,1
1531230492239,1531230492235,78936,0.00061570,16.00000000,0
1531230533992,1531230533987,78937,0.00061420,313.71000000,0
1531230578881,1531230578876,78938,0.00061310,678.94000000,1
1531230632044,1531230632039,78939,0.00061380,574.25000000,0
1531230698965,1531230698962,78940,0.00061460,352.53000000,0
1531230724292,1531230724288,78941,0.00061520,0.53000000,0
1531230751965,1531230751960,78942,0.00061340,479.05000000,1
1531230793208,1531230793202,78943,0.00061430,32.00000000,1
1531230793208,1531230793202,78944,0.00061420,769.70000000,1
1531230794695,1531230794687,78945,0.00061420,25.64000000,1
1531230830435,1531230830430,78946,0.00061520,14.76000000,0
1531230845059,1531230845055,78947,0.00061370,851.55000000,0
1531230887970,1531230887966,78948,0.00061460,327.79000000,1
1531230891248,1531230891244,78949,0.00061220,1.64000000,1
1531230891248,1531230891244,78950,0.00061210,11.40000000,1
1531230938026,1531230938021,78951,0.00061360,811.94000000,1
1531230992122,1531230992119,78952,0.00061230,409.76000000,0
1531231038650,1531231038646,78953,0.00061260,10.94000000,1
1531231040997,1531231040992,78954,0.00061410,348.65000000,0
1531231070646,1531231070641,78955,0.00061450,10.09000000,0
1531231082106,1531231082104,78956,0.00061300,527.72000000,0
1531231104384,1531231104379,78957,0.00061210,0.85000000,1
1531231138056,1531231138053,78958,0.00061390,857.64000000,1
1531231138069,1531231138063,78959,0.00061220,10.76000000,1
1531231138069,1531231138063,78960,0.00061210,3.70000000,1
1531231138069,1531231138063,78961,0.00061070,15.00000000,1
1531231138069,1531231138063,78962,0.00061020,6.67000000,1
1531231181105,1531231181100,78963,0.00061230,344.88000000,1
1531231195554,1531231195549,78964,0.00061000,2.38000000,1
1531231219833,1531231219828,78965,0.00061040,32.00000000,1
1531231222155,1531231222149,78966,0.00061000,766.23000000,1
1531231240268,1531231240262,78967,0.00061290,10.57000000,0
1531231243177,1531231243172,78968,0.00060950,0.19000000,1
1531231243595,1531231243591,78969,0.00061280,0.02000000,0
1531231260034,1531231260029,78970,0.00061010,323.94000000,0
1531231295840,1531231295836,78971,0.00061000,1.66000000,0
1531231306054,1531231306050,78972,0.00061160,738.02000000,1
1531231355050,1531231355046,78973,0.00060950,620.17000000,0
1531231356308,1531231356305,78974,0.00061070,10.11000000,0
1531231358316,1531231358310,78975,0.00061070,21.89000000,0
1531231358316,1531231358310,78976,0.00061090,10.11000000,0
1531231398062,1531231398057,78977,0.00061140,381.68000000,1
1531231426175,1531231426171,78978,0.00061360,0.06000000,0
1531231440850,1531231440845,78979,0.00061380,0.71000000,0
1531231448063,1531231448059,78980,0.00061150,437.10000000,0
1531231472300,1531231472295,78981,0.00061310,32.00000000,0
1531231472300,1531231472295,78982,0.00061390,118.13000000,0
1531231472331,1531231472328,78983,0.00061390,3.43000000,1
1531231472348,1531231472341,78984,0.00061390,22.27000000,1
1531231472394,1531231472389,78985,0.00061390,43.03000000,1
1531231474583,1531231474578,78986,0.00061400,9.69000000,1
1531231476868,1531231476863,78987,0.00061400,121.61000000,1
1531231476884,1531231476883,78988,0.00061390,202.06000000,1
1531231476886,1531231476883,78989,0.00061390,149.21000000,1
1531231476920,1531231476916,78990,0.00061390,52.85000000,1
1531231484115,1531231484111,78991,0.00061530,29.00000000,0
1531231485215,1531231485210,78992,0.00061470,541.64000000,1
1531231487188,1531231487184,78993,0.00061480,26.59000000,1
1531231490243,1531231490238,78994,0.00061600,46.00000000,0
1531231491429,1531231491425,78995,0.00061400,32.00000000,1
1531231497355,1531231497351,78996,0.00061620,1.63000000,0
1531231497355,1531231497351,78997,0.00061650,1097.37000000,0
1531231507203,1531231507199,78998,0.00061660,31.44000000,0
1531231514488,1531231514486,78999,0.00061470,20.07000000,1
1531231528430,1531231528426,79000,0.00061550,437.12000000,0
1531231532408,1531231532404,79001,0.00061660,182.00000000,0
1531231534504,1531231534501,79002,0.00061660,0.01000000,0
1531231565577,1531231565574,79003,0.00061620,2.97000000,1
1531231568154,1531231568150,79004,0.00061710,328.58000000,1
1531231618132,1531231618127,79005,0.00061570,501.83000000,0
1531231660240,1531231660235,79006,0.00061710,297.99000000,0
1531231712109,1531231712105,79007,0.00061770,795.68000000,1
1531231715283,1531231715280,79008,0.00061500,12.26000000,1
1531231758236,1531231758231,79009,0.00061780,0.02000000,0
1531231759306,1531231759301,79010,0.00061700,783.25000000,1
1531231803992,1531231803989,79011,0.00061550,11.40000000,1
1531231803998,1531231803994,79012,0.00061540,11.40000000,1
1531231805143,1531231805138,79013,0.00061550,490.69000000,1
1531231875239,1531231875236,79014,0.00061550,461.67000000,0
1531231951184,1531231951179,79015,0.00061540,562.98000000,1
1531232004243,1531232004238,79016,0.00061690,484.51000000,0
1531232047310,1531232047306,79017,0.00061590,870.71000000,1
1531232108233,1531232108228,79018,0.00061700,468.10000000,0
1531232133491,1531232133487,79019,0.00061540,0.07000000,1
1531232146355,1531232146353,79020,0.00061700,684.36000000,1
1531232194335,1531232194331,79021,0.00061750,434.72000000,0
1531232230278,1531232230274,79022,0.00061610,756.00000000,1
1531232272278,1531232272273,79023,0.00061600,17.46000000,1
1531232272301,1531232272298,79024,0.00061590,263.30000000,0
1531232272321,1531232272317,79025,0.00061590,9.28000000,0
1531232272323,1531232272321,79026,0.00061590,63.35000000,0
1531232272340,1531232272335,79027,0.00061590,5.35000000,0
1531232272345,1531232272340,79028,0.00061590,5.35000000,0
1531232272352,1531232272346,79029,0.00061590,5.35000000,0
1531232272358,1531232272354,79030,0.00061590,147.57000000,0
1531232276899,1531232276896,79031,0.00061770,1.64000000,0
1531232407283,1531232407278,79032,0.00061730,384.68000000,0
1531232465303,1531232465298,79033,0.00061720,807.18000000,1
1531232521427,1531232521424,79034,0.00061680,65.74000000,0
1531232521427,1531232521424,79035,0.00061690,429.63000000,0
1531232573456,1531232573451,79036,0.00061660,672.64000000,0
1531232628698,1531232628693,79037,0.00061680,9.76000000,0
1531232628698,1531232628693,79038,0.00061770,1.62000000,0
1531232628698,1531232628693,79039,0.00061780,8.17000000,0
1531232628698,1531232628693,79040,0.00061940,4.62000000,0
1531232628698,1531232628693,79041,0.00061970,14.53000000,0
1531232628698,1531232628693,79042,0.00062080,114.30000000,0
1531232630466,1531232630463,79043,0.00061860,527.98000000,0
1531232638842,1531232638838,79044,0.00061690,7.43000000,1
1531232646656,1531232646652,79045,0.00061750,11.39000000,1
1531232682340,1531232682336,79046,0.00061840,32.00000000,0
1531232682340,1531232682336,79047,0.00061850,390.86000000,0
1531232728459,1531232728455,79048,0.00061860,432.96000000,1
1531232736808,1531232736803,79049,0.00061800,43.08000000,1
1531232762340,1531232762337,79050,0.00061670,0.58000000,1
1531232781359,1531232781355,79051,0.00061820,612.26000000,1
1531232820417,1531232820412,79052,0.00061780,634.97000000,0
1531232862379,1531232862376,79053,0.00061870,816.49000000,0
1531232892871,1531232892867,79054,0.00061900,7.43000000,0
1531232914421,1531232914417,79055,0.00061930,10.11000000,1
1531232914485,1531232914480,79056,0.00061930,722.50000000,1
1531232945849,1531232945846,79057,0.00061910,50.00000000,1
1531232960487,1531232960483,79058,0.00061930,516.79000000,0
1531233015425,1531233015421,79059,0.00062010,721.96000000,0
1531233032385,1531233032381,79060,0.00061910,0.01000000,1
1531233062115,1531233062112,79061,0.00061910,4.38000000,1
1531233063450,1531233063445,79062,0.00061950,706.97000000,1
1531233078233,1531233078230,79063,0.00061910,2.65000000,1
1531233104506,1531233104498,79064,0.00061960,748.97000000,1
1531233118586,1531233118582,79065,0.00061970,1.62000000,1
1531233121111,1531233121107,79066,0.00061970,16.71000000,1
1531233138955,1531233138951,79067,0.00062000,11.39000000,0
1531233138955,1531233138951,79068,0.00062090,62.38000000,0
1531233139707,1531233139702,79069,0.00062100,11.00000000,1
1531233139865,1531233139864,79070,0.00062100,50.00000000,1
1531233140671,1531233140668,79071,0.00062100,26.26000000,1
1531233141460,1531233141455,79072,0.00062050,455.30000000,1
1531233159179,1531233159178,79073,0.00061970,20.00000000,1
1531233167889,1531233167880,79074,0.00061970,20.00000000,1
1531233171898,1531233171893,79075,0.00061970,7.36000000,1
1531233171898,1531233171893,79076,0.00061810,0.39000000,1
1531233192517,1531233192514,79077,0.00061960,559.07000000,0
1531233203907,1531233203904,79078,0.00061840,113.38000000,1
1531233215165,1531233215162,79079,0.00061980,32.00000000,0
1531233215893,1531233215889,79080,0.00061990,50.00000000,1
1531233216209,1531233216207,79081,0.00061990,13.03000000,1
1531233242502,1531233242498,79082,0.00061970,579.31000000,1
1531233287716,1531233287713,79083,0.00061840,852.79000000,0
1531233302993,1531233302990,79084,0.00061830,62.27000000,1
1531233332562,1531233332561,79085,0.00061830,434.95000000,1
1531233368533,1531233368529,79086,0.00061860,375.06000000,1
1531233395873,1531233395871,79087,0.00061740,11.79000000,1
1531233397392,1531233397388,79088,0.00061730,12.26000000,1
1531233399097,1531233399094,79089,0.00061730,6.25000000,1
1531233414580,1531233414576,79090,0.00061770,360.59000000,1
1531233459489,1531233459488,79091,0.00061770,761.71000000,1
1531233466083,1531233466077,79092,0.00061870,0.03000000,0
1531233501578,1531233501574,79093,0.00061750,356.19000000,1
1531233544617,1531233544612,79094,0.00061890,306.53000000,0
1531233579518,1531233579515,79095,0.00061720,57.06000000,1
1531233579526,1531233579523,79096,0.00061710,306.88000000,0
1531233579542,1531233579538,79097,0.00061920,11.79000000,0
1531233579542,1531233579538,79098,0.00061990,63.55000000,0
1531233635472,1531233635471,79099,0.00061770,10.94000000,1
1531233635478,1531233635473,79100,0.00061770,24.67000000,1
1531233635478,1531233635473,79101,0.00061610,1.63000000,1
1531233635478,1531233635473,79102,0.00061530,9.31000000,1
1531233678578,1531233678574,79103,0.00061740,632.88000000,1
1531233711550,1531233711546,79104,0.00061610,58.47000000,1
1531233720601,1531233720598,79105,0.00061490,638.23000000,1
1531233746516,1531233746512,79106,0.00061480,28.00000000,1
1531233746668,1531233746665,79107,0.00061480,11.47000000,0
1531233746692,1531233746688,79108,0.00061470,6.51000000,1
1531233765185,1531233765182,79109,0.00061400,1.67000000,1
1531233769141,1531233769138,79110,0.00061400,471.61000000,1
1531233771526,1531233771523,79111,0.00061440,667.24000000,0
1531233786899,1531233786895,79112,0.00061410,42.85000000,1
1531233786918,1531233786913,79113,0.00061410,54.11000000,0
1531233818536,1531233818532,79114,0.00061440,665.47000000,1
1531233866707,1531233866704,79115,0.00061440,56.11000000,1
1531233866769,1531233866765,79116,0.00061440,23.91000000,1
1531233867359,1531233867355,79117,0.00061440,89.63000000,1
1531233869627,1531233869625,79118,0.00061460,744.00000000,0
1531233878189,1531233878185,79119,0.00061450,34.89000000,1
1531233878301,1531233878298,79120,0.00061450,89.63000000,1
1531233891238,1531233891233,79121,0.00061450,71.43000000,1
1531233891277,1531233891274,79122,0.00061430,32.00000000,1
1531233901393,1531233901390,79123,0.00061400,10.91000000,1
1531233920241,1531233920237,79124,0.00061410,163.95000000,0
1531233921710,1531233921707,79125,0.00061420,29.10000000,0
1531233927644,1531233927641,79126,0.00061520,33.00000000,0
1531233927644,1531233927641,79127,0.00061530,835.37000000,0
1531233979668,1531233979665,79128,0.00061540,571.03000000,0
1531234018655,1531234018652,79129,0.00061470,375.50000000,1
1531234070560,1531234070557,79130,0.00061490,669.96000000,1
1531234101423,1531234101418,79131,0.00061450,32.56000000,1
1531234109575,1531234109571,79132,0.00061540,620.26000000,1
1531234116723,1531234116719,79133,0.00061570,1.63000000,0
1531234116723,1531234116719,79134,0.00061580,0.37000000,0
1531234133482,1531234133477,79135,0.00061440,81.38000000,1
1531234133482,1531234133477,79136,0.00061430,1.63000000,1
1531234133482,1531234133477,79137,0.00061410,6.62000000,1
1531234141810,1531234141807,79138,0.00061410,71.52000000,1
1531234141810,1531234141807,79139,0.00061400,18.11000000,1
1531234147838,1531234147834,79140,0.00061400,89.63000000,1
1531234152206,1531234152203,79141,0.00061400,89.63000000,1
1531234154685,1531234154681,79142,0.00061420,341.17000000,1
1531234158229,1531234158225,79143,0.00061400,89.63000000,1
1531234179582,1531234179579,79144,0.00061400,27.12000000,1
1531234184242,1531234184243,79145,0.00061400,50.00000000,1
1531234184263,1531234184259,79146,0.00061400,50.00000000,1
1531234185101,1531234185097,79147,0.00061400,50.00000000,1
1531234185333,1531234185329,79148,0.00061400,50.00000000,1
1531234185343,1531234185339,79149,0.00061400,50.00000000,1
1531234198243,1531234198240,79150,0.00061400,50.00000000,1
1531234198804,1531234198801,79151,0.00061400,473.37000000,1
1531234199663,1531234199659,79152,0.00061480,736.47000000,0
1531234202129,1531234202129,79153,0.00061400,56.56000000,1
1531234204817,1531234204814,79154,0.00061400,473.28000000,1
1531234210572,1531234210573,79155,0.00061400,473.29000000,1
1531234210998,1531234210994,79156,0.00061400,89.63000000,1
1531234215366,1531234215362,79157,0.00061400,473.29000000,1
1531234215870,1531234215867,79158,0.00061400,89.63000000,1
1531234223109,1531234223106,79159,0.00061400,50.00000000,1
1531234224126,1531234224122,79160,0.00061400,50.00000000,1
1531234225118,1531234225114,79161,0.00061400,50.00000000,1
1531234225280,1531234225277,79162,0.00061400,50.00000000,1
1531234255613,1531234255610,79163,0.00061500,312.05000000,0
1531234282090,1531234282089,79164,0.00061420,0.16000000,1
1531234287223,1531234287219,79165,0.00061420,33.00000000,1
1531234287223,1531234287219,79166,0.00061410,17.00000000,1
1531234287230,1531234287227,79167,0.00061410,50.00000000,1
1531234288118,1531234288114,79168,0.00061410,50.00000000,1
1531234288320,1531234288317,79169,0.00061410,50.00000000,1
1531234290131,1531234290128,79170,0.00061410,50.00000000,1
1531234296229,1531234296223,79171,0.00061410,50.00000000,1
1531234297614,1531234297610,79172,0.00061530,638.15000000,1
1531234312963,1531234312958,79173,0.00061530,11.47000000,0
1531234312963,1531234312958,79174,0.00061540,33.00000000,0
1531234312963,1531234312958,79175,0.00061570,28.34000000,0
1531234337307,1531234337303,79176,0.00061570,99.19000000,0
1531234348670,1531234348669,79177,0.00061450,319.00000000,1
1531234392745,1531234392741,79178,0.00061490,434.17000000,1
1531234441654,1531234441651,79179,0.00061420,33.00000000,1
1531234441654,1531234441651,79180,0.00061410,23.56000000,1
1531234445918,1531234445914,79181,0.00061410,56.56000000,1
1531234448745,1531234448741,79182,0.00061500,312.63000000,0
1531234449201,1531234449201,79183,0.00061410,68.40000000,1
1531234449209,1531234449205,79184,0.00061410,10.94000000,1
1531234450049,1531234450048,79185,0.00061500,19.60000000,1
1531234455477,1531234455472,79186,0.00061500,56.56000000,1
1531234459490,1531234459486,79187,0.00061500,56.56000000,1
1531234462911,1531234462907,79188,0.00061500,56.56000000,1
1531234466066,1531234466062,79189,0.00061500,56.56000000,1
1531234491236,1531234491232,79190,0.00061500,19.52000000,1
1531234491236,1531234491232,79191,0.00061410,37.04000000,1
1531234494332,1531234494328,79192,0.00061410,1.44000000,1
1531234495580,1531234495577,79193,0.00061410,33.07000000,1
1531234497597,1531234497595,79194,0.00061410,56.56000000,1
1531234498066,1531234498063,79195,0.00061520,847.63000000,1
1531234501873,1531234501869,79196,0.00061410,252.13000000,1
1531234501873,1531234501869,79197,0.00061400,2035.22000000,1
1531234503819,1531234503816,79198,0.00061400,89.63000000,1
1531234506607,1531234506604,79199,0.00061400,56.56000000,1
1531234509509,1531234509507,79200,0.00061400,56.56000000,1
1531234511904,1531234511899,79201,0.00061400,33.07000000,1
1531234527276,1531234527273,79202,0.00061400,89.63000000,1
1531234531240,1531234531236,79203,0.00061400,56.56000000,1
1531234535505,1531234535505,79204,0.00061400,39.76000000,1
1531234539090,1531234539087,79205,0.00061400,89.63000000,1
1531234556348,1531234556345,79206,0.00061400,539.97000000,1
1531234556354,1531234556351,79207,0.00061400,65.09000000,1
1531234556356,1531234556352,79208,0.00061400,65.09000000,1
1531234556358,1531234556359,79209,0.00061400,65.09000000,1
1531234556358,1531234556359,79210,0.00061400,65.09000000,1
1531234559739,1531234559736,79211,0.00061410,835.30000000,1
1531234597086,1531234597084,79212,0.00061390,89.63000000,1
1531234601671,1531234601669,79213,0.00061460,861.39000000,0
1531234606045,1531234606043,79214,0.00061390,89.63000000,1
1531234618135,1531234618133,79215,0.00061390,89.63000000,1
1531234622699,1531234622694,79216,0.00061390,2.24000000,1
1531234628307,1531234628304,79217,0.00061390,89.63000000,1
1531234635596,1531234635593,79218,0.00061390,89.63000000,1
1531234639675,1531234639676,79219,0.00061390,89.63000000,1
1531234642606,1531234642601,79220,0.00061390,74.43000000,1
1531234642610,1531234642608,79221,0.00061390,56.56000000,1
1531234643695,1531234643692,79222,0.00061440,477.79000000,0
1531234646491,1531234646488,79223,0.00061390,56.56000000,1
1531234648992,1531234648993,79224,0.00061390,1.75000000,1
1531234650715,1531234650712,79225,0.00061390,56.56000000,1
1531234660640,1531234660638,79226,0.00061390,89.63000000,1
1531234664678,1531234664673,79227,0.00061390,89.63000000,1
1531234667683,1531234667680,79228,0.00061390,56.56000000,1
1531234667692,1531234667689,79229,0.00061390,56.56000000,1
1531234669293,1531234669291,79230,0.00061390,52.09000000,1
1531234689534,1531234689531,79231,0.00061400,45.48000000,0
1531234689534,1531234689531,79232,0.00061410,37.02000000,0
1531234693729,1531234693726,79233,0.00061500,474.32000000,0
1531234735814,1531234735812,79234,0.00061500,644.70000000,1
1531234755637,1531234755635,79235,0.00061520,49.50000000,0
1531234755637,1531234755635,79236,0.00061530,33.00000000,0
1531234761736,1531234761734,79237,0.00061600,32.52000000,1
1531234785518,1531234785516,79238,0.00061600,2.14000000,1
1531234792809,1531234792805,79239,0.00061610,832.65000000,1
1531234804981,1531234804978,79240,0.00061600,42.56000000,1
1531234807955,1531234807953,79241,0.00061600,2.24000000,1
1531234843753,1531234843750,79242,0.00061610,312.02000000,1
1531234859535,1531234859532,79243,0.00061620,41.26000000,0
1531234862758,1531234862755,79244,0.00061600,0.37000000,1
1531234862758,1531234862755,79245,0.00061400,40.89000000,1
1531234890836,1531234890835,79246,0.00061480,818.65000000,0
1531234958764,1531234958766,79247,0.00061410,0.39000000,1
1531234959974,1531234959972,79248,0.00061400,0.39000000,1
1531234960787,1531234960785,79249,0.00061480,663.60000000,1
1531235003773,1531235003775,79250,0.00061560,689.91000000,0
1531235009098,1531235009096,79251,0.00061410,0.04000000,1
1531235010281,1531235010278,79252,0.00061410,0.04000000,1
1531235068208,1531235068206,79253,0.00061420,11.40000000,1
1531235068208,1531235068206,79254,0.00061400,38.60000000,1
1531235068222,1531235068221,79255,0.00061400,11.40000000,1
1531235069217,1531235069216,79256,0.00061400,50.00000000,1
1531235069227,1531235069225,79257,0.00061400,50.00000000,1
1531235069235,1531235069234,79258,0.00061400,50.00000000,1
1531235069410,1531235069408,79259,0.00061400,2.87000000,1
1531235070178,1531235070176,79260,0.00061400,50.00000000,1
1531235070267,1531235070264,79261,0.00061400,50.00000000,1
1531235070274,1531235070273,79262,0.00061400,50.00000000,1
1531235071195,1531235071193,79263,0.00061400,50.00000000,1
1531235071823,1531235071822,79264,0.00061630,379.04000000,0
1531235079185,1531235079183,79265,0.00061400,50.00000000,1
1531235082181,1531235082179,79266,0.00061410,48.57000000,1
1531235082181,1531235082179,79267,0.00061400,1.43000000,1
1531235082228,1531235082226,79268,0.00061400,50.00000000,1
1531235084183,1531235084182,79269,0.00061410,25.27000000,1
1531235084183,1531235084182,79270,0.00061400,24.73000000,1
1531235120927,1531235120925,79271,0.00061410,404.55000000,0
1531235128605,1531235128603,79272,0.00061400,89.63000000,1
1531235129193,1531235129193,79273,0.00061400,50.00000000,1
1531235130141,1531235130142,79274,0.00061400,50.00000000,1
1531235134738,1531235134738,79275,0.00061510,3.40000000,0
1531235144593,1531235144595,79276,0.00061530,0.01000000,0
1531235147932,1531235147931,79277,0.00061530,3.40000000,0
1531235148672,1531235148670,79278,0.00061530,0.41000000,0
1531235169815,1531235169812,79279,0.00061490,694.44000000,1
1531235218895,1531235218893,79280,0.00061420,465.88000000,1
1531235246687,1531235246689,79281,0.00061510,43.25000000,0
1531235246775,1531235246773,79282,0.00061520,50.58000000,0
1531235262935,1531235262934,79283,0.00061540,794.40000000,0
1531235311828,1531235311828,79284,0.00061610,854.40000000,1
1531235363849,1531235363847,79285,0.00061520,663.04000000,0
1531235386503,1531235386503,79286,0.00061530,23.30000000,1
1531235392341,1531235392340,79287,0.00061650,0.04000000,0
1531235408996,1531235408995,79288,0.00061590,647.63000000,0
1531235458943,1531235458942,79289,0.00061650,15.42000000,1
1531235458978,1531235458981,79290,0.00061650,112.00000000,1
1531235459060,1531235459056,79291,0.00061650,446.30000000,1
1531235472243,1531235472240,79292,0.00061530,4.96000000,1
1531235472243,1531235472240,79293,0.00061400,0.08000000,1
1531235477453,1531235477451,79294,0.00061400,4.57000000,1
1531235507506,1531235507506,79295,0.00061400,20.00000000,1
1531235575862,1531235575861,79296,0.00061580,561.20000000,1
1531235593167,1531235593167,79297,0.00061620,12.99000000,0
1531235593167,1531235593167,79298,0.00061630,3.23000000,0
1531235615431,1531235615431,79299,0.00061410,9.89000000,1
1531235619897,1531235619900,79300,0.00061580,349.10000000,1
1531235702995,1531235702998,79301,0.00061600,841.05000000,0
1531235735827,1531235735826,79302,0.00061620,0.04000000,0
1531235769973,1531235769972,79303,0.00061440,350.34000000,1
1531235808124,1531235808125,79304,0.00061560,835.08000000,1
1531235851973,1531235851973,79305,0.00061580,596.93000000,0
1531235897069,1531235897067,79306,0.00061460,859.40000000,1
1531235943969,1531235943968,79307,0.00061470,880.35000000,0
1531235992102,1531235992102,79308,0.00061570,730.44000000,0
1531236036974,1531236036974,79309,0.00061520,550.02000000,0
1531236085029,1531236085030,79310,0.00061530,871.08000000,1
1531236133071,1531236133071,79311,0.00061410,764.87000000,1
1531236185178,1531236185179,79312,0.00061460,748.14000000,0
1531236229113,1531236229114,79313,0.00061450,561.17000000,0
1531236274046,1531236274046,79314,0.00061470,380.86000000,0
1531236319028,1531236319025,79315,0.00061420,476.22000000,0
1531236371149,1531236371149,79316,0.00061500,707.46000000,1
1531236392956,1531236392957,79317,0.00061550,0.57000000,0
1531236411105,1531236411105,79318,0.00061420,474.80000000,0
1531236447108,1531236447107,79319,0.00061500,723.79000000,0
1531236495197,1531236495196,79320,0.00061460,19.11000000,0
1531236495221,1531236495221,79321,0.00061460,728.65000000,0
1531236495250,1531236495250,79322,0.00061460,6.05000000,1
1531236512043,1531236512044,79323,0.00061410,0.07000000,1
1531236535742,1531236535742,79324,0.00061410,11.74000000,1
1531236537245,1531236537245,79325,0.00061460,479.90000000,1
1531236539265,1531236539266,79326,0.00061410,11.74000000,1
1531236539496,1531236539495,79327,0.00061410,0.01000000,1
1531236542146,1531236542147,79328,0.00061400,80.63000000,1
1531236597245,1531236597245,79329,0.00061480,589.73000000,0
1531236637031,1531236637031,79330,0.00061530,0.03000000,0
1531236637175,1531236637176,79331,0.00061400,50.00000000,1
1531236637332,1531236637331,79332,0.00061400,50.00000000,1
1531236638254,1531236638255,79333,0.00061400,50.00000000,1
1531236638317,1531236638317,79334,0.00061400,50.00000000,1
1531236639257,1531236639258,79335,0.00061400,50.00000000,1
1531236640186,1531236640188,79336,0.00061480,522.34000000,1
1531236643431,1531236643431,79337,0.00061400,28.49000000,1
1531236643431,1531236643431,79338,0.00061390,95.41000000,1
1531236674442,1531236674442,79339,0.00061390,7.47000000,1
1531236687149,1531236687146,79340,0.00061410,400.72000000,0
1531236728154,1531236728155,79341,0.00061410,694.63000000,1
1531236731228,1531236731227,79342,0.00061450,54.43000000,0
1531236825300,1531236825299,79343,0.00061480,298.50000000,0
1531236853383,1531236853382,79344,0.00061450,20.00000000,1
1531236873247,1531236873246,79345,0.00061510,703.63000000,1
1531236883168,1531236883168,79346,0.00061490,2.21000000,1
1531236914232,1531236914230,79347,0.00061500,540.41000000,1
1531236914258,1531236914258,79348,0.00061480,4.00000000,1
1531236917487,1531236917485,79349,0.00061450,16.49000000,1
1531236917487,1531236917485,79350,0.00061390,91.49000000,1
1531236931190,1531236931189,79351,0.00061390,232.29000000,1
1531236931205,1531236931205,79352,0.00061390,18.46000000,1
1531236956374,1531236956373,79353,0.00061410,828.06000000,0
1531236992468,1531236992468,79354,0.00061390,132.00000000,1
1531237022361,1531237022362,79355,0.00061430,685.72000000,0
1531237070395,1531237070395,79356,0.00061500,843.35000000,0
1531237119452,1531237119451,79357,0.00061420,514.89000000,1
1531237162344,1531237162345,79358,0.00061440,824.80000000,0
1531237204451,1531237204450,79359,0.00061440,469.11000000,1
1531237252444,1531237252445,79360,0.00061480,677.09000000,0
1531237302356,1531237302355,79361,0.00061420,544.29000000,0
1531237317284,1531237317287,79362,0.00061390,126.62000000,1
1531237355457,1531237355456,79363,0.00061440,353.15000000,1
1531237392154,1531237392153,79364,0.00061390,50.00000000,1
1531237392173,1531237392169,79365,0.00061390,50.00000000,1
1531237392186,1531237392186,79366,0.00061390,50.00000000,1
1531237392344,1531237392344,79367,0.00061390,50.00000000,1
1531237393182,1531237393181,79368,0.00061390,50.00000000,1
1531237393209,1531237393208,79369,0.00061390,50.00000000,1
1531237393316,1531237393316,79370,0.00061390,50.00000000,1
1531237402360,1531237402360,79371,0.00061450,33.00000000,0
1531237402371,1531237402371,79372,0.00061450,767.24000000,1
1531237403845,1531237403845,79373,0.00061390,7.64000000,1
1531237512755,1531237512756,79374,0.00061400,6.63000000,0
1531237605239,1531237605238,79375,0.00061390,50.00000000,1
1531237683724,1531237683723,79376,0.00061400,50.60000000,0
1531237683724,1531237683723,79377,0.00061530,1.63000000,0
1531237683724,1531237683723,79378,0.00061710,11.41000000,0
1531237683724,1531237683723,79379,0.00061870,28.00000000,0
1531237683724,1531237683723,79380,0.00061910,8.15000000,0
1531237683724,1531237683723,79381,0.00061990,23.42000000,0
1531237683724,1531237683723,79382,0.00062100,23.74000000,0
1531237683737,1531237683734,79383,0.00062100,483.24000000,1
1531237683743,1531237683743,79384,0.00062100,24.82000000,1
1531237683745,1531237683745,79385,0.00062100,24.82000000,1
1531237683759,1531237683756,79386,0.00062100,4.49000000,1
1531237683759,1531237683758,79387,0.00062100,13.57000000,1
1531237683771,1531237683772,79388,0.00062100,19.20000000,1
1531237683772,1531237683772,79389,0.00062100,10.94000000,1
1531237683775,1531237683777,79390,0.00062100,5.36000000,1
1531237683778,1531237683779,79391,0.00062100,2.44000000,1
1531237683778,1531237683779,79392,0.00061390,53.56000000,1
1531237686778,1531237686776,79393,0.00061470,10.23000000,1
1531237686778,1531237686776,79394,0.00061460,62.58000000,1
1531237687643,1531237687643,79395,0.00061930,492.22000000,0
1531237700420,1531237700416,79396,0.00061550,100.00000000,1
1531237707781,1531237707781,79397,0.00061880,10.00000000,0
1531237729584,1531237729584,79398,0.00061550,485.76000000,1
1531237765562,1531237765560,79399,0.00061640,100.04000000,0
1531237765569,1531237765568,79400,0.00061640,0.19000000,0
1531237765569,1531237765568,79401,0.00061650,58.90000000,0
1531237771328,1531237771328,79402,0.00061670,10.22000000,1
1531237771328,1531237771328,79403,0.00061660,20.06000000,1
1531237771328,1531237771328,79404,0.00061610,9.15000000,1
1531237771328,1531237771328,79405,0.00061600,5.36000000,1
1531237774087,1531237774088,79406,0.00061650,24.35000000,1
1531237774087,1531237774088,79407,0.00061640,0.39000000,1
1531237774122,1531237774120,79408,0.00061640,7.64000000,1
1531237774122,1531237774120,79409,0.00061600,7.23000000,1
1531237774122,1531237774120,79410,0.00061580,8.03000000,1
1531237774122,1531237774120,79411,0.00061560,1.84000000,1
1531237775668,1531237775667,79412,0.00061720,851.75000000,0
1531237785444,1531237785445,79413,0.00061570,4.06000000,1
1531237785444,1531237785445,79414,0.00061560,1.67000000,1
1531237816704,1531237816705,79415,0.00061610,640.55000000,0
1531237864571,1531237864572,79416,0.00061510,539.78000000,1
1531237906151,1531237906151,79417,0.00061640,0.08000000,0
1531237917709,1531237917708,79418,0.00061510,607.50000000,0
1531237960708,1531237960705,79419,0.00061480,698.97000000,0
1531238003688,1531238003686,79420,0.00061470,803.48000000,1
1531238069703,1531238069703,79421,0.00061510,877.14000000,1
1531238120661,1531238120660,79422,0.00061440,23.71000000,1
1531238120671,1531238120670,79423,0.00061440,834.41000000,1
1531238169655,1531238169651,79424,0.00061450,340.57000000,0
1531238212768,1531238212767,79425,0.00061450,340.39000000,1
1531238251836,1531238251834,79426,0.00061390,7.17000000,1
1531238252486,1531238252484,79427,0.00061390,50.00000000,1
1531238253218,1531238253218,79428,0.00061390,50.00000000,1
1531238253438,1531238253436,79429,0.00061390,50.00000000,1
1531238253476,1531238253473,79430,0.00061390,50.00000000,1
1531238253664,1531238253663,79431,0.00061460,553.75000000,1
1531238257358,1531238257357,79432,0.00061390,62.50000000,1
1531238276243,1531238276241,79433,0.00061390,50.00000000,1
1531238317673,1531238317673,79434,0.00061400,727.69000000,0
1531238345502,1531238345500,79435,0.00061400,33.00000000,1
1531238345502,1531238345500,79436,0.00061390,17.00000000,1
1531238346216,1531238346214,79437,0.00061390,4.54000000,1
1531238361690,1531238361690,79438,0.00061330,502.13000000,1
1531238409725,1531238409725,79439,0.00061350,434.74000000,1
1531238465713,1531238465713,79440,0.00061350,813.61000000,1
1531238509794,1531238509793,79441,0.00061350,416.77000000,0
1531238565835,1531238565834,79442,0.00061310,34.16000000,1
1531238565858,1531238565857,79443,0.00061310,0.03000000,1
1531238568153,1531238568152,79444,0.00061310,33.97000000,0
1531238568153,1531238568152,79445,0.00061320,24.35000000,0
1531238568153,1531238568152,79446,0.00061340,23.39000000,0
1531238568729,1531238568728,79447,0.00061280,780.63000000,0
1531238571556,1531238571554,79448,0.00061240,1.67000000,0
1531238589248,1531238589246,79449,0.00061210,55.42000000,1
1531238589248,1531238589246,79450,0.00061140,1.15000000,1
1531238601504,1531238601503,79451,0.00061140,20.06000000,1
1531238610809,1531238610808,79452,0.00061240,556.84000000,1
1531238638619,1531238638617,79453,0.00061140,3.43000000,1
1531238642609,1531238642609,79454,0.00061300,0.26000000,0
1531238655806,1531238655802,79455,0.00061150,589.49000000,0
1531238692742,1531238692739,79456,0.00061230,333.82000000,1
1531238746767,1531238746765,79457,0.00061190,655.87000000,1
1531238760660,1531238760657,79458,0.00061260,0.01000000,0
1531238788880,1531238788880,79459,0.00061220,449.01000000,1
1531238806924,1531238806922,79460,0.00061260,0.03000000,0
1531238828870,1531238828868,79461,0.00061140,4.99000000,1
1531238830255,1531238830253,79462,0.00061140,2.47000000,0
1531238830810,1531238830807,79463,0.00061100,365.78000000,0
1531238832794,1531238832792,79464,0.00060950,8.02000000,0
1531238834720,1531238834719,79465,0.00060950,0.01000000,0
1531238881916,1531238881915,79466,0.00061030,682.83000000,0
1531238933783,1531238933783,79467,0.00061020,616.68000000,0
1531238983791,1531238983790,79468,0.00061090,335.56000000,1
1531239008181,1531239008180,79469,0.00061060,33.00000000,1
1531239008181,1531239008180,79470,0.00061020,17.00000000,1
1531239008555,1531239008553,79471,0.00061020,50.00000000,1
1531239029302,1531239029300,79472,0.00061200,738.54000000,1
1531239046303,1531239046299,79473,0.00061180,0.05000000,0
1531239079958,1531239079954,79474,0.00061100,500.17000000,0
1531239121845,1531239121843,79475,0.00061130,546.56000000,0
1531239161563,1531239161560,79476,0.00061110,46.16000000,1
1531239161563,1531239161560,79477,0.00061040,3.84000000,1
1531239179835,1531239179831,79478,0.00061070,733.39000000,1
1531239218952,1531239218949,79479,0.00061010,629.14000000,1
1531239256215,1531239256212,79480,0.00061160,12.10000000,0
1531239261880,1531239261878,79481,0.00060920,594.55000000,1
1531239313880,1531239313877,79482,0.00060890,725.50000000,1
1531239351039,1531239351036,79483,0.00060890,685.22000000,0
1531239396995,1531239396992,79484,0.00061050,539.04000000,0
1531239451461,1531239451459,79485,0.00061010,247.50000000,1
1531239452001,1531239451998,79486,0.00061030,848.58000000,0
1531239502001,1531239501998,79487,0.00061050,473.22000000,1
1531239541256,1531239541253,79488,0.00060890,300.32000000,1
1531239632130,1531239632127,79489,0.00060950,775.35000000,0
1531239687998,1531239687996,79490,0.00060980,421.85000000,1
1531239746021,1531239746017,79491,0.00060910,782.22000000,0
1531239798098,1531239798095,79492,0.00061030,840.96000000,0
1531239850069,1531239850064,79493,0.00061020,812.98000000,1
1531239893914,1531239893910,79494,0.00060960,34.00000000,1
1531239893914,1531239893910,79495,0.00060950,8.21000000,1
1531239898090,1531239898086,79496,0.00060950,32.81000000,0
1531239901916,1531239901911,79497,0.00060950,30.61000000,0
1531239914981,1531239914976,79498,0.00060950,61.51000000,0
1531239917136,1531239917131,79499,0.00061040,819.78000000,0
1531239954591,1531239954586,79500,0.00061060,0.71000000,0
1531239967175,1531239967170,79501,0.00061010,699.98000000,1
1531240010167,1531240010160,79502,0.00061040,867.20000000,0
1531240052214,1531240052209,79503,0.00060990,566.57000000,1
1531240094088,1531240094084,79504,0.00060970,342.70000000,0
1531240147204,1531240147197,79505,0.00061010,376.15000000,0
1531240184107,1531240184103,79506,0.00061040,352.49000000,0
1531240223205,1531240223200,79507,0.00061070,1.64000000,0
1531240223205,1531240223200,79508,0.00061100,20.90000000,0
1531240224552,1531240224548,79509,0.00061100,7.48000000,0
1531240227141,1531240227136,79510,0.00060970,480.68000000,0
1531240265209,1531240265206,79511,0.00061080,666.90000000,0
1531240306206,1531240306202,79512,0.00060990,507.27000000,1
1531240346126,1531240346121,79513,0.00061040,859.63000000,1
1531240387190,1531240387186,79514,0.00061050,682.62000000,1
1531240438162,1531240438157,79515,0.00061060,642.03000000,0
1531240475345,1531240475339,79516,0.00060930,34.00000000,1
1531240475345,1531240475339,79517,0.00060890,50.91000000,1
1531240475345,1531240475339,79518,0.00060880,33.33000000,1
1531240475345,1531240475339,79519,0.00060870,8.22000000,1
1531240475345,1531240475339,79520,0.00060860,6.39000000,1
1531240475345,1531240475339,79521,0.00060800,67.15000000,1
1531240479216,1531240479210,79522,0.00060900,23.60000000,0
1531240479294,1531240479284,79523,0.00060900,282.02000000,0
1531240498309,1531240498305,79524,0.00060800,57.50000000,1
1531240498340,1531240498335,79525,0.00060800,15.89000000,0
1531240540288,1531240540284,79526,0.00060950,556.48000000,1
1531240589367,1531240589361,79527,0.00060960,499.05000000,0
1531240642384,1531240642380,79528,0.00060930,717.01000000,1
1531240665065,1531240665060,79529,0.00060950,73.37000000,0
