event_time,trade_time,trade_id,price,quantity,maker
1531210383709,1531210383704,1624296,0.00001079,1182.00000000,0
1531210391233,1531210391229,1624297,0.00001079,386.00000000,0
1531210391265,1531210391265,1624298,0.00001079,501.00000000,1
1531210396158,1531210396154,1624299,0.00001079,302.00000000,1
1531210611650,1531210611649,1624300,0.00001076,778.00000000,1
1531210617434,1531210617434,1624301,0.00001076,579.00000000,1
1531210657027,1531210657023,1624302,0.00001076,113.00000000,1
1531210761195,1531210761190,1624303,0.00001072,474.00000000,1
1531210769102,1531210769096,1624304,0.00001071,169.00000000,1
1531210769775,1531210769770,1624305,0.00001071,523.00000000,1
1531210770744,1531210770739,1624306,0.00001073,1046.00000000,0
1531210771604,1531210771599,1624307,0.00001074,237.00000000,0
1531210877582,1531210877578,1624308,0.00001078,103.00000000,0
1531210877582,1531210877578,1624309,0.00001080,582.00000000,0
1531210877582,1531210877578,1624310,0.00001081,315.00000000,0
1531210902909,1531210902903,1624311,0.00001075,102.00000000,1
1531210954695,1531210954690,1624312,0.00001077,102.00000000,0
1531210954767,1531210954763,1624313,0.00001075,288.00000000,1
1531210956610,1531210956605,1624314,0.00001076,357.00000000,0
1531210958617,1531210958613,1624315,0.00001077,551.00000000,0
1531210990552,1531210990548,1624316,0.00001080,556.00000000,0
1531210990567,1531210990563,1624317,0.00001080,955.00000000,1
1531210990580,1531210990575,1624318,0.00001075,589.00000000,1
1531210990580,1531210990575,1624319,0.00001074,366.00000000,1
1531211131600,1531211131595,1624320,0.00001080,1199.00000000,0
1531211131615,1531211131612,1624321,0.00001080,8358.00000000,1
1531211131618,1531211131614,1624322,0.00001080,1249.00000000,1
1531211131639,1531211131635,1624323,0.00001080,588.00000000,1
1531211131680,1531211131674,1624324,0.00001080,643.00000000,1
1531211136448,1531211136440,1624325,0.00001075,5.00000000,1
1531211142317,1531211142313,1624326,0.00001075,294.00000000,1
1531211142626,1531211142622,1624327,0.00001075,1715.00000000,1
1531211228795,1531211228789,1624328,0.00001075,224.00000000,1
1531211228795,1531211228789,1624329,0.00001074,27486.00000000,1
1531211250085,1531211250083,1624330,0.00001075,641.00000000,0
1531211250103,1531211250099,1624331,0.00001075,3.00000000,0
1531211253399,1531211253396,1624332,0.00001074,644.00000000,1
1531211272008,1531211272003,1624333,0.00001074,605.00000000,1
1531211277574,1531211277569,1624334,0.00001072,981.00000000,1
1531211320411,1531211320407,1624335,0.00001077,1064.00000000,0
1531211320411,1531211320407,1624336,0.00001078,2901.00000000,0
1531211320696,1531211320693,1624337,0.00001079,400.00000000,1
1531211324141,1531211324136,1624338,0.00001080,487.00000000,0
1531211333827,1531211333823,1624339,0.00001079,658.00000000,1
1531211334188,1531211334183,1624340,0.00001079,213.00000000,1
1531211334549,1531211334545,1624341,0.00001079,62.00000000,1
1531211339370,1531211339366,1624342,0.00001079,490.00000000,1
1531211340851,1531211340845,1624343,0.00001080,7327.00000000,0
1531211342643,1531211342640,1624344,0.00001080,6759.00000000,0
1531211343665,1531211343659,1624345,0.00001080,14106.00000000,0
1531211344681,1531211344677,1624346,0.00001080,2797.00000000,1
1531211344766,1531211344762,1624347,0.00001081,4392.00000000,0
1531211358649,1531211358646,1624348,0.00001082,426.00000000,0
1531211364754,1531211364748,1624349,0.00001081,102.00000000,0
1531211373897,1531211373893,1624350,0.00001082,428.00000000,0
1531211390843,1531211390839,1624351,0.00001082,371.00000000,0
1531211405677,1531211405673,1624352,0.00001082,388.00000000,0
1531211412687,1531211412682,1624353,0.00001082,542.00000000,0
1531211421820,1531211421815,1624354,0.00001082,270.00000000,0
1531211422887,1531211422884,1624355,0.00001083,173.00000000,0
1531211427357,1531211427352,1624356,0.00001080,999.00000000,1
1531211472574,1531211472568,1624357,0.00001081,581.00000000,1
1531211604940,1531211604936,1624358,0.00001081,102.00000000,1
1531211617724,1531211617719,1624359,0.00001082,581.00000000,0
1531211691164,1531211691159,1624360,0.00001081,101.00000000,1
1531211724025,1531211724021,1624361,0.00001081,7.00000000,1
1531211734396,1531211734392,1624362,0.00001081,15.00000000,1
1531211744260,1531211744256,1624363,0.00001084,1394.00000000,0
1531211819280,1531211819276,1624364,0.00001084,922.00000000,0
1531212004980,1531212004976,1624365,0.00001084,2120.00000000,0
1531212005043,1531212005038,1624366,0.00001084,3.00000000,0
1531212008081,1531212008077,1624367,0.00001081,2100.00000000,1
1531212008081,1531212008077,1624368,0.00001080,20.00000000,1
1531212011106,1531212011101,1624369,0.00001081,217.00000000,1
1531212011331,1531212011327,1624370,0.00001085,5119.00000000,0
1531212014446,1531212014442,1624371,0.00001081,5119.00000000,1
1531212015812,1531212015807,1624372,0.00001085,1146.00000000,0
1531212018919,1531212018914,1624373,0.00001081,1146.00000000,1
1531212019899,1531212019894,1624374,0.00001085,1170.00000000,0
1531212023061,1531212023058,1624375,0.00001081,884.00000000,1
1531212023061,1531212023058,1624376,0.00001080,286.00000000,1
1531212046106,1531212046101,1624377,0.00001080,5906.00000000,1
1531212046106,1531212046101,1624378,0.00001079,853.00000000,1
1531212062572,1531212062567,1624379,0.00001080,2000.00000000,1
1531212062572,1531212062567,1624380,0.00001079,5327.00000000,1
1531212064747,1531212064743,1624381,0.00001079,2.00000000,1
1531212079690,1531212079685,1624382,0.00001081,1846.00000000,0
1531212082002,1531212081998,1624383,0.00001081,5860.00000000,0
1531212100750,1531212100745,1624384,0.00001081,1350.00000000,0
1531212136051,1531212136046,1624385,0.00001082,524.00000000,0
1531212137097,1531212137096,1624386,0.00001082,223.00000000,0
1531212253078,1531212253075,1624387,0.00001085,19.00000000,0
1531212256499,1531212256493,1624388,0.00001084,7.00000000,0
1531212258704,1531212258699,1624389,0.00001080,2000.00000000,1
1531212258704,1531212258699,1624390,0.00001079,1489.00000000,1
1531212275486,1531212275480,1624391,0.00001082,832.00000000,0
1531212275486,1531212275480,1624392,0.00001086,92.00000000,0
1531212287842,1531212287837,1624393,0.00001085,582.00000000,0
1531212317324,1531212317318,1624394,0.00001080,274.00000000,1
1531212321451,1531212321445,1624395,0.00001081,949.00000000,0
1531212338795,1531212338790,1624396,0.00001081,907.00000000,0
1531212350797,1531212350794,1624397,0.00001081,859.00000000,0
1531212376804,1531212376799,1624398,0.00001081,910.00000000,0
1531212379813,1531212379809,1624399,0.00001082,2506.00000000,0
1531212394679,1531212394675,1624400,0.00001080,11.00000000,1
1531212415817,1531212415813,1624401,0.00001083,932.00000000,0
1531212648812,1531212648810,1624402,0.00001082,8613.00000000,0
1531212692530,1531212692526,1624403,0.00001085,3.00000000,0
1531212745576,1531212745573,1624404,0.00001081,40.00000000,1
1531212771380,1531212771375,1624405,0.00001083,856.00000000,0
1531212774598,1531212774593,1624406,0.00001081,856.00000000,1
1531212794812,1531212794807,1624407,0.00001083,872.00000000,0
1531212807857,1531212807853,1624408,0.00001084,906.00000000,0
1531212978856,1531212978851,1624409,0.00001083,906.00000000,0
1531212982041,1531212982037,1624410,0.00001084,486.00000000,0
1531212982081,1531212982077,1624411,0.00001081,588.00000000,1
1531212982088,1531212982081,1624412,0.00001081,486.00000000,1
1531213171129,1531213171125,1624413,0.00001081,789.00000000,1
1531213298887,1531213298882,1624414,0.00001081,10.00000000,1
1531213522401,1531213522398,1624415,0.00001081,164.00000000,1
1531213522970,1531213522965,1624416,0.00001081,1212.00000000,0
1531213653715,1531213653711,1624417,0.00001084,192.00000000,0
1531213694400,1531213694396,1624418,0.00001080,8.00000000,1
1531213768096,1531213768092,1624419,0.00001081,853.00000000,0
1531213773386,1531213773381,1624420,0.00001082,3083.00000000,0
1531213794466,1531213794462,1624421,0.00001084,739.00000000,0
1531213814696,1531213814691,1624422,0.00001084,232.00000000,1
1531213853497,1531213853491,1624423,0.00001081,186.00000000,1
1531213887229,1531213887226,1624424,0.00001084,99.00000000,0
1531213892817,1531213892813,1624425,0.00001080,3411.00000000,1
1531213948327,1531213948322,1624426,0.00001080,1292.00000000,1
1531213983343,1531213983317,1624427,0.00001080,13751.00000000,1
1531214099668,1531214099664,1624428,0.00001080,502.00000000,1
1531214117207,1531214117204,1624429,0.00001080,1209.00000000,1
1531214131069,1531214131063,1624430,0.00001080,7377.00000000,1
1531214131069,1531214131063,1624431,0.00001079,32583.00000000,1
1531214158696,1531214158692,1624432,0.00001083,1828.00000000,0
1531214161822,1531214161817,1624433,0.00001080,1828.00000000,1
1531214166626,1531214166621,1624434,0.00001083,2563.00000000,0
1531214170729,1531214170725,1624435,0.00001080,2563.00000000,1
1531214183101,1531214183096,1624436,0.00001080,1515.00000000,1
1531214198439,1531214198435,1624437,0.00001082,418.00000000,0
1531214199027,1531214199023,1624438,0.00001082,1628.00000000,1
1531214306072,1531214306069,1624439,0.00001080,564.00000000,1
1531214397793,1531214397788,1624440,0.00001080,387.00000000,1
1531214431441,1531214431437,1624441,0.00001080,102.00000000,1
1531214438332,1531214438327,1624442,0.00001079,9422.00000000,1
1531214447391,1531214447386,1624443,0.00001079,1027.00000000,1
1531214469374,1531214469370,1624444,0.00001082,3408.00000000,0
1531214472935,1531214472931,1624445,0.00001080,402.00000000,1
1531214474385,1531214474382,1624446,0.00001080,1028.00000000,1
1531214474401,1531214474398,1624447,0.00001080,366.00000000,0
1531214511995,1531214511992,1624448,0.00001079,17600.00000000,1
1531214528188,1531214528183,1624449,0.00001079,64196.00000000,1
1531214533041,1531214533037,1624450,0.00001076,3261.00000000,1
1531214534039,1531214534036,1624451,0.00001076,541.00000000,1
1531214546979,1531214546976,1624452,0.00001079,588.00000000,0
1531214668182,1531214668177,1624453,0.00001076,556.00000000,0
1531214673998,1531214673995,1624454,0.00001068,958.00000000,1
1531214758983,1531214758979,1624455,0.00001072,27.00000000,1
1531214761388,1531214761382,1624456,0.00001070,27.00000000,1
1531214814874,1531214814870,1624457,0.00001071,1000.00000000,0
1531214814875,1531214814871,1624458,0.00001069,804.00000000,1
1531214814958,1531214814954,1624459,0.00001069,587.00000000,0
1531214819424,1531214819418,1624460,0.00001070,3719.00000000,0
1531214824958,1531214824954,1624461,0.00001080,180.00000000,0
1531215086698,1531215086693,1624462,0.00001069,94.00000000,1
1531215086698,1531215086693,1624463,0.00001068,5.00000000,1
1531215142920,1531215142916,1624464,0.00001075,660.00000000,0
1531215157681,1531215157675,1624465,0.00001073,2063.00000000,0
1531215157681,1531215157675,1624466,0.00001078,681.00000000,0
1531215240996,1531215240990,1624467,0.00001075,4.00000000,0
1531215246097,1531215246094,1624468,0.00001073,101.00000000,1
1531215249305,1531215249300,1624469,0.00001072,1.00000000,1
1531215249395,1531215249392,1624470,0.00001072,500.00000000,1
1531215255210,1531215255207,1624471,0.00001077,437.00000000,0
1531215271596,1531215271591,1624472,0.00001075,177.00000000,0
1531215287103,1531215287098,1624473,0.00001075,3319.00000000,0
1531215287196,1531215287192,1624474,0.00001075,337.00000000,1
1531215290434,1531215290430,1624475,0.00001075,320.00000000,1
1531215292019,1531215292015,1624476,0.00001075,243.00000000,1
1531215292687,1531215292683,1624477,0.00001075,301.00000000,1
1531215325290,1531215325286,1624478,0.00001076,101.00000000,1
1531215354110,1531215354107,1624479,0.00001077,273.00000000,1
1531215369190,1531215369185,1624480,0.00001079,1675.00000000,0
1531215369190,1531215369185,1624481,0.00001080,2052.00000000,0
1531215493346,1531215493341,1624482,0.00001077,4188.00000000,1
1531215515949,1531215515944,1624483,0.00001077,1462.00000000,0
1531215516115,1531215516111,1624484,0.00001076,5927.00000000,1
1531215519122,1531215519118,1624485,0.00001070,1462.00000000,1
1531215542502,1531215542498,1624486,0.00001076,949.00000000,0
1531215669932,1531215669928,1624487,0.00001076,116.00000000,0
1531215669932,1531215669928,1624488,0.00001081,813.00000000,0
1531215686470,1531215686465,1624489,0.00001070,94.00000000,1
1531215686470,1531215686465,1624490,0.00001067,854.00000000,1
1531215829402,1531215829398,1624491,0.00001077,932.00000000,0
1531216007164,1531216007160,1624492,0.00001072,657.00000000,1
1531216019106,1531216019102,1624493,0.00001075,4.00000000,0
1531216217416,1531216217413,1624494,0.00001074,165.00000000,0
1531216251381,1531216251377,1624495,0.00001068,101.00000000,1
1531216251381,1531216251377,1624496,0.00001067,100.00000000,1
1531216322954,1531216322951,1624497,0.00001067,4214.00000000,1
1531216430910,1531216430907,1624498,0.00001067,24868.00000000,1
1531216538986,1531216538982,1624499,0.00001067,302.00000000,1
1531216668851,1531216668847,1624500,0.00001067,900.00000000,1
1531216791327,1531216791323,1624501,0.00001074,885.00000000,0
1531216815872,1531216815868,1624502,0.00001074,1014.00000000,0
1531216817727,1531216817722,1624503,0.00001074,735.00000000,0
1531216818680,1531216818676,1624504,0.00001074,448.00000000,0
1531216848395,1531216848390,1624505,0.00001074,564.00000000,1
1531216880228,1531216880224,1624506,0.00001075,653.00000000,0
1531216890317,1531216890312,1624507,0.00001075,742.00000000,1
1531216978042,1531216978037,1624508,0.00001068,6.00000000,1
1531216979828,1531216979824,1624509,0.00001067,6.00000000,1
1531216997100,1531216997094,1624510,0.00001067,14945.00000000,1
1531217025145,1531217025141,1624511,0.00001068,626.00000000,1
1531217025145,1531217025141,1624512,0.00001067,1256.00000000,1
1531217048399,1531217048395,1624513,0.00001067,5774.00000000,1
1531217050986,1531217050981,1624514,0.00001075,334.00000000,0
1531217247925,1531217247920,1624515,0.00001067,479.00000000,1
1531217278227,1531217278223,1624516,0.00001069,394.00000000,1
1531217286318,1531217286313,1624517,0.00001073,5.00000000,0
1531217301450,1531217301446,1624518,0.00001073,10.00000000,0
1531217424044,1531217424038,1624519,0.00001073,277.00000000,0
1531217478459,1531217478455,1624520,0.00001073,14324.00000000,1
1531217649454,1531217649449,1624521,0.00001068,629.00000000,1
1531217684810,1531217684805,1624522,0.00001067,312.00000000,1
1531217716941,1531217716936,1624523,0.00001067,705.00000000,1
1531217727483,1531217727478,1624524,0.00001067,1317.00000000,1
1531217760192,1531217760186,1624525,0.00001066,3863.00000000,1
1531217791451,1531217791447,1624526,0.00001078,2.00000000,0
1531217806696,1531217806679,1624527,0.00001066,434.00000000,1
1531217846737,1531217846733,1624528,0.00001072,1264.00000000,0
1531217863984,1531217863979,1624529,0.00001073,5308.00000000,0
1531217919781,1531217919777,1624530,0.00001067,632.00000000,1
1531217920055,1531217920052,1624531,0.00001067,660.00000000,0
1531217921040,1531217921035,1624532,0.00001067,660.00000000,0
1531217931117,1531217931113,1624533,0.00001066,5666.00000000,1
1531217960064,1531217960060,1624534,0.00001065,1034.00000000,1
1531218005165,1531218005161,1624535,0.00001065,447.00000000,1
1531218051374,1531218051369,1624536,0.00001065,8315.00000000,1
1531218072201,1531218072197,1624537,0.00001065,104.00000000,1
1531218090112,1531218090107,1624538,0.00001065,1603.00000000,1
1531218090384,1531218090379,1624539,0.00001065,2817.00000000,0
1531218135009,1531218135005,1624540,0.00001063,951.00000000,1
1531218262157,1531218262154,1624541,0.00001063,1.00000000,1
1531218317034,1531218317030,1624542,0.00001064,8.00000000,0
1531218337529,1531218337525,1624543,0.00001064,4530.00000000,1
1531218342097,1531218342092,1624544,0.00001064,75.00000000,1
1531218355531,1531218355527,1624545,0.00001065,100.00000000,0
1531218405653,1531218405646,1624546,0.00001065,12.00000000,0
1531218432473,1531218432467,1624547,0.00001065,65.00000000,0
1531218432473,1531218432467,1624548,0.00001070,624.00000000,0
1531218432473,1531218432467,1624549,0.00001071,114.00000000,0
1531218432473,1531218432467,1624550,0.00001072,135.00000000,0
1531218498107,1531218498102,1624551,0.00001073,283.00000000,0
1531218662769,1531218662764,1624552,0.00001065,1537.00000000,1
1531218662769,1531218662764,1624553,0.00001064,6701.00000000,1
1531218838841,1531218838838,1624554,0.00001064,11037.00000000,1
1531218882396,1531218882391,1624555,0.00001064,1.00000000,1
1531218925254,1531218925248,1624556,0.00001064,7.00000000,1
1531219284816,1531219284810,1624557,0.00001065,1250.00000000,1
1531219290052,1531219290048,1624558,0.00001072,1.00000000,0
1531219305631,1531219305628,1624559,0.00001065,18750.00000000,0
1531219320276,1531219320270,1624560,0.00001072,1273.00000000,0
1531219320276,1531219320270,1624561,0.00001073,6669.00000000,0
1531219320304,1531219320300,1624562,0.00001073,824.00000000,1
1531219320306,1531219320301,1624563,0.00001064,824.00000000,1
1531219406153,1531219406148,1624564,0.00001073,640.00000000,0
1531219406153,1531219406148,1624565,0.00001074,4329.00000000,0
1531219426051,1531219426046,1624566,0.00001074,5319.00000000,0
1531219429173,1531219429167,1624567,0.00001066,1252.00000000,1
1531219429173,1531219429167,1624568,0.00001065,4067.00000000,1
1531219659769,1531219659763,1624569,0.00001069,1573.00000000,0
1531219731069,1531219731064,1624570,0.00001073,6.00000000,0
1531219847927,1531219847922,1624571,0.00001069,103.00000000,1
1531219908730,1531219908725,1624572,0.00001069,2261.00000000,1
1531219909135,1531219909129,1624573,0.00001069,3351.00000000,0
1531219912269,1531219912266,1624574,0.00001068,1944.00000000,1
1531219912269,1531219912266,1624575,0.00001067,1138.00000000,1
1531219912269,1531219912266,1624576,0.00001065,269.00000000,1
1531219918749,1531219918744,1624577,0.00001073,1168.00000000,0
1531219921866,1531219921861,1624578,0.00001066,955.00000000,1
1531219921866,1531219921861,1624579,0.00001064,213.00000000,1
1531219924694,1531219924690,1624580,0.00001073,1160.00000000,0
1531219935700,1531219935696,1624581,0.00001073,785.00000000,0
1531219939808,1531219939804,1624582,0.00001066,785.00000000,1
1531219960158,1531219960152,1624583,0.00001074,1713.00000000,0
1531219963263,1531219963256,1624584,0.00001066,1558.00000000,1
1531219963263,1531219963256,1624585,0.00001065,155.00000000,1
1531219972066,1531219972061,1624586,0.00001072,1.00000000,0
1531220098202,1531220098197,1624587,0.00001072,1000.00000000,0
1531220105874,1531220105873,1624588,0.00001073,564.00000000,0
1531220105874,1531220105873,1624589,0.00001074,436.00000000,0
1531220112219,1531220112213,1624590,0.00001075,1000.00000000,0
1531220117207,1531220117201,1624591,0.00001076,125.00000000,0
1531220117207,1531220117201,1624592,0.00001080,875.00000000,0
1531220128820,1531220128814,1624593,0.00001078,1020.00000000,0
1531220178649,1531220178644,1624594,0.00001069,610.00000000,1
1531220178649,1531220178644,1624595,0.00001066,2703.00000000,1
1531220178649,1531220178644,1624596,0.00001065,31300.00000000,1
1531220220236,1531220220231,1624597,0.00001074,2613.00000000,0
1531220220251,1531220220247,1624598,0.00001074,6972.00000000,1
1531220220269,1531220220264,1624599,0.00001074,572.00000000,1
1531220220278,1531220220273,1624600,0.00001074,6272.00000000,1
1531220220284,1531220220278,1624601,0.00001074,279.00000000,1
1531220220313,1531220220308,1624602,0.00001074,279.00000000,1
1531220220416,1531220220412,1624603,0.00001074,1526.00000000,1
1531220220624,1531220220619,1624604,0.00001074,3644.00000000,1
1531220220830,1531220220826,1624605,0.00001074,3643.00000000,1
1531220221925,1531220221920,1624606,0.00001074,6646.00000000,1
1531220276796,1531220276792,1624607,0.00001076,640.00000000,0
1531220276837,1531220276832,1624608,0.00001076,515.00000000,0
1531220276837,1531220276832,1624609,0.00001077,73.00000000,0
1531220277049,1531220277044,1624610,0.00001077,567.00000000,0
1531220302652,1531220302647,1624611,0.00001076,1133.00000000,0
1531220302699,1531220302695,1624612,0.00001076,4.00000000,0
1531220302734,1531220302729,1624613,0.00001076,890.00000000,1
1531220303539,1531220303535,1624614,0.00001076,243.00000000,1
1531220309213,1531220309209,1624615,0.00001076,882.00000000,0
1531220313322,1531220313317,1624616,0.00001069,882.00000000,1
1531220328554,1531220328549,1624617,0.00001070,428.00000000,0
1531220339544,1531220339538,1624618,0.00001071,454.00000000,0
1531220340092,1531220340086,1624619,0.00001075,1287.00000000,0
1531220343207,1531220343202,1624620,0.00001070,1287.00000000,1
1531220343720,1531220343715,1624621,0.00001070,3.00000000,1
1531220347821,1531220347817,1624622,0.00001076,1194.00000000,0
1531220350936,1531220350931,1624623,0.00001071,1194.00000000,1
1531220351804,1531220351800,1624624,0.00001076,1121.00000000,0
1531220354942,1531220354938,1624625,0.00001071,1121.00000000,1
1531220369963,1531220369958,1624626,0.00001076,1267.00000000,0
1531220373082,1531220373076,1624627,0.00001072,1267.00000000,1
1531220496044,1531220496040,1624628,0.00001071,504.00000000,1
1531220524642,1531220524638,1624629,0.00001072,504.00000000,0
1531220557409,1531220557403,1624630,0.00001076,1142.00000000,0
1531220560503,1531220560498,1624631,0.00001071,1142.00000000,1
1531220569930,1531220569924,1624632,0.00001076,1347.00000000,0
1531220573055,1531220573052,1624633,0.00001071,1347.00000000,1
1531220593246,1531220593241,1624634,0.00001076,4.00000000,0
1531220593246,1531220593241,1624635,0.00001077,640.00000000,0
1531220612380,1531220612375,1624636,0.00001071,8.00000000,1
1531220616786,1531220616780,1624637,0.00001071,1246.00000000,1
1531220619920,1531220619917,1624638,0.00001071,2069.00000000,0
1531220620004,1531220619999,1624639,0.00001071,1.00000000,0
1531220623034,1531220623030,1624640,0.00001070,2069.00000000,1
1531220629405,1531220629399,1624641,0.00001077,2452.00000000,0
1531220632524,1531220632518,1624642,0.00001071,559.00000000,1
1531220632524,1531220632518,1624643,0.00001070,1893.00000000,1
1531220781156,1531220781152,1624644,0.00001077,909.00000000,0
1531220781180,1531220781174,1624645,0.00001077,815.00000000,0
1531220781204,1531220781201,1624646,0.00001077,3.00000000,0
1531220781204,1531220781201,1624647,0.00001078,640.00000000,0
1531220781280,1531220781273,1624648,0.00001077,815.00000000,1
1531220783519,1531220783514,1624649,0.00001077,3.00000000,1
1531220784585,1531220784581,1624650,0.00001077,909.00000000,0
1531220788727,1531220788722,1624651,0.00001072,640.00000000,1
1531220817793,1531220817788,1624652,0.00001077,102.00000000,0
1531220817793,1531220817788,1624653,0.00001079,1285.00000000,0
1531220818654,1531220818650,1624654,0.00001079,512.00000000,1
1531220818741,1531220818737,1624655,0.00001079,101.00000000,1
1531220967017,1531220967010,1624656,0.00001074,587.00000000,1
1531220967017,1531220967010,1624657,0.00001072,830.00000000,1
1531220967017,1531220967010,1624658,0.00001071,640.00000000,1
1531220967017,1531220967010,1624659,0.00001070,4826.00000000,1
1531220967017,1531220967010,1624660,0.00001069,186.00000000,1
1531220967017,1531220967010,1624661,0.00001068,196.00000000,1
1531220967030,1531220967026,1624662,0.00001068,5956.00000000,0
1531220967078,1531220967074,1624663,0.00001067,477.00000000,1
1531220967078,1531220967074,1624664,0.00001066,99.00000000,1
1531220987477,1531220987471,1624665,0.00001072,587.00000000,0
1531220987477,1531220987471,1624666,0.00001073,477.00000000,0
1531220987477,1531220987471,1624667,0.00001075,1371.00000000,0
1531220987477,1531220987471,1624668,0.00001078,65.00000000,0
1531221022001,1531221021997,1624669,0.00001077,2.00000000,0
1531221028952,1531221028946,1624670,0.00001069,611.00000000,1
1531221028969,1531221028963,1624671,0.00001068,287.00000000,1
1531221028969,1531221028963,1624672,0.00001067,611.00000000,1
1531221028970,1531221028965,1624673,0.00001067,29.00000000,1
1531221028970,1531221028965,1624674,0.00001066,582.00000000,1
1531221029121,1531221029115,1624675,0.00001066,4319.00000000,1
1531221029865,1531221029861,1624676,0.00001065,9664.00000000,1
1531221032974,1531221032969,1624677,0.00001064,611.00000000,1
1531221034869,1531221034863,1624678,0.00001064,611.00000000,1
1531221054361,1531221054353,1624679,0.00001064,826.00000000,1
1531221075376,1531221075372,1624680,0.00001064,8156.00000000,1
1531221075924,1531221075919,1624681,0.00001064,8154.00000000,1
1531221076935,1531221076930,1624682,0.00001064,8151.00000000,1
1531221082399,1531221082393,1624683,0.00001064,1966.00000000,1
1531221124451,1531221124446,1624684,0.00001064,1942.00000000,1
1531221132034,1531221132030,1624685,0.00001064,3820.00000000,1
1531221158243,1531221158238,1624686,0.00001064,3536.00000000,1
1531221159513,1531221159507,1624687,0.00001064,2323.00000000,1
1531221166523,1531221166517,1624688,0.00001064,1453.00000000,1
1531221168512,1531221168509,1624689,0.00001064,1062.00000000,1
1531221171853,1531221171848,1624690,0.00001064,11478.00000000,1
1531221171853,1531221171848,1624691,0.00001063,8455.00000000,1
1531221173625,1531221173619,1624692,0.00001062,1489.00000000,1
1531221245407,1531221245401,1624693,0.00001062,104.00000000,0
1531221247695,1531221247692,1624694,0.00001063,1357.00000000,0
1531221250109,1531221250104,1624695,0.00001065,12820.00000000,0
1531221268261,1531221268256,1624696,0.00001065,598.00000000,1
1531221277494,1531221277489,1624697,0.00001067,598.00000000,0
1531221277494,1531221277489,1624698,0.00001068,11038.00000000,0
1531221340460,1531221340454,1624699,0.00001069,399.00000000,0
1531221340460,1531221340454,1624700,0.00001071,640.00000000,0
1531221340460,1531221340454,1624701,0.00001072,379.00000000,0
1531221340460,1531221340454,1624702,0.00001074,2218.00000000,0
1531221403890,1531221403884,1624703,0.00001068,114.00000000,0
1531221403923,1531221403918,1624704,0.00001068,211.00000000,1
1531221403947,1531221403941,1624705,0.00001064,102.00000000,1
1531221403947,1531221403941,1624706,0.00001062,109.00000000,1
1531221434815,1531221434810,1624707,0.00001066,3.00000000,0
1531221530130,1531221530127,1624708,0.00001066,106.00000000,0
1531221530237,1531221530234,1624709,0.00001066,306.00000000,1
1531221549987,1531221549985,1624710,0.00001062,8185.00000000,1
1531221550986,1531221550981,1624711,0.00001062,875.00000000,1
1531221559015,1531221559011,1624712,0.00001062,1138.00000000,1
1531221566022,1531221566018,1624713,0.00001063,102.00000000,1
1531221566022,1531221566018,1624714,0.00001062,964.00000000,1
1531221572109,1531221572104,1624715,0.00001065,1257.00000000,0
1531221573022,1531221573017,1624716,0.00001062,457.00000000,1
1531221573104,1531221573100,1624717,0.00001065,2000.00000000,0
1531221574109,1531221574104,1624718,0.00001065,113.00000000,0
1531221575810,1531221575805,1624719,0.00001067,159.00000000,0
1531221603720,1531221603717,1624720,0.00001066,249.00000000,1
1531221622071,1531221622066,1624721,0.00001065,371.00000000,1
1531221730562,1531221730556,1624722,0.00001062,607.00000000,1
1531221742651,1531221742646,1624723,0.00001063,125.00000000,0
1531221744681,1531221744675,1624724,0.00001063,124.00000000,0
1531221898621,1531221898616,1624725,0.00001061,10.00000000,1
1531221908896,1531221908890,1624726,0.00001066,415.00000000,0
1531221912925,1531221912920,1624727,0.00001061,3427.00000000,1
1531221913619,1531221913614,1624728,0.00001066,141.00000000,0
1531221995590,1531221995586,1624729,0.00001061,51.00000000,1
1531222004784,1531222004778,1624730,0.00001064,18.00000000,0
1531222005915,1531222005911,1624731,0.00001064,291.00000000,0
1531222005954,1531222005949,1624732,0.00001066,157.00000000,1
1531222048355,1531222048351,1624733,0.00001062,1632.00000000,1
1531222048387,1531222048382,1624734,0.00001062,368.00000000,1
1531222048387,1531222048382,1624735,0.00001061,120.00000000,1
1531222072326,1531222072322,1624736,0.00001062,588.00000000,1
1531222074286,1531222074284,1624737,0.00001065,232.00000000,0
1531222084183,1531222084178,1624738,0.00001061,1618.00000000,1
1531222125492,1531222125488,1624739,0.00001060,1749.00000000,1
1531222135884,1531222135879,1624740,0.00001060,954.00000000,1
1531222150640,1531222150636,1624741,0.00001060,1751.00000000,1
1531222160869,1531222160863,1624742,0.00001060,2000.00000000,1
1531222160869,1531222160863,1624743,0.00001059,1211.00000000,1
1531222308259,1531222308254,1624744,0.00001065,397.00000000,0
1531222335196,1531222335192,1624745,0.00001065,358.00000000,0
1531222337674,1531222337669,1624746,0.00001066,640.00000000,0
1531222343492,1531222343489,1624747,0.00001066,868.00000000,0
1531222373158,1531222373153,1624748,0.00001065,447.00000000,0
1531222392139,1531222392134,1624749,0.00001060,102.00000000,1
1531222392139,1531222392134,1624750,0.00001059,343.00000000,1
1531222401978,1531222401974,1624751,0.00001061,1763.00000000,1
1531222405834,1531222405830,1624752,0.00001060,622.00000000,1
1531222418436,1531222418433,1624753,0.00001060,2000.00000000,1
1531222428098,1531222428093,1624754,0.00001060,2000.00000000,1
1531222435330,1531222435326,1624755,0.00001060,1256.00000000,1
1531222473030,1531222473025,1624756,0.00001065,3.00000000,0
1531222522532,1531222522528,1624757,0.00001065,1404.00000000,0
1531222523223,1531222523218,1624758,0.00001067,251.00000000,1
1531222528094,1531222528090,1624759,0.00001061,587.00000000,1
1531222535611,1531222535608,1624760,0.00001061,119.00000000,1
1531222535611,1531222535608,1624761,0.00001060,222.00000000,1
1531222574857,1531222574854,1624762,0.00001063,11.00000000,0
1531222581831,1531222581828,1624763,0.00001060,1083.00000000,1
1531222610310,1531222610305,1624764,0.00001062,223.00000000,0
1531222610332,1531222610327,1624765,0.00001062,1243.00000000,0
1531222623127,1531222623122,1624766,0.00001059,195.00000000,1
1531222639999,1531222639996,1624767,0.00001062,138.00000000,0
1531222666059,1531222666056,1624768,0.00001062,504.00000000,0
1531222667339,1531222667335,1624769,0.00001062,667.00000000,0
1531222668304,1531222668300,1624770,0.00001062,333.00000000,0
1531222702315,1531222702313,1624771,0.00001062,250.00000000,0
1531222707711,1531222707708,1624772,0.00001059,4594.00000000,1
1531222708342,1531222708337,1624773,0.00001062,439.00000000,0
1531222708716,1531222708715,1624774,0.00001058,218.00000000,1
1531222710515,1531222710514,1624775,0.00001057,587.00000000,1
1531222710616,1531222710612,1624776,0.00001057,4150.00000000,1
1531222716818,1531222716815,1624777,0.00001056,240.00000000,1
1531222717786,1531222717782,1624778,0.00001056,2868.00000000,1
1531222729700,1531222729695,1624779,0.00001056,415.00000000,1
1531222738359,1531222738355,1624780,0.00001058,67.00000000,0
1531222738359,1531222738355,1624781,0.00001062,212.00000000,0
1531222741156,1531222741153,1624782,0.00001062,615.00000000,0
1531222747573,1531222747569,1624783,0.00001057,247.00000000,1
1531222765934,1531222765929,1624784,0.00001056,171.00000000,1
1531222774716,1531222774712,1624785,0.00001055,17381.00000000,1
1531222774717,1531222774712,1624786,0.00001055,2236.00000000,1
1531222775695,1531222775692,1624787,0.00001055,171.00000000,1
1531222782952,1531222782948,1624788,0.00001055,4398.00000000,1
1531222786201,1531222786198,1624789,0.00001055,2920.00000000,1
1531222792415,1531222792412,1624790,0.00001055,431.00000000,1
1531222792565,1531222792562,1624791,0.00001055,431.00000000,1
1531222792720,1531222792716,1624792,0.00001055,1513.00000000,1
1531222792763,1531222792759,1624793,0.00001055,1510.00000000,1
1531222795212,1531222795208,1624794,0.00001055,18443.00000000,1
1531222802730,1531222802727,1624795,0.00001055,872.00000000,1
1531222808694,1531222808690,1624796,0.00001054,1042.00000000,1
1531222808923,1531222808918,1624797,0.00001054,563.00000000,0
1531222809558,1531222809553,1624798,0.00001054,2146.00000000,0
1531222810440,1531222810438,1624799,0.00001054,453.00000000,0
1531222810728,1531222810726,1624800,0.00001053,371.00000000,1
1531222810972,1531222810968,1624801,0.00001054,1150.00000000,0
1531222810972,1531222810968,1624802,0.00001055,105.00000000,0
1531222811944,1531222811941,1624803,0.00001054,612.00000000,1
1531222818244,1531222818241,1624804,0.00001058,612.00000000,0
1531222819835,1531222819831,1624805,0.00001054,138.00000000,1
1531222825256,1531222825252,1624806,0.00001058,2.00000000,0
1531222826286,1531222826283,1624807,0.00001054,563.00000000,0
1531222826719,1531222826715,1624808,0.00001054,127.00000000,0
1531222827964,1531222827961,1624809,0.00001053,247.00000000,1
1531222829793,1531222829789,1624810,0.00001053,136.00000000,1
1531222829826,1531222829822,1624811,0.00001053,171.00000000,1
1531222830612,1531222830608,1624812,0.00001053,152.00000000,1
1531222862211,1531222862207,1624813,0.00001054,1348.00000000,1
1531222862211,1531222862207,1624814,0.00001053,798.00000000,1
1531222862211,1531222862207,1624815,0.00001052,11192.00000000,1
1531222862211,1531222862207,1624816,0.00001052,866.00000000,1
1531222862212,1531222862207,1624817,0.00001052,3558.00000000,1
1531222862586,1531222862583,1624818,0.00001061,614.00000000,0
1531222865709,1531222865706,1624819,0.00001052,13981.00000000,1
1531222871094,1531222871090,1624820,0.00001059,674.00000000,0
1531222878811,1531222878806,1624821,0.00001054,300.00000000,1
1531222878811,1531222878806,1624822,0.00001053,219.00000000,1
1531222878811,1531222878806,1624823,0.00001052,26421.00000000,1
1531222882600,1531222882597,1624824,0.00001059,300.00000000,0
1531222891562,1531222891560,1624825,0.00001060,378.00000000,0
1531222896359,1531222896357,1624826,0.00001055,585.00000000,1
1531222896981,1531222896977,1624827,0.00001060,585.00000000,0
1531222901341,1531222901337,1624828,0.00001054,588.00000000,1
1531222901341,1531222901337,1624829,0.00001053,85.00000000,1
1531222905543,1531222905540,1624830,0.00001060,588.00000000,0
1531222908629,1531222908625,1624831,0.00001054,1185.00000000,1
1531222908629,1531222908625,1624832,0.00001053,555.00000000,1
1531222909393,1531222909389,1624833,0.00001052,653.00000000,1
1531222909408,1531222909404,1624834,0.00001052,592.00000000,1
1531222913745,1531222913742,1624835,0.00001053,5525.00000000,0
1531222936194,1531222936193,1624836,0.00001053,655.00000000,0
1531222942801,1531222942797,1624837,0.00001053,1000.00000000,0
1531222948564,1531222948559,1624838,0.00001053,809.00000000,0
1531222966203,1531222966200,1624839,0.00001053,298.00000000,0
1531222967224,1531222967220,1624840,0.00001053,142.00000000,0
1531222986293,1531222986290,1624841,0.00001052,2000.00000000,1
1531222988181,1531222988177,1624842,0.00001053,949.00000000,0
1531223002889,1531223002885,1624843,0.00001053,885.00000000,0
1531223002910,1531223002907,1624844,0.00001053,4429.00000000,0
1531223023329,1531223023324,1624845,0.00001053,120.00000000,0
1531223076621,1531223076618,1624846,0.00001054,597.00000000,1
1531223082392,1531223082388,1624847,0.00001060,597.00000000,0
1531223082392,1531223082388,1624848,0.00001061,130.00000000,0
1531223109652,1531223109648,1624849,0.00001061,1028.00000000,0
1531223114072,1531223114068,1624850,0.00001062,1500.00000000,0
1531223119525,1531223119521,1624851,0.00001060,365.00000000,0
1531223180253,1531223180248,1624852,0.00001054,1014.00000000,1
1531223186167,1531223186162,1624853,0.00001054,1.00000000,0
1531223186167,1531223186162,1624854,0.00001060,630.00000000,0
1531223186167,1531223186162,1624855,0.00001061,317.00000000,0
1531223203690,1531223203687,1624856,0.00001059,2646.00000000,0
1531223215854,1531223215850,1624857,0.00001054,634.00000000,1
1531223215854,1531223215850,1624858,0.00001053,1019.00000000,1
1531223215854,1531223215850,1624859,0.00001052,30561.00000000,1
1531223215854,1531223215850,1624860,0.00001051,1019.00000000,1
1531223215882,1531223215880,1624861,0.00001051,787.00000000,1
1531223215908,1531223215906,1624862,0.00001051,25505.00000000,1
1531223215952,1531223215948,1624863,0.00001051,634.00000000,1
1531223216085,1531223216080,1624864,0.00001051,16486.00000000,1
1531223216085,1531223216080,1624865,0.00001050,16747.00000000,1
1531223216127,1531223216126,1624866,0.00001050,4589.00000000,1
1531223216131,1531223216128,1624867,0.00001050,4589.00000000,1
1531223216180,1531223216177,1624868,0.00001050,3810.00000000,1
1531223216869,1531223216866,1624869,0.00001050,16486.00000000,1
1531223216989,1531223216985,1624870,0.00001050,16486.00000000,1
1531223217363,1531223217359,1624871,0.00001050,16486.00000000,1
1531223225142,1531223225139,1624872,0.00001051,2000.00000000,0
1531223237447,1531223237442,1624873,0.00001051,1500.00000000,0
1531223240317,1531223240314,1624874,0.00001050,903.00000000,1
1531223281597,1531223281593,1624875,0.00001050,634.00000000,1
1531223284294,1531223284291,1624876,0.00001050,105.00000000,1
1531223288229,1531223288225,1624877,0.00001051,536.00000000,0
1531223297942,1531223297939,1624878,0.00001051,2585.00000000,0
1531223301076,1531223301073,1624879,0.00001050,2585.00000000,1
1531223323629,1531223323625,1624880,0.00001050,1216.00000000,1
1531223340067,1531223340064,1624881,0.00001051,2.00000000,0
1531223340067,1531223340064,1624882,0.00001054,110.00000000,0
1531223353396,1531223353391,1624883,0.00001054,948.00000000,0
1531223385623,1531223385620,1624884,0.00001054,326.00000000,0
1531223416192,1531223416189,1624885,0.00001054,572.00000000,0
1531223418852,1531223418848,1624886,0.00001054,340.00000000,0
1531223423950,1531223423947,1624887,0.00001050,1042.00000000,1
1531223435356,1531223435354,1624888,0.00001054,1269.00000000,0
1531223437174,1531223437171,1624889,0.00001054,356.00000000,0
1531223439348,1531223439345,1624890,0.00001054,994.00000000,0
1531223443176,1531223443172,1624891,0.00001054,1445.00000000,0
1531223445464,1531223445459,1624892,0.00001054,722.00000000,0
1531223447330,1531223447326,1624893,0.00001054,361.00000000,0
1531223449322,1531223449318,1624894,0.00001054,181.00000000,0
1531223465483,1531223465479,1624895,0.00001054,181.00000000,0
1531223465483,1531223465479,1624896,0.00001056,13.00000000,0
1531223477338,1531223477334,1624897,0.00001050,791.00000000,1
1531223532050,1531223532047,1624898,0.00001056,102.00000000,0
1531223532050,1531223532047,1624899,0.00001059,844.00000000,0
1531223591225,1531223591220,1624900,0.00001059,207.00000000,0
1531223591225,1531223591220,1624901,0.00001060,19.00000000,0
1531223623340,1531223623335,1624902,0.00001055,598.00000000,1
1531223623340,1531223623335,1624903,0.00001054,194.00000000,1
1531223623340,1531223623335,1624904,0.00001051,1699.00000000,1
1531223623340,1531223623335,1624905,0.00001050,8657.00000000,1
1531223635818,1531223635814,1624906,0.00001057,423.00000000,0
1531223678184,1531223678181,1624907,0.00001057,175.00000000,0
1531223678184,1531223678181,1624908,0.00001058,39.00000000,0
1531223679224,1531223679221,1624909,0.00001058,214.00000000,0
1531223747387,1531223747382,1624910,0.00001057,591.00000000,0
1531223815317,1531223815318,1624911,0.00001057,214.00000000,0
1531223866296,1531223866292,1624912,0.00001057,203.00000000,0
1531223916108,1531223916105,1624913,0.00001057,187.00000000,0
1531223942223,1531223942219,1624914,0.00001057,186.00000000,0
1531223944329,1531223944325,1624915,0.00001057,186.00000000,0
1531223992460,1531223992456,1624916,0.00001057,7.00000000,0
1531224000862,1531224000864,1624917,0.00001057,272.00000000,0
1531224049165,1531224049162,1624918,0.00001057,239.00000000,0
1531224049824,1531224049819,1624919,0.00001057,47.00000000,0
1531224049824,1531224049819,1624920,0.00001058,192.00000000,0
1531224067481,1531224067478,1624921,0.00001058,612.00000000,0
1531224070617,1531224070612,1624922,0.00001054,612.00000000,1
1531224120073,1531224120068,1624923,0.00001054,1574.00000000,1
1531224120073,1531224120068,1624924,0.00001053,10000.00000000,1
1531224120073,1531224120068,1624925,0.00001052,195.00000000,1
1531224120073,1531224120068,1624926,0.00001050,31315.00000000,1
1531224132580,1531224132577,1624927,0.00001051,413.00000000,1
1531224132580,1531224132577,1624928,0.00001050,92.00000000,1
1531224163181,1531224163177,1624929,0.00001058,2.00000000,0
1531224163181,1531224163177,1624930,0.00001060,21.00000000,0
1531224174376,1531224174374,1624931,0.00001053,334.00000000,1
1531224302724,1531224302724,1624932,0.00001055,289.00000000,0
1531224312289,1531224312288,1624933,0.00001055,215.00000000,0
1531224318555,1531224318551,1624934,0.00001052,290.00000000,1
1531224318555,1531224318551,1624935,0.00001051,1066.00000000,1
1531224318722,1531224318719,1624936,0.00001050,2000.00000000,0
1531224319697,1531224319692,1624937,0.00001050,1574.00000000,0
1531224319775,1531224319772,1624938,0.00001050,21622.00000000,0
1531224327736,1531224327732,1624939,0.00001050,2000.00000000,0
1531224327966,1531224327963,1624940,0.00001050,10919.00000000,0
1531224338407,1531224338404,1624941,0.00001050,1261.00000000,0
1531224344584,1531224344579,1624942,0.00001056,856.00000000,0
1531224364312,1531224364308,1624943,0.00001051,735.00000000,1
1531224364548,1531224364544,1624944,0.00001051,1265.00000000,1
1531224376020,1531224376016,1624945,0.00001051,130.00000000,0
1531224376174,1531224376175,1624946,0.00001054,1519.00000000,0
1531224379305,1531224379302,1624947,0.00001050,1519.00000000,1
1531224393873,1531224393870,1624948,0.00001050,663.00000000,1
1531224398505,1531224398502,1624949,0.00001054,3.00000000,0
1531224398505,1531224398502,1624950,0.00001056,190.00000000,0
1531224402353,1531224402353,1624951,0.00001056,1353.00000000,0
1531224402364,1531224402366,1624952,0.00001056,451.00000000,0
1531224405451,1531224405447,1624953,0.00001051,1353.00000000,1
1531224406700,1531224406695,1624954,0.00001052,546.00000000,1
1531224407574,1531224407570,1624955,0.00001052,233.00000000,0
1531224407695,1531224407693,1624956,0.00001051,546.00000000,1
1531224411850,1531224411846,1624957,0.00001049,1053.00000000,1
1531224411850,1531224411846,1624958,0.00001048,378.00000000,1
1531224411850,1531224411846,1624959,0.00001047,954.00000000,1
1531224411850,1531224411846,1624960,0.00001046,747.00000000,1
1531224411850,1531224411846,1624961,0.00001045,4784.00000000,1
1531224411850,1531224411846,1624962,0.00001044,588.00000000,1
1531224411850,1531224411846,1624963,0.00001042,3203.00000000,1
1531224411863,1531224411862,1624964,0.00001042,588.00000000,1
1531224411886,1531224411884,1624965,0.00001042,1906.00000000,1
1531224419464,1531224419460,1624966,0.00001043,391.00000000,1
1531224419464,1531224419460,1624967,0.00001042,10851.00000000,1
1531224421231,1531224421226,1624968,0.00001044,2000.00000000,1
1531224421231,1531224421226,1624969,0.00001041,1240.00000000,1
1531224421231,1531224421226,1624970,0.00001040,20192.00000000,1
1531224421256,1531224421252,1624971,0.00001040,901.00000000,0
1531224422082,1531224422078,1624972,0.00001040,100.00000000,0
1531224424069,1531224424065,1624973,0.00001040,288.00000000,0
1531224424213,1531224424209,1624974,0.00001039,216.00000000,1
1531224424259,1531224424255,1624975,0.00001040,1780.00000000,0
1531224424603,1531224424601,1624976,0.00001040,568.00000000,0
1531224424968,1531224424968,1624977,0.00001040,7663.00000000,0
1531224425214,1531224425211,1624978,0.00001039,175.00000000,1
1531224425639,1531224425635,1624979,0.00001040,588.00000000,0
1531224425679,1531224425675,1624980,0.00001040,6521.00000000,0
1531224429211,1531224429207,1624981,0.00001040,140.00000000,0
1531224429497,1531224429498,1624982,0.00001040,568.00000000,0
1531224431980,1531224431980,1624983,0.00001040,2000.00000000,0
1531224434582,1531224434579,1624984,0.00001040,568.00000000,0
1531224437743,1531224437740,1624985,0.00001039,233.00000000,1
1531224439188,1531224439185,1624986,0.00001038,389.00000000,1
1531224439256,1531224439254,1624987,0.00001040,1367.00000000,0
1531224439406,1531224439402,1624988,0.00001036,1747.00000000,1
1531224439592,1531224439587,1624989,0.00001040,568.00000000,0
1531224440268,1531224440265,1624990,0.00001039,205.00000000,0
1531224442547,1531224442544,1624991,0.00001038,812.00000000,1
1531224443384,1531224443381,1624992,0.00001038,906.00000000,1
1531224444529,1531224444525,1624993,0.00001039,568.00000000,0
1531224445649,1531224445644,1624994,0.00001037,929.00000000,1
1531224449632,1531224449628,1624995,0.00001040,568.00000000,0
1531224454608,1531224454603,1624996,0.00001040,439.00000000,0
1531224455441,1531224455437,1624997,0.00001040,2614.00000000,0
1531224456162,1531224456160,1624998,0.00001041,70.00000000,1
1531224457007,1531224457003,1624999,0.00001039,1235.00000000,0
1531224459294,1531224459291,1625000,0.00001038,99.00000000,1
1531224459578,1531224459573,1625001,0.00001038,974.00000000,1
1531224470271,1531224470268,1625002,0.00001043,162.00000000,0
1531224470960,1531224470955,1625003,0.00001039,2000.00000000,1
1531224470960,1531224470955,1625004,0.00001037,20154.00000000,1
1531224470968,1531224470969,1625005,0.00001037,3333.00000000,1
1531224470981,1531224470977,1625006,0.00001037,583.00000000,1
1531224470993,1531224470989,1625007,0.00001037,349.00000000,1
1531224471030,1531224471026,1625008,0.00001037,349.00000000,1
1531224471980,1531224471977,1625009,0.00001039,2000.00000000,0
1531224474702,1531224474698,1625010,0.00001042,568.00000000,0
1531224479624,1531224479624,1625011,0.00001042,343.00000000,0
1531224487534,1531224487532,1625012,0.00001042,490.00000000,0
1531224496531,1531224496527,1625013,0.00001043,1409.00000000,0
1531224508209,1531224508205,1625014,0.00001044,377.00000000,0
1531224532897,1531224532893,1625015,0.00001044,150.00000000,0
1531224543412,1531224543408,1625016,0.00001046,155.00000000,0
1531224570703,1531224570700,1625017,0.00001048,18.00000000,0
1531224580739,1531224580736,1625018,0.00001047,1780.00000000,0
1531224589001,1531224588997,1625019,0.00001048,106.00000000,0
1531224599810,1531224599807,1625020,0.00001047,197.00000000,0
1531224611191,1531224611188,1625021,0.00001047,1638.00000000,0
1531224645475,1531224645472,1625022,0.00001048,10.00000000,0
1531224671971,1531224671966,1625023,0.00001048,318.00000000,0
1531224673051,1531224673046,1625024,0.00001048,253.00000000,0
1531224724763,1531224724760,1625025,0.00001049,393.00000000,0
1531224747704,1531224747701,1625026,0.00001049,331.00000000,0
1531224750237,1531224750234,1625027,0.00001048,325.00000000,1
1531224801054,1531224801051,1625028,0.00001048,807.00000000,1
1531224811892,1531224811889,1625029,0.00001047,438.00000000,1
1531224869022,1531224869017,1625030,0.00001048,139.00000000,1
1531224872784,1531224872780,1625031,0.00001049,318.00000000,0
1531224873929,1531224873926,1625032,0.00001049,9.00000000,0
1531224873929,1531224873926,1625033,0.00001050,1059.00000000,0
1531224883599,1531224883596,1625034,0.00001051,362.00000000,0
1531224883599,1531224883596,1625035,0.00001053,201.00000000,0
1531224888276,1531224888279,1625036,0.00001053,229.00000000,0
1531224902462,1531224902458,1625037,0.00001053,360.00000000,0
1531224906265,1531224906261,1625038,0.00001053,320.00000000,0
1531224923413,1531224923410,1625039,0.00001053,185.00000000,0
1531224926769,1531224926772,1625040,0.00001053,154.00000000,0
1531224933327,1531224933323,1625041,0.00001049,287.00000000,1
1531224933529,1531224933525,1625042,0.00001049,287.00000000,1
1531224936549,1531224936545,1625043,0.00001053,287.00000000,0
1531224964260,1531224964259,1625044,0.00001053,196.00000000,0
1531224992254,1531224992249,1625045,0.00001053,91.00000000,0
1531224992254,1531224992249,1625046,0.00001054,117.00000000,0
1531225046102,1531225046101,1625047,0.00001056,216.00000000,0
1531225102631,1531225102627,1625048,0.00001056,220.00000000,0
1531225132421,1531225132418,1625049,0.00001055,233.00000000,0
1531225133062,1531225133059,1625050,0.00001055,200.00000000,0
1531225142941,1531225142938,1625051,0.00001054,195.00000000,1
1531225181115,1531225181110,1625052,0.00001055,4991.00000000,0
1531225181115,1531225181110,1625053,0.00001056,33499.00000000,0
1531225181115,1531225181110,1625054,0.00001057,1066.00000000,0
1531225181115,1531225181110,1625055,0.00001058,142.00000000,0
1531225181116,1531225181110,1625056,0.00001059,1845.00000000,0
1531225181116,1531225181110,1625057,0.00001060,640.00000000,0
1531225181116,1531225181110,1625058,0.00001061,6973.00000000,0
1531225235042,1531225235038,1625059,0.00001061,10112.00000000,0
1531225235067,1531225235065,1625060,0.00001061,11571.00000000,1
1531225235076,1531225235074,1625061,0.00001061,3784.00000000,1
1531225235129,1531225235126,1625062,0.00001061,902.00000000,1
1531225235913,1531225235910,1625063,0.00001061,147.00000000,1
1531225245432,1531225245430,1625064,0.00001061,6476.00000000,1
1531225245443,1531225245439,1625065,0.00001061,6479.00000000,1
1531225257532,1531225257529,1625066,0.00001061,171.00000000,1
1531225265141,1531225265138,1625067,0.00001062,2504.00000000,1
1531225266988,1531225266985,1625068,0.00001062,1251.00000000,1
1531225268298,1531225268295,1625069,0.00001063,330.00000000,0
1531225269864,1531225269860,1625070,0.00001063,200.00000000,0
1531225269994,1531225269991,1625071,0.00001063,362.00000000,0
1531225271225,1531225271220,1625072,0.00001063,200.00000000,0
1531225300376,1531225300372,1625073,0.00001063,139.00000000,0
1531225306645,1531225306626,1625074,0.00001063,1080.00000000,0
1531225378007,1531225378004,1625075,0.00001063,588.00000000,0
1531225401232,1531225401227,1625076,0.00001063,469.00000000,0
1531225401256,1531225401252,1625077,0.00001063,240.00000000,0
1531225403449,1531225403446,1625078,0.00001063,285.00000000,0
1531225410366,1531225410365,1625079,0.00001063,5337.00000000,0
1531225413457,1531225413452,1625080,0.00001061,5337.00000000,1
1531225438751,1531225438747,1625081,0.00001061,1072.00000000,1
1531225454139,1531225454141,1625082,0.00001063,134.00000000,0
1531225458776,1531225458773,1625083,0.00001063,5259.00000000,0
1531225460999,1531225461002,1625084,0.00001062,195.00000000,1
1531225461888,1531225461884,1625085,0.00001062,87.00000000,1
1531225461888,1531225461884,1625086,0.00001061,5172.00000000,1
1531225464106,1531225464104,1625087,0.00001063,207.00000000,0
1531225501427,1531225501428,1625088,0.00001063,276.00000000,0
1531225507467,1531225507465,1625089,0.00001061,931.00000000,1
1531225518989,1531225518986,1625090,0.00001062,265.00000000,1
1531225533641,1531225533637,1625091,0.00001063,32101.00000000,0
1531225533641,1531225533637,1625092,0.00001064,156.00000000,0
1531225533641,1531225533637,1625093,0.00001068,310.00000000,0
1531225533641,1531225533637,1625094,0.00001068,266.00000000,0
1531225533641,1531225533637,1625095,0.00001069,762.00000000,0
1531225543557,1531225543553,1625096,0.00001062,2054.00000000,1
1531225578891,1531225578887,1625097,0.00001065,282.00000000,0
1531225592638,1531225592635,1625098,0.00001062,564.00000000,1
1531225613420,1531225613417,1625099,0.00001065,5406.00000000,0
1531225617542,1531225617545,1625100,0.00001062,292.00000000,1
1531225617542,1531225617545,1625101,0.00001061,5114.00000000,1
1531225620108,1531225620111,1625102,0.00001061,920.00000000,1
1531225620108,1531225620111,1625103,0.00001058,8.00000000,1
1531225621752,1531225621749,1625104,0.00001058,277.00000000,1
1531225712098,1531225712095,1625105,0.00001064,16.00000000,0
1531225730092,1531225730088,1625106,0.00001064,217.00000000,0
1531225985818,1531225985814,1625107,0.00001062,283.00000000,0
1531226000089,1531226000086,1625108,0.00001062,467.00000000,0
1531226169760,1531226169755,1625109,0.00001062,1407.00000000,0
1531226169776,1531226169771,1625110,0.00001062,554.00000000,1
1531226182729,1531226182725,1625111,0.00001064,2.00000000,0
1531226218923,1531226218919,1625112,0.00001058,6.00000000,1
1531226229374,1531226229370,1625113,0.00001063,300.00000000,0
1531226306484,1531226306481,1625114,0.00001057,7762.00000000,1
1531226306484,1531226306481,1625115,0.00001056,300.00000000,1
1531226374706,1531226374707,1625116,0.00001063,290.00000000,0
1531226381736,1531226381732,1625117,0.00001063,7.00000000,0
1531226384751,1531226384747,1625118,0.00001063,1.00000000,0
1531226465152,1531226465146,1625119,0.00001063,3.00000000,0
1531226597385,1531226597380,1625120,0.00001063,407.00000000,0
1531227028264,1531227028260,1625121,0.00001063,320.00000000,0
1531227052394,1531227052391,1625122,0.00001063,188.00000000,0
1531227117943,1531227117943,1625123,0.00001063,403.00000000,0
1531227159183,1531227159180,1625124,0.00001057,102.00000000,1
1531227318774,1531227318771,1625125,0.00001057,51.00000000,0
1531227426952,1531227426948,1625126,0.00001058,103.00000000,1
1531227426952,1531227426948,1625127,0.00001057,55.00000000,1
1531227431461,1531227431456,1625128,0.00001057,103.00000000,0
1531227792267,1531227792263,1625129,0.00001057,102.00000000,0
1531227808259,1531227808256,1625130,0.00001057,13.00000000,0
1531227915076,1531227915072,1625131,0.00001057,119.00000000,0
1531228032878,1531228032872,1625132,0.00001057,103.00000000,0
1531228062344,1531228062340,1625133,0.00001057,103.00000000,0
1531228154278,1531228154274,1625134,0.00001055,640.00000000,1
1531228333387,1531228333383,1625135,0.00001057,2970.00000000,0
1531228603007,1531228603003,1625136,0.00001062,331.00000000,0
1531228617894,1531228617890,1625137,0.00001059,32.00000000,1
1531228639661,1531228639659,1625138,0.00001059,195.00000000,1
1531228672944,1531228672938,1625139,0.00001063,351.00000000,0
1531228696860,1531228696856,1625140,0.00001063,10594.00000000,0
1531228696861,1531228696856,1625141,0.00001064,46651.00000000,0
1531228790539,1531228790534,1625142,0.00001064,1977.00000000,1
1531228796357,1531228796354,1625143,0.00001067,1091.00000000,0
1531228796358,1531228796354,1625144,0.00001070,52230.00000000,0
1531228798556,1531228798550,1625145,0.00001067,1977.00000000,0
1531228811565,1531228811560,1625146,0.00001067,399.00000000,0
1531228851737,1531228851731,1625147,0.00001068,6221.00000000,0
1531228851737,1531228851731,1625148,0.00001070,20317.00000000,0
1531228878565,1531228878561,1625149,0.00001068,5.00000000,0
1531228880419,1531228880414,1625150,0.00001065,828.00000000,0
1531228906376,1531228906371,1625151,0.00001065,629.00000000,1
1531228908050,1531228908044,1625152,0.00001065,1999.00000000,1
1531228909721,1531228909699,1625153,0.00001065,998.00000000,1
1531228910500,1531228910495,1625154,0.00001063,998.00000000,0
1531228928532,1531228928528,1625155,0.00001066,629.00000000,0
1531229055659,1531229055655,1625156,0.00001063,50.00000000,1
1531229107290,1531229107286,1625157,0.00001066,120.00000000,0
1531229117771,1531229117767,1625158,0.00001063,8.00000000,1
1531229123714,1531229123708,1625159,0.00001066,178.00000000,0
1531229243810,1531229243806,1625160,0.00001068,1318.00000000,0
1531229243810,1531229243806,1625161,0.00001070,802.00000000,0
1531229453218,1531229453213,1625162,0.00001070,13637.00000000,0
1531229453290,1531229453286,1625163,0.00001070,959.00000000,1
1531229453511,1531229453507,1625164,0.00001072,10333.00000000,0
1531229453703,1531229453698,1625165,0.00001070,5525.00000000,1
1531229454744,1531229454739,1625166,0.00001070,8371.00000000,1
1531229454830,1531229454827,1625167,0.00001073,518.00000000,0
1531229456211,1531229456206,1625168,0.00001070,897.00000000,1
1531229456490,1531229456484,1625169,0.00001073,95.00000000,0
1531229471219,1531229471214,1625170,0.00001074,282.00000000,0
1531229473302,1531229473298,1625171,0.00001070,4221.00000000,1
1531229482367,1531229482363,1625172,0.00001072,7172.00000000,0
1531229482393,1531229482389,1625173,0.00001072,97.00000000,1
1531229484351,1531229484345,1625174,0.00001067,360.00000000,1
1531229491491,1531229491487,1625175,0.00001071,360.00000000,0
1531229495221,1531229495217,1625176,0.00001072,1718.00000000,0
1531229549111,1531229549106,1625177,0.00001067,588.00000000,1
1531229620249,1531229620245,1625178,0.00001066,1034.00000000,1
1531229647408,1531229647404,1625179,0.00001071,1622.00000000,0
1531229647408,1531229647404,1625180,0.00001072,5378.00000000,0
1531229667636,1531229667632,1625181,0.00001067,633.00000000,1
1531229667671,1531229667667,1625182,0.00001066,94.00000000,1
1531229667671,1531229667667,1625183,0.00001063,539.00000000,1
1531229686297,1531229686293,1625184,0.00001063,386.00000000,1
1531229721955,1531229721951,1625185,0.00001071,1.00000000,0
1531229908295,1531229908292,1625186,0.00001065,374.00000000,1
1531229951911,1531229951906,1625187,0.00001071,32.00000000,0
1531229982435,1531229982432,1625188,0.00001065,1.00000000,1
1531230091685,1531230091679,1625189,0.00001071,986.00000000,0
1531230116545,1531230116543,1625190,0.00001072,1392.00000000,0
1531230121993,1531230121988,1625191,0.00001068,395.00000000,1
1531230133225,1531230133219,1625192,0.00001073,264.00000000,0
1531230176026,1531230176020,1625193,0.00001068,1767.00000000,1
1531230275036,1531230275031,1625194,0.00001067,12672.00000000,1
1531230275036,1531230275031,1625195,0.00001066,36929.00000000,1
1531230321918,1531230321914,1625196,0.00001073,131.00000000,0
1531230354040,1531230354036,1625197,0.00001073,8.00000000,1
1531230408132,1531230408127,1625198,0.00001070,640.00000000,1
1531230618308,1531230618306,1625199,0.00001070,108.00000000,1
1531230618353,1531230618349,1625200,0.00001065,108.00000000,1
1531230723060,1531230723055,1625201,0.00001066,1130.00000000,1
1531230723403,1531230723398,1625202,0.00001066,554.00000000,1
1531230747190,1531230747186,1625203,0.00001066,5546.00000000,1
1531230747819,1531230747814,1625204,0.00001066,584.00000000,1
1531230762786,1531230762782,1625205,0.00001066,899.00000000,1
1531230788181,1531230788173,1625206,0.00001071,603.00000000,0
1531230789309,1531230789304,1625207,0.00001071,102.00000000,0
1531230828933,1531230828928,1625208,0.00001071,1519.00000000,0
1531230828933,1531230828928,1625209,0.00001072,7000.00000000,0
1531230828933,1531230828928,1625210,0.00001073,1081.00000000,0
1531230900813,1531230900807,1625211,0.00001072,31.00000000,0
1531230917449,1531230917445,1625212,0.00001069,114.00000000,1
1531230918186,1531230918183,1625213,0.00001072,173.00000000,0
1531230918809,1531230918803,1625214,0.00001072,347.00000000,0
1531230970867,1531230970863,1625215,0.00001072,266.00000000,0
1531230970867,1531230970863,1625216,0.00001073,2399.00000000,0
1531230983049,1531230983045,1625217,0.00001073,18388.00000000,0
1531230983063,1531230983056,1625218,0.00001073,4138.00000000,1
1531230983078,1531230983074,1625219,0.00001069,101.00000000,1
1531230983078,1531230983074,1625220,0.00001068,705.00000000,1
1531230983078,1531230983074,1625221,0.00001066,576.00000000,1
1531230983078,1531230983074,1625222,0.00001065,2756.00000000,1
1531231035261,1531231035256,1625223,0.00001068,135.00000000,1
1531231043329,1531231043325,1625224,0.00001073,135.00000000,0
1531231046021,1531231046016,1625225,0.00001074,468.00000000,0
1531231049385,1531231049380,1625226,0.00001075,2.00000000,0
1531231100224,1531231100218,1625227,0.00001070,805.00000000,1
1531231105350,1531231105347,1625228,0.00001069,2.00000000,1
1531231107268,1531231107264,1625229,0.00001069,2.00000000,1
1531231108311,1531231108308,1625230,0.00001070,643.00000000,1
1531231187208,1531231187205,1625231,0.00001069,101.00000000,1
1531231187704,1531231187700,1625232,0.00001068,5535.00000000,1
1531231209208,1531231209201,1625233,0.00001069,5532.00000000,1
1531231209573,1531231209569,1625234,0.00001069,6427.00000000,1
1531231210188,1531231210183,1625235,0.00001069,3712.00000000,1
1531231228057,1531231228052,1625236,0.00001070,101.00000000,1
1531231228355,1531231228350,1625237,0.00001070,17281.00000000,0
1531231273916,1531231273912,1625238,0.00001069,161.00000000,1
1531231277337,1531231277332,1625239,0.00001068,643.00000000,1
1531231277552,1531231277548,1625240,0.00001069,101.00000000,0
1531231279179,1531231279175,1625241,0.00001069,101.00000000,0
1531231279523,1531231279519,1625242,0.00001069,2000.00000000,0
1531231280424,1531231280420,1625243,0.00001069,2000.00000000,0
1531231282399,1531231282394,1625244,0.00001069,2000.00000000,0
1531231283427,1531231283425,1625245,0.00001068,1079.00000000,1
1531231283995,1531231283993,1625246,0.00001069,1931.00000000,0
1531231291411,1531231291407,1625247,0.00001069,5348.00000000,0
1531231292640,1531231292634,1625248,0.00001071,703.00000000,0
1531231340175,1531231340171,1625249,0.00001070,101.00000000,1
1531231343537,1531231343534,1625250,0.00001073,749.00000000,0
1531231343537,1531231343534,1625251,0.00001074,701.00000000,0
1531231343561,1531231343558,1625252,0.00001074,189.00000000,1
1531231343594,1531231343590,1625253,0.00001074,457.00000000,1
1531231356227,1531231356222,1625254,0.00001075,1753.00000000,0
1531231356572,1531231356566,1625255,0.00001076,188.00000000,0
1531231375367,1531231375362,1625256,0.00001074,1658.00000000,1
1531231380146,1531231380141,1625257,0.00001074,8.00000000,1
1531231444214,1531231444210,1625258,0.00001074,1468.00000000,1
1531231459080,1531231459075,1625259,0.00001074,29.00000000,0
1531231499175,1531231499169,1625260,0.00001071,703.00000000,1
1531231499175,1531231499169,1625261,0.00001070,94.00000000,1
1531231499175,1531231499169,1625262,0.00001069,962.00000000,1
1531231499175,1531231499169,1625263,0.00001068,4326.00000000,1
1531231499175,1531231499169,1625264,0.00001066,112.00000000,1
1531231499175,1531231499169,1625265,0.00001065,7967.00000000,1
1531231499175,1531231499169,1625266,0.00001063,1818.00000000,1
1531231499175,1531231499169,1625267,0.00001062,891.00000000,1
1531231501225,1531231501220,1625268,0.00001068,173.00000000,0
1531231502210,1531231502206,1625269,0.00001067,351.00000000,0
1531231502478,1531231502475,1625270,0.00001067,325.00000000,0
1531231505238,1531231505232,1625271,0.00001067,27.00000000,0
1531231505238,1531231505232,1625272,0.00001068,6.00000000,0
1531231505238,1531231505232,1625273,0.00001069,168.00000000,0
1531231505238,1531231505232,1625274,0.00001071,92.00000000,0
1531231514786,1531231514781,1625275,0.00001070,200.00000000,0
1531231515487,1531231515482,1625276,0.00001070,200.00000000,0
1531231557269,1531231557263,1625277,0.00001064,708.00000000,1
1531231557269,1531231557263,1625278,0.00001062,1900.00000000,1
1531231557269,1531231557263,1625279,0.00001060,18209.00000000,1
1531231557284,1531231557279,1625280,0.00001060,4406.00000000,0
1531231557300,1531231557295,1625281,0.00001060,566.00000000,0
1531231557344,1531231557339,1625282,0.00001060,2019.00000000,0
1531231557494,1531231557488,1625283,0.00001060,2500.00000000,0
1531231557859,1531231557855,1625284,0.00001060,3933.00000000,0
1531231557913,1531231557908,1625285,0.00001060,890.00000000,0
1531231558433,1531231558429,1625286,0.00001060,8073.00000000,0
1531231559882,1531231559877,1625287,0.00001060,248.00000000,0
1531231559890,1531231559886,1625288,0.00001060,371.00000000,0
1531231559953,1531231559949,1625289,0.00001060,2000.00000000,0
1531231560432,1531231560427,1625290,0.00001060,2000.00000000,0
1531231560909,1531231560906,1625291,0.00001060,654.00000000,0
1531231561333,1531231561329,1625292,0.00001060,200.00000000,0
1531231561910,1531231561886,1625293,0.00001060,16077.00000000,0
1531231561915,1531231561910,1625294,0.00001060,433.00000000,0
1531231561976,1531231561972,1625295,0.00001060,1271.00000000,0
1531231575710,1531231575705,1625296,0.00001062,708.00000000,0
1531231596736,1531231596731,1625297,0.00001063,704.00000000,1
1531231596908,1531231596904,1625298,0.00001068,102.00000000,0
1531231600310,1531231600306,1625299,0.00001064,287.00000000,1
1531231620581,1531231620577,1625300,0.00001067,101.00000000,0
1531231686812,1531231686807,1625301,0.00001067,186.00000000,0
1531231686812,1531231686807,1625302,0.00001068,20.00000000,0
1531231686812,1531231686807,1625303,0.00001069,17093.00000000,0
1531231692196,1531231692192,1625304,0.00001070,505.00000000,0
1531231742225,1531231742220,1625305,0.00001070,102.00000000,0
1531231764370,1531231764365,1625306,0.00001070,100.00000000,0
1531231814317,1531231814311,1625307,0.00001070,102.00000000,0
1531232002330,1531232002326,1625308,0.00001070,2482.00000000,0
1531232002744,1531232002739,1625309,0.00001071,6596.00000000,0
1531232082235,1531232082230,1625310,0.00001071,830.00000000,0
1531232157469,1531232157464,1625311,0.00001071,137.00000000,0
1531232185432,1531232185425,1625312,0.00001072,190.00000000,0
1531232296055,1531232296050,1625313,0.00001069,204.00000000,1
1531232296062,1531232296058,1625314,0.00001068,192.00000000,1
1531232296100,1531232296095,1625315,0.00001068,513.00000000,1
1531232415385,1531232415382,1625316,0.00001069,704.00000000,0
1531232439382,1531232439378,1625317,0.00001072,2436.00000000,0
1531232439402,1531232439398,1625318,0.00001072,204.00000000,1
1531232439404,1531232439399,1625319,0.00001072,249.00000000,1
1531232439406,1531232439402,1625320,0.00001072,249.00000000,1
1531232439407,1531232439403,1625321,0.00001072,249.00000000,1
1531232439410,1531232439406,1625322,0.00001072,249.00000000,1
1531232439430,1531232439427,1625323,0.00001072,249.00000000,1
1531232439859,1531232439854,1625324,0.00001072,774.00000000,1
1531232440413,1531232440408,1625325,0.00001072,1770.00000000,1
1531232441125,1531232441121,1625326,0.00001073,2083.00000000,0
1531232474059,1531232474055,1625327,0.00001072,140.00000000,1
1531232563413,1531232563408,1625328,0.00001073,188.00000000,1
1531232564092,1531232564087,1625329,0.00001073,188.00000000,1
1531232615017,1531232615009,1625330,0.00001072,1.00000000,1
1531232621926,1531232621922,1625331,0.00001072,95.00000000,1
1531232634511,1531232634507,1625332,0.00001076,376.00000000,0
1531232634537,1531232634536,1625333,0.00001076,959.00000000,1
1531232634983,1531232634979,1625334,0.00001076,802.00000000,1
1531232648542,1531232648538,1625335,0.00001072,466.00000000,1
1531232649839,1531232649835,1625336,0.00001072,1034.00000000,0
1531232701405,1531232701400,1625337,0.00001071,138.00000000,1
1531232715323,1531232715321,1625338,0.00001071,28.00000000,1
1531232802702,1531232802698,1625339,0.00001071,537.00000000,1
1531233011112,1531233011108,1625340,0.00001071,2029.00000000,0
1531233034160,1531233034156,1625341,0.00001071,6929.00000000,0
1531233034225,1531233034223,1625342,0.00001071,2801.00000000,0
1531233055934,1531233055929,1625343,0.00001067,13.00000000,1
1531233295343,1531233295338,1625344,0.00001067,8.00000000,1
1531233344432,1531233344428,1625345,0.00001067,3.00000000,1
1531233619144,1531233619140,1625346,0.00001067,4395.00000000,1
1531233619682,1531233619679,1625347,0.00001067,409.00000000,0
1531233619928,1531233619925,1625348,0.00001066,742.00000000,1
1531233621924,1531233621919,1625349,0.00001064,708.00000000,1
1531233631724,1531233631720,1625350,0.00001062,2.00000000,1
1531233636924,1531233636924,1625351,0.00001063,668.00000000,1
1531233639016,1531233639013,1625352,0.00001062,1212.00000000,1
1531233673934,1531233673926,1625353,0.00001060,515.00000000,1
1531233676933,1531233676928,1625354,0.00001059,993.00000000,1
1531233698906,1531233698902,1625355,0.00001058,4.00000000,1
1531233731286,1531233731285,1625356,0.00001062,668.00000000,0
1531233734916,1531233734912,1625357,0.00001063,240.00000000,0
1531233914786,1531233914783,1625358,0.00001063,140.00000000,0
1531234132978,1531234132976,1625359,0.00001063,13796.00000000,1
1531234258067,1531234258063,1625360,0.00001062,12294.00000000,0
1531234262576,1531234262573,1625361,0.00001062,579.00000000,0
1531234302573,1531234302569,1625362,0.00001062,5417.00000000,0
1531234335895,1531234335893,1625363,0.00001062,470.00000000,0
1531234476643,1531234476639,1625364,0.00001059,1843.00000000,1
1531234476643,1531234476639,1625365,0.00001058,1231.00000000,1
1531234476643,1531234476639,1625366,0.00001057,5327.00000000,1
1531234516719,1531234516715,1625367,0.00001058,275.00000000,1
1531234516719,1531234516715,1625368,0.00001057,841.00000000,1
1531234559528,1531234559525,1625369,0.00001058,272.00000000,1
1531234561702,1531234561700,1625370,0.00001062,709.00000000,0
1531234571029,1531234571026,1625371,0.00001064,648.00000000,0
1531234690913,1531234690909,1625372,0.00001064,3.00000000,0
1531234802222,1531234802219,1625373,0.00001063,2120.00000000,0
1531234829563,1531234829565,1625374,0.00001063,218.00000000,1
1531234835515,1531234835512,1625375,0.00001061,2112.00000000,1
1531234851227,1531234851224,1625376,0.00001062,2112.00000000,0
1531234852240,1531234852241,1625377,0.00001063,6929.00000000,0
1531234998730,1531234998728,1625378,0.00001064,16.00000000,0
1531235131059,1531235131057,1625379,0.00001064,41.00000000,0
1531235132233,1531235132231,1625380,0.00001065,476.00000000,0
1531235137682,1531235137679,1625381,0.00001064,306.00000000,1
1531235186862,1531235186859,1625382,0.00001066,610.00000000,1
1531235186862,1531235186859,1625383,0.00001064,1767.00000000,1
1531235186862,1531235186859,1625384,0.00001063,28777.00000000,1
1531235186862,1531235186859,1625385,0.00001062,482.00000000,1
1531235186862,1531235186859,1625386,0.00001061,839.00000000,1
1531235186874,1531235186872,1625387,0.00001061,7309.00000000,0
1531235186887,1531235186886,1625388,0.00001061,3724.00000000,0
1531235186904,1531235186902,1625389,0.00001061,7310.00000000,0
1531235186914,1531235186912,1625390,0.00001061,3724.00000000,0
1531235186943,1531235186941,1625391,0.00001060,1905.00000000,1
1531235193536,1531235193535,1625392,0.00001061,102.00000000,0
1531235193873,1531235193872,1625393,0.00001060,610.00000000,1
1531235244617,1531235244619,1625394,0.00001060,98.00000000,1
1531235272913,1531235272911,1625395,0.00001060,4626.00000000,1
1531235298240,1531235298238,1625396,0.00001060,2275.00000000,0
1531235723295,1531235723293,1625397,0.00001060,210.00000000,1
1531235724102,1531235724100,1625398,0.00001060,1904.00000000,0
1531235747443,1531235747443,1625399,0.00001060,351.00000000,1
1531235753308,1531235753306,1625400,0.00001058,1065.00000000,1
1531235757102,1531235757103,1625401,0.00001058,2659.00000000,0
1531235759122,1531235759122,1625402,0.00001058,1053.00000000,0
1531235787247,1531235787246,1625403,0.00001056,2208.00000000,1
1531235787247,1531235787246,1625404,0.00001055,7714.00000000,1
1531235787247,1531235787246,1625405,0.00001054,32486.00000000,1
1531235791663,1531235791662,1625406,0.00001055,672.00000000,1
1531235791663,1531235791662,1625407,0.00001054,14656.00000000,1
1531235791663,1531235791662,1625408,0.00001052,9167.00000000,1
1531235791663,1531235791662,1625409,0.00001050,39117.00000000,1
1531235796462,1531235796461,1625410,0.00001053,715.00000000,1
1531235796462,1531235796461,1625411,0.00001050,31091.00000000,1
1531235797069,1531235797068,1625412,0.00001057,672.00000000,0
1531235798207,1531235798204,1625413,0.00001052,140.00000000,1
1531235799374,1531235799374,1625414,0.00001053,675.00000000,1
1531235799375,1531235799374,1625415,0.00001051,1790.00000000,1
1531235799375,1531235799374,1625416,0.00001050,29342.00000000,1
1531235800306,1531235800306,1625417,0.00001056,711.00000000,0
1531235801070,1531235801068,1625418,0.00001056,2.00000000,0
1531235801070,1531235801068,1625419,0.00001057,675.00000000,0
1531235820432,1531235820430,1625420,0.00001053,677.00000000,1
1531235820432,1531235820430,1625421,0.00001050,5023.00000000,1
1531235988281,1531235988280,1625422,0.00001054,809.00000000,1
1531236005197,1531236005195,1625423,0.00001054,13907.00000000,1
1531236005197,1531236005195,1625424,0.00001053,24758.00000000,1
1531236005197,1531236005195,1625425,0.00001052,285.00000000,1
1531236005197,1531236005195,1625426,0.00001050,12235.00000000,1
1531236005197,1531236005195,1625427,0.00001049,21924.00000000,1
1531236005212,1531236005212,1625428,0.00001049,7206.00000000,0
1531236005227,1531236005230,1625429,0.00001049,7208.00000000,0
1531236005235,1531236005235,1625430,0.00001049,1008.00000000,0
1531236005247,1531236005245,1625431,0.00001049,1008.00000000,0
1531236005248,1531236005247,1625432,0.00001049,588.00000000,0
1531236005251,1531236005252,1625433,0.00001049,1008.00000000,0
1531236005253,1531236005252,1625434,0.00001049,13903.00000000,0
1531236005267,1531236005267,1625435,0.00001049,1008.00000000,0
1531236005417,1531236005415,1625436,0.00001049,190.00000000,0
1531236006229,1531236006228,1625437,0.00001049,1438.00000000,0
1531236007548,1531236007548,1625438,0.00001048,1142.00000000,0
1531236007684,1531236007683,1625439,0.00001048,375.00000000,0
1531236007694,1531236007692,1625440,0.00001048,592.00000000,0
1531236007801,1531236007800,1625441,0.00001049,238.00000000,0
1531236007906,1531236007904,1625442,0.00001048,677.00000000,0
1531236008977,1531236008976,1625443,0.00001049,19367.00000000,0
1531236009401,1531236009396,1625444,0.00001047,640.00000000,1
1531236009401,1531236009396,1625445,0.00001046,4985.00000000,1
1531236009401,1531236009396,1625446,0.00001045,6509.00000000,1
1531236016131,1531236016132,1625447,0.00001048,385.00000000,0
1531236018569,1531236018569,1625448,0.00001046,680.00000000,0
1531236021550,1531236021550,1625449,0.00001045,159.00000000,1
1531236029125,1531236029126,1625450,0.00001048,3029.00000000,0
1531236034237,1531236034238,1625451,0.00001048,7890.00000000,0
1531236034376,1531236034377,1625452,0.00001048,1809.00000000,1
1531236052335,1531236052334,1625453,0.00001045,967.00000000,1
1531236053081,1531236053081,1625454,0.00001045,99.00000000,1
1531236066177,1531236066177,1625455,0.00001046,383.00000000,0
1531236069322,1531236069321,1625456,0.00001047,190.00000000,0
1531236086997,1531236086991,1625457,0.00001050,7208.00000000,0
1531236086997,1531236086991,1625458,0.00001051,9195.00000000,0
1531236087015,1531236087015,1625459,0.00001051,768.00000000,1
1531236087803,1531236087802,1625460,0.00001051,47.00000000,1
1531236147655,1531236147655,1625461,0.00001051,3330.00000000,1
1531236157668,1531236157668,1625462,0.00001051,951.00000000,0
1531236171688,1531236171687,1625463,0.00001054,640.00000000,0
1531236171688,1531236171687,1625464,0.00001056,740.00000000,0
1531236190102,1531236190103,1625465,0.00001055,12.00000000,0
1531236191593,1531236191592,1625466,0.00001055,297.00000000,0
1531236205614,1531236205613,1625467,0.00001055,288.00000000,0
1531236242892,1531236242892,1625468,0.00001051,18300.00000000,1
1531236245497,1531236245496,1625469,0.00001051,12956.00000000,0
1531236248576,1531236248575,1625470,0.00001051,13706.00000000,0
1531236313305,1531236313304,1625471,0.00001052,190.00000000,1
1531236329775,1531236329774,1625472,0.00001052,1467.00000000,1
1531236339730,1531236339730,1625473,0.00001052,5.00000000,0
1531236364987,1531236364988,1625474,0.00001051,354.00000000,1
1531236384677,1531236384678,1625475,0.00001050,21.00000000,1
1531236399705,1531236399705,1625476,0.00001050,648.00000000,1
1531236455226,1531236455226,1625477,0.00001051,117.00000000,0
1531236459078,1531236459078,1625478,0.00001051,283.00000000,0
1531236476503,1531236476503,1625479,0.00001051,12.00000000,1
1531236489912,1531236489912,1625480,0.00001052,55.00000000,0
1531236489912,1531236489912,1625481,0.00001053,715.00000000,0
1531236489912,1531236489912,1625482,0.00001056,18686.00000000,0
1531236498734,1531236498735,1625483,0.00001056,4006.00000000,0
1531236511070,1531236511072,1625484,0.00001056,818.00000000,0
1531236604211,1531236604212,1625485,0.00001055,803.00000000,0
1531236604211,1531236604212,1625486,0.00001056,2683.00000000,0
1531236654109,1531236654108,1625487,0.00001052,200.00000000,1
1531236655149,1531236655150,1625488,0.00001052,403.00000000,1
1531236656232,1531236656231,1625489,0.00001052,667.00000000,1
1531236657772,1531236657772,1625490,0.00001052,500.00000000,1
1531236658873,1531236658876,1625491,0.00001052,341.00000000,1
1531236660077,1531236660076,1625492,0.00001052,233.00000000,1
1531236661564,1531236661563,1625493,0.00001052,228.00000000,1
1531236747450,1531236747449,1625494,0.00001052,180.00000000,1
1531236749267,1531236749266,1625495,0.00001052,99.00000000,1
1531236749267,1531236749266,1625496,0.00001051,716.00000000,1
1531236749267,1531236749266,1625497,0.00001050,402.00000000,1
1531236749448,1531236749448,1625498,0.00001050,390.00000000,1
1531236751058,1531236751059,1625499,0.00001050,576.00000000,1
1531236757038,1531236757038,1625500,0.00001049,480.00000000,1
1531236758180,1531236758183,1625501,0.00001047,497.00000000,1
1531236759221,1531236759220,1625502,0.00001047,258.00000000,1
1531236759890,1531236759886,1625503,0.00001047,68.00000000,1
1531236759890,1531236759886,1625504,0.00001046,132.00000000,1
1531236760949,1531236760952,1625505,0.00001046,200.00000000,1
1531236761505,1531236761504,1625506,0.00001050,245.00000000,0
1531236762501,1531236762501,1625507,0.00001049,658.00000000,0
1531236762868,1531236762868,1625508,0.00001049,571.00000000,0
1531236765450,1531236765451,1625509,0.00001048,378.00000000,1
1531236766331,1531236766331,1625510,0.00001047,1325.00000000,1
1531236768793,1531236768793,1625511,0.00001047,40.00000000,1
1531236768793,1531236768793,1625512,0.00001046,146.00000000,1
1531236768793,1531236768793,1625513,0.00001045,210.00000000,1
1531236768793,1531236768793,1625514,0.00001044,204.00000000,1
1531236770151,1531236770150,1625515,0.00001044,495.00000000,1
1531236770981,1531236770981,1625516,0.00001043,287.00000000,1
1531236772375,1531236772375,1625517,0.00001047,356.00000000,0
1531236776422,1531236776424,1625518,0.00001043,1337.00000000,1
1531236777037,1531236777038,1625519,0.00001043,1552.00000000,1
1531236831989,1531236831989,1625520,0.00001043,1866.00000000,1
1531236832005,1531236832004,1625521,0.00001043,3124.00000000,0
1531236832011,1531236832011,1625522,0.00001043,3124.00000000,0
1531236832292,1531236832291,1625523,0.00001043,444.00000000,0
1531236840280,1531236840281,1625524,0.00001043,680.00000000,0
1531236840338,1531236840338,1625525,0.00001042,428.00000000,1
1531236841238,1531236841239,1625526,0.00001043,692.00000000,1
1531236842090,1531236842091,1625527,0.00001042,692.00000000,1
1531236842287,1531236842286,1625528,0.00001043,277.00000000,0
1531236852825,1531236852825,1625529,0.00001042,77.00000000,1
1531236903128,1531236903126,1625530,0.00001046,720.00000000,0
1531236930297,1531236930296,1625531,0.00001048,812.00000000,0
1531236937296,1531236937297,1625532,0.00001048,97.00000000,0
1531236946251,1531236946250,1625533,0.00001049,96.00000000,0
1531236946664,1531236946664,1625534,0.00001050,37.00000000,0
1531236954108,1531236954108,1625535,0.00001050,6.00000000,0
1531236954108,1531236954108,1625536,0.00001051,96.00000000,0
1531236954392,1531236954393,1625537,0.00001051,16429.00000000,1
1531236954777,1531236954778,1625538,0.00001047,583.00000000,1
1531236955182,1531236955183,1625539,0.00001046,4755.00000000,1
1531236959363,1531236959364,1625540,0.00001047,649.00000000,1
1531236959825,1531236959826,1625541,0.00001046,130.00000000,1
1531236960431,1531236960430,1625542,0.00001045,898.00000000,1
1531237000217,1531237000216,1625543,0.00001046,130.00000000,0
1531237008478,1531237008478,1625544,0.00001051,42.00000000,0
1531237026124,1531237026124,1625545,0.00001046,470.00000000,1
1531237046649,1531237046647,1625546,0.00001046,4641.00000000,1
1531237070292,1531237070292,1625547,0.00001046,379.00000000,0
1531237070292,1531237070292,1625548,0.00001051,577.00000000,0
1531237080822,1531237080823,1625549,0.00001051,2212.00000000,0
1531237085569,1531237085570,1625550,0.00001043,200.00000000,1
1531237086521,1531237086521,1625551,0.00001042,200.00000000,1
1531237120353,1531237120353,1625552,0.00001042,30.00000000,1
1531237120353,1531237120353,1625553,0.00001041,4479.00000000,1
1531237173502,1531237173502,1625554,0.00001044,8.00000000,0
1531237189327,1531237189325,1625555,0.00001043,200.00000000,0
1531237197945,1531237197944,1625556,0.00001042,297.00000000,1
1531237197945,1531237197944,1625557,0.00001041,215.00000000,1
1531237198636,1531237198636,1625558,0.00001044,1812.00000000,0
1531237198968,1531237198967,1625559,0.00001041,265.00000000,1
1531237199936,1531237199936,1625560,0.00001041,200.00000000,1
1531237201899,1531237201899,1625561,0.00001043,235.00000000,0
1531237204335,1531237204335,1625562,0.00001041,177.00000000,1
1531237204876,1531237204877,1625563,0.00001041,178.00000000,1
1531237204876,1531237204877,1625564,0.00001040,1141.00000000,1
1531237204877,1531237204877,1625565,0.00001040,5546.00000000,1
1531237205201,1531237205202,1625566,0.00001040,1334.00000000,1
1531237206080,1531237206080,1625567,0.00001040,292.00000000,1
1531237206158,1531237206159,1625568,0.00001040,584.00000000,1
1531237207697,1531237207694,1625569,0.00001040,747.00000000,1
1531237208258,1531237208261,1625570,0.00001040,1200.00000000,1
1531237209009,1531237209001,1625571,0.00001040,1936.00000000,1
1531237209910,1531237209910,1625572,0.00001040,1601.00000000,1
1531237211377,1531237211377,1625573,0.00001040,123.00000000,1
1531237261967,1531237261965,1625574,0.00001045,8.00000000,0
1531237274262,1531237274260,1625575,0.00001045,113.00000000,0
1531237295203,1531237295201,1625576,0.00001045,288.00000000,0
1531237371406,1531237371404,1625577,0.00001042,170.00000000,1
1531237381174,1531237381174,1625578,0.00001042,430.00000000,1
1531237389623,1531237389622,1625579,0.00001041,467.00000000,1
1531237395081,1531237395079,1625580,0.00001041,880.00000000,0
1531237395164,1531237395163,1625581,0.00001041,10748.00000000,0
1531237480520,1531237480520,1625582,0.00001041,179.00000000,0
1531237545511,1531237545512,1625583,0.00001046,9.00000000,0
1531237579957,1531237579958,1625584,0.00001041,120.00000000,1
1531237715286,1531237715283,1625585,0.00001042,200.00000000,1
1531237717022,1531237717021,1625586,0.00001042,200.00000000,1
1531237717137,1531237717139,1625587,0.00001042,517.00000000,1
1531237717178,1531237717175,1625588,0.00001042,258.00000000,1
1531237721061,1531237721060,1625589,0.00001042,258.00000000,1
1531237721238,1531237721239,1625590,0.00001042,517.00000000,1
1531237722300,1531237722299,1625591,0.00001042,353.00000000,1
1531237726187,1531237726187,1625592,0.00001042,258.00000000,1
1531237727013,1531237727012,1625593,0.00001042,517.00000000,1
1531237727345,1531237727347,1625594,0.00001042,258.00000000,1
1531237737050,1531237737051,1625595,0.00001046,113.00000000,0
1531237817693,1531237817694,1625596,0.00001046,235.00000000,0
1531237907915,1531237907913,1625597,0.00001046,1529.00000000,0
1531238050651,1531238050651,1625598,0.00001047,156.00000000,0
1531238116158,1531238116157,1625599,0.00001047,288.00000000,0
1531238132618,1531238132618,1625600,0.00001047,480.00000000,0
1531238132618,1531238132618,1625601,0.00001048,156.00000000,0
1531238142363,1531238142361,1625602,0.00001049,156.00000000,0
1531238142363,1531238142361,1625603,0.00001050,156.00000000,0
1531238149576,1531238149573,1625604,0.00001051,5284.00000000,0
1531238149576,1531238149573,1625605,0.00001052,11555.00000000,0
1531238157493,1531238157490,1625606,0.00001052,5037.00000000,0
1531238176511,1531238176510,1625607,0.00001052,354.00000000,0
1531238245594,1531238245593,1625608,0.00001054,550.00000000,0
1531238290256,1531238290253,1625609,0.00001054,250.00000000,0
1531238295164,1531238295162,1625610,0.00001054,364.00000000,0
1531238344553,1531238344551,1625611,0.00001050,161.00000000,1
1531238361773,1531238361773,1625612,0.00001050,409.00000000,1
1531238361773,1531238361773,1625613,0.00001049,8.00000000,1
1531238379868,1531238379867,1625614,0.00001049,364.00000000,1
1531238388804,1531238388803,1625615,0.00001053,10.00000000,0
1531238450054,1531238450053,1625616,0.00001053,838.00000000,0
1531238478453,1531238478451,1625617,0.00001053,149.00000000,0
1531238627810,1531238627807,1625618,0.00001053,33.00000000,0
1531238628946,1531238628945,1625619,0.00001053,163.00000000,0
1531238812000,1531238811998,1625620,0.00001049,269.00000000,1
1531238834804,1531238834803,1625621,0.00001053,182.00000000,0
1531238883292,1531238883289,1625622,0.00001053,1375.00000000,0
1531238883292,1531238883289,1625623,0.00001054,1472.00000000,0
1531238883292,1531238883289,1625624,0.00001055,5332.00000000,0
1531238883292,1531238883289,1625625,0.00001056,25443.00000000,0
1531238885698,1531238885695,1625626,0.00001052,427.00000000,0
1531238912246,1531238912244,1625627,0.00001056,7168.00000000,0
1531238912682,1531238912681,1625628,0.00001056,399.00000000,0
1531238934869,1531238934864,1625629,0.00001056,194.00000000,0
1531238980450,1531238980447,1625630,0.00001052,105.00000000,1
1531239085330,1531239085328,1625631,0.00001056,35270.00000000,0
1531239085789,1531239085785,1625632,0.00001057,909.00000000,0
1531239086283,1531239086281,1625633,0.00001056,224.00000000,1
1531239087389,1531239087385,1625634,0.00001056,543.00000000,1
1531239087635,1531239087633,1625635,0.00001058,198.00000000,0
1531239091135,1531239091133,1625636,0.00001056,701.00000000,1
1531239091705,1531239091703,1625637,0.00001056,631.00000000,1
1531239109460,1531239109457,1625638,0.00001054,218.00000000,1
1531239109540,1531239109507,1625639,0.00001054,200.00000000,1
1531239123873,1531239123871,1625640,0.00001058,4762.00000000,0
1531239152285,1531239152282,1625641,0.00001058,2450.00000000,0
1531239219872,1531239219869,1625642,0.00001056,104.00000000,1
1531239222928,1531239222927,1625643,0.00001057,204.00000000,1
1531239223650,1531239223648,1625644,0.00001058,2487.00000000,0
1531239224661,1531239224658,1625645,0.00001057,200.00000000,1
1531239224928,1531239224923,1625646,0.00001057,200.00000000,1
1531239265346,1531239265340,1625647,0.00001059,1619.00000000,0
1531239265346,1531239265340,1625648,0.00001060,641.00000000,0
1531239447803,1531239447798,1625649,0.00001060,471.00000000,0
1531239484780,1531239484776,1625650,0.00001060,104.00000000,1
1531239484812,1531239484809,1625651,0.00001061,332.00000000,0
1531239522045,1531239522040,1625652,0.00001060,14139.00000000,1
1531239620074,1531239620072,1625653,0.00001056,209.00000000,1
1531239623915,1531239623911,1625654,0.00001060,473.00000000,0
1531239623963,1531239623956,1625655,0.00001060,963.00000000,0
1531239623991,1531239623985,1625656,0.00001060,554.00000000,0
1531239624100,1531239624095,1625657,0.00001060,470.00000000,0
1531239624142,1531239624139,1625658,0.00001060,291.00000000,0
1531239624216,1531239624211,1625659,0.00001060,699.00000000,0
1531239624242,1531239624239,1625660,0.00001060,1361.00000000,0
1531239624313,1531239624310,1625661,0.00001060,757.00000000,0
1531239650477,1531239650469,1625662,0.00001060,96.00000000,0
1531239651749,1531239651746,1625663,0.00001058,104.00000000,1
1531239802603,1531239802600,1625664,0.00001058,104.00000000,1
1531239821033,1531239821029,1625665,0.00001058,1225.00000000,1
1531239852296,1531239852291,1625666,0.00001059,1207.00000000,0
1531239901904,1531239901900,1625667,0.00001057,1673.00000000,1
1531239901904,1531239901900,1625668,0.00001056,1584.00000000,1
1531239901922,1531239901919,1625669,0.00001056,961.00000000,0
1531239901932,1531239901928,1625670,0.00001056,958.00000000,0
1531239914357,1531239914352,1625671,0.00001054,159.00000000,0
1531239915073,1531239915069,1625672,0.00001053,3.00000000,1
1531239920450,1531239920446,1625673,0.00001053,92.00000000,1
1531239920450,1531239920446,1625674,0.00001052,1886.00000000,1
1531239992225,1531239992221,1625675,0.00001052,10.00000000,1
1531240075760,1531240075755,1625676,0.00001053,793.00000000,0
1531240082906,1531240082902,1625677,0.00001052,9649.00000000,1
1531240085742,1531240085737,1625678,0.00001050,718.00000000,1
1531240088513,1531240088509,1625679,0.00001052,299.00000000,1
1531240091093,1531240091087,1625680,0.00001049,4884.00000000,1
1531240094241,1531240094237,1625681,0.00001050,194.00000000,1
1531240102219,1531240102213,1625682,0.00001048,1359.00000000,1
1531240102219,1531240102213,1625683,0.00001047,4766.00000000,1
1531240104401,1531240104395,1625684,0.00001046,5500.00000000,1
1531240107715,1531240107711,1625685,0.00001046,2184.00000000,1
1531240214458,1531240214455,1625686,0.00001053,313.00000000,0
1531240310420,1531240310416,1625687,0.00001053,403.00000000,0
1531240310671,1531240310665,1625688,0.00001053,1639.00000000,1
1531240338135,1531240338130,1625689,0.00001049,299.00000000,1
1531240338169,1531240338164,1625690,0.00001049,354.00000000,1
1531240338223,1531240338218,1625691,0.00001049,299.00000000,0
1531240338743,1531240338738,1625692,0.00001048,653.00000000,1
1531240340373,1531240340368,1625693,0.00001048,110.00000000,1
1531240340373,1531240340368,1625694,0.00001047,381.00000000,1
1531240340373,1531240340368,1625695,0.00001046,217.00000000,1
1531240354508,1531240354504,1625696,0.00001048,163.00000000,1
1531240461948,1531240461942,1625697,0.00001050,7.00000000,0
1531240489240,1531240489234,1625698,0.00001048,105.00000000,1
1531240510830,1531240510824,1625699,0.00001050,114.00000000,0
1531240517571,1531240517566,1625700,0.00001050,96.00000000,0
1531240517758,1531240517755,1625701,0.00001050,255.00000000,1
1531240568804,1531240568797,1625702,0.00001052,128.00000000,0
1531240624594,1531240624588,1625703,0.00001051,762.00000000,0
1531240632198,1531240632193,1625704,0.00001051,1.00000000,0
1531240632198,1531240632193,1625705,0.00001052,970.00000000,0
1531240632198,1531240632193,1625706,0.00001053,1365.00000000,0
1531240666109,1531240666105,1625707,0.00001050,105.00000000,1
1531240674242,1531240674238,1625708,0.00001054,588.00000000,0
1531240731679,1531240731674,1625709,0.00001054,1747.00000000,0
1531240742268,1531240742262,1625710,0.00001050,104.00000000,1
1531240867657,1531240867646,1625711,0.00001052,695.00000000,1
1531240888319,1531240888313,1625712,0.00001055,10.00000000,0
1531240958944,1531240958940,1625713,0.00001051,104.00000000,1
1531241006184,1531241006178,1625714,0.00001055,685.00000000,0
1531241006184,1531241006178,1625715,0.00001056,132.00000000,0
1531241006184,1531241006178,1625716,0.00001057,132.00000000,0
1531241006184,1531241006178,1625717,0.00001058,772.00000000,0
1531241006184,1531241006178,1625718,0.00001059,9578.00000000,0
1531241006184,1531241006178,1625719,0.00001060,4898.00000000,0
1531241006205,1531241006199,1625720,0.00001060,1620.00000000,1
1531241012822,1531241012817,1625721,0.00001054,1.00000000,1
1531241014455,1531241014451,1625722,0.00001054,1.00000000,1
1531241086415,1531241086411,1625723,0.00001059,298.00000000,0
1531241091281,1531241091276,1625724,0.00001060,2430.00000000,0
1531241109743,1531241109739,1625725,0.00001062,793.00000000,0
1531241112586,1531241112577,1625726,0.00001064,2184.00000000,0
1531241113983,1531241113978,1625727,0.00001058,104.00000000,1
1531241126034,1531241126029,1625728,0.00001061,104.00000000,0
1531241126034,1531241126029,1625729,0.00001062,1139.00000000,0
1531241130574,1531241130569,1625730,0.00001065,650.00000000,0
1531241130574,1531241130569,1625731,0.00001066,13642.00000000,0
1531241145346,1531241145340,1625732,0.00001059,103.00000000,1
1531241168441,1531241168433,1625733,0.00001058,713.00000000,1
1531241168441,1531241168433,1625734,0.00001056,2022.00000000,1
1531241168441,1531241168433,1625735,0.00001055,6528.00000000,1
1531241175763,1531241175757,1625736,0.00001055,1463.00000000,1
1531241175763,1531241175757,1625737,0.00001053,976.00000000,1
1531241214488,1531241214481,1625738,0.00001059,754.00000000,0
1531241278077,1531241278073,1625739,0.00001053,104.00000000,1
1531241292490,1531241292485,1625740,0.00001056,2046.00000000,0
1531241294518,1531241294513,1625741,0.00001056,3.00000000,0
1531241296675,1531241296669,1625742,0.00001057,757.00000000,0
1531241406628,1531241406623,1625743,0.00001056,103.00000000,0
1531241416644,1531241416639,1625744,0.00001055,399.00000000,1
1531241477644,1531241477639,1625745,0.00001056,105.00000000,1
1531241489807,1531241489802,1625746,0.00001057,1.00000000,0
1531241489834,1531241489828,1625747,0.00001059,644.00000000,0
1531241492491,1531241492486,1625748,0.00001056,31.00000000,1
1531241498729,1531241498721,1625749,0.00001053,101.00000000,1
1531241510475,1531241510469,1625750,0.00001056,170.00000000,0
1531241636881,1531241636876,1625751,0.00001054,104.00000000,1
1531241674238,1531241674233,1625752,0.00001056,312.00000000,1
1531241805728,1531241805724,1625753,0.00001051,104.00000000,1
1531241851494,1531241851490,1625754,0.00001056,112.00000000,0
1531241886325,1531241886320,1625755,0.00001053,161.00000000,1
1531241886349,1531241886343,1625756,0.00001053,164.00000000,0
1531241886369,1531241886365,1625757,0.00001053,417.00000000,0
1531241886370,1531241886365,1625758,0.00001053,164.00000000,0
1531241886923,1531241886918,1625759,0.00001053,164.00000000,0
1531241900866,1531241900861,1625760,0.00001053,949.00000000,0
1531241920192,1531241920188,1625761,0.00001053,2.00000000,0
1531241954746,1531241954739,1625762,0.00001053,250.00000000,0
1531241988387,1531241988379,1625763,0.00001053,250.00000000,0
1531242008970,1531242008966,1625764,0.00001053,250.00000000,0
1531242018583,1531242018576,1625765,0.00001053,366.00000000,0
1531242116592,1531242116587,1625766,0.00001053,11.00000000,1
1531242266489,1531242266485,1625767,0.00001053,139.00000000,1
1531242267043,1531242267038,1625768,0.00001053,95.00000000,0
1531242280966,1531242280964,1625769,0.00001050,200.00000000,1
1531242283903,1531242283899,1625770,0.00001050,200.00000000,1
1531242285119,1531242285114,1625771,0.00001050,100.00000000,1
1531242285119,1531242285114,1625772,0.00001049,100.00000000,1
1531242286390,1531242286386,1625773,0.00001049,200.00000000,1
1531242308706,1531242308704,1625774,0.00001053,3.00000000,0
1531242317648,1531242317642,1625775,0.00001053,197.00000000,0
1531242338217,1531242338212,1625776,0.00001053,6124.00000000,0
1531242542387,1531242542381,1625777,0.00001053,1727.00000000,1
1531242610463,1531242610458,1625778,0.00001053,280.00000000,1
1531242654606,1531242654599,1625779,0.00001055,164.00000000,0
1531242654606,1531242654599,1625780,0.00001056,614.00000000,0
1531242847556,1531242847549,1625781,0.00001056,53.00000000,0
1531242847556,1531242847549,1625782,0.00001058,713.00000000,0
1531242847556,1531242847549,1625783,0.00001059,640.00000000,0
1531242847556,1531242847549,1625784,0.00001060,13028.00000000,0
1531242847556,1531242847549,1625785,0.00001062,3936.00000000,0
1531242847556,1531242847549,1625786,0.00001063,12956.00000000,0
1531242852307,1531242852300,1625787,0.00001058,713.00000000,1
1531242926904,1531242926899,1625788,0.00001058,343.00000000,0
1531242926904,1531242926899,1625789,0.00001059,712.00000000,0
1531242926904,1531242926899,1625790,0.00001060,2000.00000000,0
1531242926923,1531242926918,1625791,0.00001060,1066.00000000,1
1531242982865,1531242982859,1625792,0.00001062,191.00000000,0
1531243030798,1531243030793,1625793,0.00001059,610.00000000,1
1531243126946,1531243126940,1625794,0.00001063,930.00000000,0
1531243173576,1531243173571,1625795,0.00001059,75.00000000,1
1531243175954,1531243175946,1625796,0.00001058,75.00000000,1
1531243212670,1531243212664,1625797,0.00001059,175.00000000,1
1531243276198,1531243276192,1625798,0.00001063,3.00000000,0
1531243438015,1531243438005,1625799,0.00001060,232.00000000,1
1531243515172,1531243515171,1625800,0.00001060,148.00000000,1
1531243523421,1531243523414,1625801,0.00001060,252.00000000,1
1531243557443,1531243557437,1625802,0.00001060,250.00000000,1
1531243611890,1531243611883,1625803,0.00001062,679.00000000,1
1531243691880,1531243691872,1625804,0.00001062,120.00000000,1
1531243691899,1531243691891,1625805,0.00001061,588.00000000,1
1531243691926,1531243691918,1625806,0.00001061,3178.00000000,1
1531243695020,1531243695017,1625807,0.00001059,588.00000000,1
1531243706412,1531243706406,1625808,0.00001059,113.00000000,1
1531243708931,1531243708924,1625809,0.00001059,113.00000000,1
1531243733787,1531243733781,1625810,0.00001059,48.00000000,1
1531243774646,1531243774638,1625811,0.00001059,172.00000000,1
1531243801741,1531243801738,1625812,0.00001060,400.00000000,0
1531243801741,1531243801738,1625813,0.00001063,1369.00000000,0
1531243801741,1531243801738,1625814,0.00001068,566.00000000,0
1531243801741,1531243801738,1625815,0.00001069,640.00000000,0
1531243801741,1531243801738,1625816,0.00001070,286.00000000,0
1531243801741,1531243801738,1625817,0.00001071,505.00000000,0
1531243801741,1531243801738,1625818,0.00001073,679.00000000,0
1531243801741,1531243801738,1625819,0.00001074,378.00000000,0
1531243801741,1531243801738,1625820,0.00001075,931.00000000,0
1531243801741,1531243801738,1625821,0.00001077,1340.00000000,0
1531243802390,1531243802386,1625822,0.00001059,103.00000000,1
1531243803055,1531243803047,1625823,0.00001060,200.00000000,1
1531243807888,1531243807880,1625824,0.00001061,550.00000000,1
1531243810253,1531243810249,1625825,0.00001061,2087.00000000,1
1531243815579,1531243815573,1625826,0.00001062,200.00000000,1
1531243822420,1531243822412,1625827,0.00001061,1.00000000,1
1531243830362,1531243830358,1625828,0.00001065,200.00000000,0
1531243830362,1531243830358,1625829,0.00001066,85.00000000,0
1531243871924,1531243871918,1625830,0.00001062,220.00000000,1
1531243872518,1531243872510,1625831,0.00001062,25.00000000,1
1531243872518,1531243872510,1625832,0.00001061,195.00000000,1
1531243883202,1531243883201,1625833,0.00001061,515.00000000,1
1531243973212,1531243973204,1625834,0.00001059,946.00000000,1
1531243989182,1531243989179,1625835,0.00001059,1235.00000000,1
1531243989222,1531243989211,1625836,0.00001058,640.00000000,1
1531243990140,1531243990133,1625837,0.00001058,320.00000000,1
1531244006968,1531244006964,1625838,0.00001054,145.00000000,1
1531244056261,1531244056251,1625839,0.00001054,4160.00000000,1
1531244102312,1531244102305,1625840,0.00001053,640.00000000,1
1531244105137,1531244105129,1625841,0.00001053,1.00000000,0
1531244105157,1531244105149,1625842,0.00001053,242.00000000,1
1531244112799,1531244112799,1625843,0.00001049,963.00000000,1
1531244345913,1531244345905,1625844,0.00001054,329.00000000,0
1531244351642,1531244351634,1625845,0.00001054,386.00000000,0
1531244364298,1531244364297,1625846,0.00001054,8.00000000,1
1531244428329,1531244428319,1625847,0.00001048,17.00000000,1
1531244470071,1531244470071,1625848,0.00001048,7.00000000,1
1531244504286,1531244504275,1625849,0.00001054,812.00000000,0
1531244529227,1531244529225,1625850,0.00001048,3.00000000,1
1531244554881,1531244554872,1625851,0.00001048,2.00000000,1
1531244832782,1531244832774,1625852,0.00001049,3.00000000,1
1531245107864,1531245107857,1625853,0.00001049,1051.00000000,1
1531245108399,1531245108389,1625854,0.00001049,125.00000000,0
1531245219348,1531245219340,1625855,0.00001052,120.00000000,0
1531245227130,1531245227123,1625856,0.00001049,100.00000000,1
1531245246439,1531245246430,1625857,0.00001052,2665.00000000,0
1531245246896,1531245246889,1625858,0.00001051,225.00000000,1
1531245246994,1531245246990,1625859,0.00001051,315.00000000,1
1531245247127,1531245247120,1625860,0.00001051,349.00000000,1
1531245248091,1531245248084,1625861,0.00001051,339.00000000,1
1531245249067,1531245249061,1625862,0.00001051,219.00000000,1
1531245250110,1531245250105,1625863,0.00001051,7696.00000000,1
1531245254423,1531245254420,1625864,0.00001051,5.00000000,0
1531245258363,1531245258361,1625865,0.00001051,5.00000000,1
1531245261537,1531245261529,1625866,0.00001052,7660.00000000,1
1531245261546,1531245261538,1625867,0.00001052,2000.00000000,1
1531245262525,1531245262527,1625868,0.00001052,1434.00000000,1
1531245262526,1531245262527,1625869,0.00001052,3087.00000000,1
1531245263599,1531245263594,1625870,0.00001052,4406.00000000,1
1531245270123,1531245270124,1625871,0.00001052,5.00000000,1
1531245279493,1531245279487,1625872,0.00001052,104.00000000,1
1531245323256,1531245323249,1625873,0.00001052,171.00000000,0
1531245325389,1531245325382,1625874,0.00001054,91.00000000,0
1531245325416,1531245325408,1625875,0.00001054,98.00000000,1
1531245327238,1531245327230,1625876,0.00001054,440.00000000,1
1531245364429,1531245364421,1625877,0.00001057,285.00000000,0
1531245382699,1531245382693,1625878,0.00001057,2772.00000000,0
1531245385808,1531245385806,1625879,0.00001052,717.00000000,1
1531245385808,1531245385806,1625880,0.00001049,2055.00000000,1
1531245386164,1531245386156,1625881,0.00001058,709.00000000,0
1531245386211,1531245386209,1625882,0.00001058,4.00000000,0
1531245386225,1531245386218,1625883,0.00001058,709.00000000,1
1531245386231,1531245386222,1625884,0.00001049,709.00000000,1
1531245397631,1531245397624,1625885,0.00001059,2014.00000000,0
1531245400748,1531245400740,1625886,0.00001050,1104.00000000,1
1531245400748,1531245400740,1625887,0.00001049,910.00000000,1
1531245427753,1531245427744,1625888,0.00001049,20431.00000000,1
1531245427753,1531245427744,1625889,0.00001048,3974.00000000,1
1531245433932,1531245433926,1625890,0.00001048,1.00000000,1
1531245607208,1531245607200,1625891,0.00001048,155.00000000,1
1531245682619,1531245682615,1625892,0.00001051,387.00000000,0
1531245683413,1531245683406,1625893,0.00001052,5301.00000000,0
1531245686602,1531245686595,1625894,0.00001051,479.00000000,1
1531245686602,1531245686595,1625895,0.00001048,4822.00000000,1
1531245849283,1531245849277,1625896,0.00001053,3.00000000,0
1531245987958,1531245987951,1625897,0.00001053,13046.00000000,0
1531246020666,1531246020659,1625898,0.00001049,929.00000000,1
1531246306353,1531246306346,1625899,0.00001049,222.00000000,1
1531246570023,1531246570013,1625900,0.00001052,615.00000000,0
1531246588518,1531246588521,1625901,0.00001050,188.00000000,0
1531246734787,1531246734783,1625902,0.00001051,14.00000000,0
