event_time,trade_time,trade_id,price,quantity,maker
1531210368306,1531210368304,436853,0.00001649,3791.00000000,0
1531210368319,1531210368314,436854,0.00001645,2017.00000000,1
1531210372563,1531210372560,436855,0.00001648,186.00000000,0
1531210388983,1531210388978,436856,0.00001647,179.00000000,0
1531210392321,1531210392316,436857,0.00001653,121.00000000,0
1531210392321,1531210392316,436858,0.00001656,491.00000000,0
1531210393410,1531210393406,436859,0.00001656,375.00000000,0
1531210393419,1531210393415,436860,0.00001656,151.00000000,0
1531210404825,1531210404820,436861,0.00001650,181.00000000,0
1531210409561,1531210409558,436862,0.00001652,2575.00000000,0
1531210409578,1531210409576,436863,0.00001649,1415.00000000,1
1531210423782,1531210423778,436864,0.00001650,182.00000000,1
1531210427829,1531210427824,436865,0.00001650,167.00000000,1
1531210444419,1531210444416,436866,0.00001653,298.00000000,0
1531210448598,1531210448595,436867,0.00001650,100.00000000,1
1531210450877,1531210450872,436868,0.00001650,3685.00000000,0
1531210450896,1531210450891,436869,0.00001647,264.00000000,1
1531210450909,1531210450904,436870,0.00001647,1575.00000000,1
1531210461677,1531210461678,436871,0.00001650,92.00000000,0
1531210468598,1531210468594,436872,0.00001650,2921.00000000,0
1531210468607,1531210468603,436873,0.00001647,360.00000000,1
1531210468625,1531210468620,436874,0.00001647,1090.00000000,1
1531210483789,1531210483785,436875,0.00001650,122.00000000,1
1531210492627,1531210492623,436876,0.00001650,96.00000000,1
1531210514941,1531210514935,436877,0.00001650,116.00000000,0
1531210515864,1531210515860,436878,0.00001650,2867.00000000,0
1531210515882,1531210515877,436879,0.00001647,1280.00000000,1
1531210521798,1531210521794,436880,0.00001650,107.00000000,0
1531210536617,1531210536614,436881,0.00001651,100.00000000,1
1531210549321,1531210549317,436882,0.00001649,121.00000000,0
1531210549326,1531210549322,436883,0.00001647,107.00000000,1
1531210552726,1531210552722,436884,0.00001651,97.00000000,0
1531210571033,1531210571030,436885,0.00001650,215.00000000,0
1531210576982,1531210576978,436886,0.00001646,859.00000000,1
1531210578031,1531210578027,436887,0.00001650,189.00000000,1
1531210591681,1531210591677,436888,0.00001649,204.00000000,1
1531210591681,1531210591677,436889,0.00001645,123.00000000,1
1531210591701,1531210591696,436890,0.00001645,1616.00000000,0
1531210591753,1531210591749,436891,0.00001645,1616.00000000,0
1531210608458,1531210608455,436892,0.00001644,738.00000000,0
1531210609760,1531210609759,436893,0.00001645,108.00000000,0
1531210612705,1531210612699,436894,0.00001645,2873.00000000,0
1531210642385,1531210642381,436895,0.00001645,2760.00000000,0
1531210643304,1531210643299,436896,0.00001645,164.00000000,1
1531210659309,1531210659304,436897,0.00001646,181.00000000,1
1531210672393,1531210672393,436898,0.00001650,142.00000000,1
1531210693932,1531210693928,436899,0.00001650,274.00000000,0
1531210698807,1531210698803,436900,0.00001650,213.00000000,1
1531210702529,1531210702524,436901,0.00001655,5.00000000,0
1531210710760,1531210710755,436902,0.00001654,33.00000000,0
1531210720787,1531210720783,436903,0.00001649,285.00000000,0
1531210729885,1531210729882,436904,0.00001649,216.00000000,1
1531210753101,1531210753097,436905,0.00001648,175.00000000,0
1531210761077,1531210761073,436906,0.00001648,179.00000000,0
1531210770976,1531210770971,436907,0.00001648,186.00000000,1
1531210784632,1531210784626,436908,0.00001646,107.00000000,1
1531210788436,1531210788432,436909,0.00001648,686.00000000,0
1531210788450,1531210788446,436910,0.00001645,2685.00000000,1
1531210788463,1531210788462,436911,0.00001645,315.00000000,1
1531210793082,1531210793077,436912,0.00001648,164.00000000,1
1531210814218,1531210814213,436913,0.00001648,110.00000000,1
1531210817020,1531210817016,436914,0.00001648,124.00000000,0
1531210828461,1531210828456,436915,0.00001647,3041.00000000,0
1531210828476,1531210828470,436916,0.00001645,2196.00000000,1
1531210828500,1531210828495,436917,0.00001645,2622.00000000,1
1531210838029,1531210838024,436918,0.00001649,121.00000000,1
1531210847012,1531210847008,436919,0.00001649,135.00000000,1
1531210849463,1531210849459,436920,0.00001647,227.00000000,0
1531210849478,1531210849473,436921,0.00001645,1368.00000000,1
1531210849502,1531210849497,436922,0.00001645,131.00000000,1
1531210869899,1531210869895,436923,0.00001648,170.00000000,0
1531210888894,1531210888889,436924,0.00001648,1577.00000000,0
1531210889901,1531210889897,436925,0.00001649,239.00000000,0
1531210901855,1531210901851,436926,0.00001647,213.00000000,0
1531210907938,1531210907934,436927,0.00001647,210.00000000,1
1531210910812,1531210910808,436928,0.00001646,1741.00000000,1
1531210927784,1531210927780,436929,0.00001647,154.00000000,1
1531210948950,1531210948946,436930,0.00001647,132.00000000,1
1531210955914,1531210955908,436931,0.00001648,167.00000000,1
1531210957999,1531210957995,436932,0.00001652,61.00000000,0
1531210958360,1531210958355,436933,0.00001647,196.00000000,1
1531210968775,1531210968772,436934,0.00001647,154.00000000,1
1531210987326,1531210987320,436935,0.00001649,3455.00000000,0
1531210987347,1531210987343,436936,0.00001647,2832.00000000,1
1531210987973,1531210987969,436937,0.00001646,46.00000000,1
1531210994888,1531210994884,436938,0.00001648,190.00000000,1
1531210998021,1531210998017,436939,0.00001647,187.00000000,1
1531211007028,1531211007024,436940,0.00001650,5168.00000000,0
1531211007042,1531211007038,436941,0.00001648,2485.00000000,1
1531211013168,1531211013164,436942,0.00001648,216.00000000,1
1531211026126,1531211026126,436943,0.00001648,167.00000000,1
1531211055344,1531211055341,436944,0.00001647,160.00000000,0
1531211063216,1531211063209,436945,0.00001648,137.00000000,1
1531211069628,1531211069623,436946,0.00001647,796.00000000,1
1531211071103,1531211071099,436947,0.00001648,148.00000000,0
1531211088219,1531211088216,436948,0.00001647,174.00000000,0
1531211101764,1531211101760,436949,0.00001650,656.00000000,0
1531211101777,1531211101773,436950,0.00001648,2770.00000000,1
1531211101798,1531211101792,436951,0.00001648,456.00000000,1
1531211110074,1531211110069,436952,0.00001648,253.00000000,1
1531211122974,1531211122970,436953,0.00001653,5.00000000,0
1531211127898,1531211127893,436954,0.00001647,2220.00000000,1
1531211130140,1531211130137,436955,0.00001647,257.00000000,1
1531211144113,1531211144110,436956,0.00001648,191.00000000,1
1531211151981,1531211151977,436957,0.00001648,239.00000000,1
1531211159847,1531211159843,436958,0.00001648,749.00000000,1
1531211174540,1531211174537,436959,0.00001647,140.00000000,0
1531211178523,1531211178520,436960,0.00001647,99.00000000,0
1531211187456,1531211187452,436961,0.00001647,2153.00000000,1
1531211187470,1531211187465,436962,0.00001647,1464.00000000,0
1531211187490,1531211187486,436963,0.00001647,2153.00000000,1
1531211187508,1531211187506,436964,0.00001648,239.00000000,0
1531211195468,1531211195464,436965,0.00001651,4118.00000000,0
1531211195478,1531211195473,436966,0.00001649,1702.00000000,1
1531211195500,1531211195495,436967,0.00001648,749.00000000,1
1531211197580,1531211197576,436968,0.00001651,122.00000000,0
1531211211752,1531211211747,436969,0.00001650,100.00000000,1
1531211227648,1531211227645,436970,0.00001649,144.00000000,1
1531211227951,1531211227946,436971,0.00001650,1966.00000000,0
1531211227967,1531211227962,436972,0.00001647,2387.00000000,1
1531211227989,1531211227985,436973,0.00001647,1695.00000000,1
1531211235642,1531211235638,436974,0.00001649,139.00000000,1
1531211249263,1531211249259,436975,0.00001647,2267.00000000,1
1531211249274,1531211249270,436976,0.00001647,2338.00000000,1
1531211251654,1531211251650,436977,0.00001648,161.00000000,0
1531211269727,1531211269723,436978,0.00001648,131.00000000,1
1531211286092,1531211286086,436979,0.00001650,2201.00000000,0
1531211286109,1531211286105,436980,0.00001647,1607.00000000,1
1531211286131,1531211286127,436981,0.00001647,941.00000000,1
1531211294924,1531211294920,436982,0.00001648,124.00000000,0
1531211304907,1531211304903,436983,0.00001648,107.00000000,0
1531211317933,1531211317929,436984,0.00001648,119.00000000,1
1531211332950,1531211332944,436985,0.00001648,110.00000000,1
1531211333452,1531211333448,436986,0.00001647,1410.00000000,1
1531211333474,1531211333470,436987,0.00001647,1328.00000000,1
1531211352784,1531211352779,436988,0.00001647,172.00000000,1
1531211365704,1531211365700,436989,0.00001647,167.00000000,0
1531211378852,1531211378848,436990,0.00001648,236.00000000,1
1531211390806,1531211390803,436991,0.00001648,224.00000000,1
1531211391420,1531211391416,436992,0.00001647,1518.00000000,1
1531211399413,1531211399410,436993,0.00001647,2000.00000000,1
1531211399435,1531211399431,436994,0.00001647,2079.00000000,1
1531211410975,1531211410971,436995,0.00001648,225.00000000,1
1531211416942,1531211416935,436996,0.00001649,213.00000000,0
1531211430174,1531211430170,436997,0.00001647,96.00000000,1
1531211444006,1531211444002,436998,0.00001647,252.00000000,0
1531211446870,1531211446866,436999,0.00001648,291.00000000,0
1531211451388,1531211451384,437000,0.00001647,1514.00000000,1
1531211459177,1531211459172,437001,0.00001650,3665.00000000,0
1531211459188,1531211459183,437002,0.00001647,1556.00000000,1
1531211459201,1531211459196,437003,0.00001647,2059.00000000,1
1531211468658,1531211468658,437004,0.00001648,143.00000000,1
1531211475586,1531211475581,437005,0.00001648,141.00000000,1
1531211488312,1531211488308,437006,0.00001648,2849.00000000,1
1531211497687,1531211497688,437007,0.00001649,167.00000000,0
1531211507598,1531211507593,437008,0.00001649,131.00000000,0
1531211509954,1531211509950,437009,0.00001647,381.00000000,1
1531211528576,1531211528572,437010,0.00001647,284.00000000,1
1531211528597,1531211528592,437011,0.00001647,988.00000000,1
1531211530512,1531211530513,437012,0.00001648,194.00000000,1
1531211535446,1531211535441,437013,0.00001648,194.00000000,1
1531211551461,1531211551456,437014,0.00001649,168.00000000,1
1531211564451,1531211564447,437015,0.00001649,61.00000000,1
1531211564473,1531211564469,437016,0.00001649,1049.00000000,1
1531211565704,1531211565699,437017,0.00001648,199.00000000,1
1531211565706,1531211565702,437018,0.00001648,199.00000000,1
1531211565756,1531211565750,437019,0.00001648,392.00000000,1
1531211569709,1531211569705,437020,0.00001649,224.00000000,0
1531211571917,1531211571912,437021,0.00001648,171.00000000,1
1531211591833,1531211591833,437022,0.00001649,134.00000000,0
1531211595820,1531211595816,437023,0.00001649,128.00000000,0
1531211607145,1531211607141,437024,0.00001651,3009.00000000,0
1531211607160,1531211607155,437025,0.00001649,1275.00000000,1
1531211612803,1531211612798,437026,0.00001651,120.00000000,0
1531211621840,1531211621837,437027,0.00001653,1000.00000000,0
1531211627025,1531211627021,437028,0.00001652,733.00000000,0
1531211627037,1531211627033,437029,0.00001649,556.00000000,1
1531211629924,1531211629920,437030,0.00001650,142.00000000,1
1531211655035,1531211655033,437031,0.00001649,179.00000000,0
1531211659165,1531211659158,437032,0.00001650,143.00000000,1
1531211668977,1531211668973,437033,0.00001647,225.00000000,1
1531211672136,1531211672131,437034,0.00001648,152.00000000,0
1531211689334,1531211689329,437035,0.00001650,168.00000000,1
1531211696540,1531211696537,437036,0.00001650,330.00000000,1
1531211708220,1531211708216,437037,0.00001648,182.00000000,0
1531211708286,1531211708281,437038,0.00001647,1110.00000000,1
1531211721762,1531211721758,437039,0.00001649,270.00000000,0
1531211725340,1531211725334,437040,0.00001651,195.00000000,0
1531211727214,1531211727210,437041,0.00001650,2792.00000000,0
1531211727232,1531211727227,437042,0.00001645,2634.00000000,1
1531211735524,1531211735518,437043,0.00001649,171.00000000,1
1531211749317,1531211749313,437044,0.00001649,148.00000000,0
1531211771388,1531211771384,437045,0.00001649,111.00000000,1
1531211785377,1531211785373,437046,0.00001650,142.00000000,1
1531211788799,1531211788795,437047,0.00001652,1613.00000000,0
1531211788807,1531211788801,437048,0.00001649,1166.00000000,1
1531211788825,1531211788820,437049,0.00001649,616.00000000,1
1531211799356,1531211799352,437050,0.00001648,111.00000000,1
1531211805610,1531211805606,437051,0.00001648,128.00000000,0
1531211827594,1531211827590,437052,0.00001649,164.00000000,0
1531211843601,1531211843596,437053,0.00001651,145.00000000,1
1531211848628,1531211848623,437054,0.00001650,1306.00000000,1
1531211855666,1531211855661,437055,0.00001648,125.00000000,0
1531211866608,1531211866602,437056,0.00001648,145.00000000,1
1531211874274,1531211874271,437057,0.00001656,79.00000000,0
1531211891592,1531211891586,437058,0.00001647,111.00000000,1
1531211905622,1531211905617,437059,0.00001647,111.00000000,1
1531211916645,1531211916640,437060,0.00001646,107.00000000,0
1531211929516,1531211929512,437061,0.00001649,134.00000000,1
1531211948270,1531211948264,437062,0.00001649,213.00000000,0
1531211964477,1531211964471,437063,0.00001651,283.00000000,1
1531211969209,1531211969204,437064,0.00001649,1759.00000000,1
1531211982280,1531211982275,437065,0.00001649,258.00000000,0
1531211987314,1531211987310,437066,0.00001649,219.00000000,0
1531212012329,1531212012325,437067,0.00001645,2413.00000000,1
1531212012349,1531212012344,437068,0.00001645,865.00000000,1
1531212014264,1531212014259,437069,0.00001649,152.00000000,0
1531212020214,1531212020212,437070,0.00001649,145.00000000,1
1531212029415,1531212029411,437071,0.00001645,604.00000000,1
1531212029435,1531212029431,437072,0.00001645,213.00000000,1
1531212043238,1531212043233,437073,0.00001648,125.00000000,1
1531212048088,1531212048083,437074,0.00001645,568.00000000,1
1531212053253,1531212053249,437075,0.00001648,123.00000000,0
1531212072341,1531212072340,437076,0.00001647,134.00000000,1
1531212086309,1531212086305,437077,0.00001646,123.00000000,0
1531212095300,1531212095298,437078,0.00001647,110.00000000,1
1531212110819,1531212110815,437079,0.00001649,1893.00000000,0
1531212110833,1531212110829,437080,0.00001648,728.00000000,1
1531212110850,1531212110845,437081,0.00001648,928.00000000,1
1531212111208,1531212111204,437082,0.00001648,111.00000000,1
1531212121897,1531212121893,437083,0.00001649,2286.00000000,0
1531212121911,1531212121906,437084,0.00001648,772.00000000,1
1531212121931,1531212121927,437085,0.00001648,2079.00000000,1
1531212128433,1531212128427,437086,0.00001649,227.00000000,1
1531212135443,1531212135439,437087,0.00001649,222.00000000,0
1531212159380,1531212159375,437088,0.00001649,196.00000000,1
1531212169206,1531212169204,437089,0.00001649,2877.00000000,1
1531212169219,1531212169215,437090,0.00001649,1246.00000000,0
1531212169230,1531212169225,437091,0.00001649,1372.00000000,1
1531212169248,1531212169243,437092,0.00001649,1505.00000000,1
1531212186577,1531212186573,437093,0.00001648,535.00000000,1
1531212186598,1531212186593,437094,0.00001648,920.00000000,1
1531212195041,1531212195036,437095,0.00001649,147.00000000,1
1531212204976,1531212204971,437096,0.00001649,118.00000000,0
1531212209518,1531212209514,437097,0.00001648,1505.00000000,1
1531212212008,1531212212003,437098,0.00001649,162.00000000,0
1531212227004,1531212226998,437099,0.00001649,160.00000000,1
1531212227630,1531212227626,437100,0.00001648,175.00000000,1
1531212227651,1531212227646,437101,0.00001648,674.00000000,1
1531212254058,1531212254053,437102,0.00001648,194.00000000,0
1531212262147,1531212262144,437103,0.00001648,172.00000000,1
1531212278053,1531212278048,437104,0.00001649,211.00000000,1
1531212291894,1531212291890,437105,0.00001647,1762.00000000,0
1531212291908,1531212291903,437106,0.00001645,1469.00000000,1
1531212291925,1531212291921,437107,0.00001645,881.00000000,1
1531212292146,1531212292143,437108,0.00001650,80.00000000,0
1531212293045,1531212293040,437109,0.00001651,186.00000000,0
1531212303321,1531212303316,437110,0.00001651,211.00000000,1
1531212303406,1531212303402,437111,0.00001651,1277.00000000,1
1531212308659,1531212308653,437112,0.00001650,169.00000000,1
1531212309390,1531212309385,437113,0.00001650,170.00000000,1
1531212315195,1531212315192,437114,0.00001651,211.00000000,0
1531212315650,1531212315643,437115,0.00001653,212.00000000,1
1531212326785,1531212326781,437116,0.00001655,191.00000000,1
1531212327518,1531212327513,437117,0.00001654,807.00000000,1
1531212330980,1531212330976,437118,0.00001650,19.00000000,1
1531212331776,1531212331772,437119,0.00001650,14.00000000,1
1531212331941,1531212331937,437120,0.00001653,151.00000000,0
1531212332514,1531212332509,437121,0.00001651,17.00000000,1
1531212333094,1531212333092,437122,0.00001651,57.00000000,1
1531212339587,1531212339583,437123,0.00001653,1536.00000000,0
1531212339595,1531212339589,437124,0.00001651,694.00000000,1
1531212342678,1531212342674,437125,0.00001650,219.00000000,1
1531212388291,1531212388287,437126,0.00001650,4510.00000000,1
1531212388322,1531212388316,437127,0.00001651,74.00000000,0
1531212403374,1531212403370,437128,0.00001652,156.00000000,1
1531212407274,1531212407270,437129,0.00001652,132.00000000,1
1531212433064,1531212433060,437130,0.00001653,176.00000000,1
1531212438310,1531212438305,437131,0.00001654,1912.00000000,0
1531212438327,1531212438323,437132,0.00001652,114.00000000,1
1531212438338,1531212438332,437133,0.00001652,1275.00000000,1
1531212438355,1531212438351,437134,0.00001651,694.00000000,1
1531212444413,1531212444410,437135,0.00001650,4835.00000000,1
1531212444697,1531212444694,437136,0.00001650,434.00000000,1
1531212444716,1531212444711,437137,0.00001644,434.00000000,1
1531212449166,1531212449160,437138,0.00001650,213.00000000,1
1531212463056,1531212463051,437139,0.00001650,241.00000000,1
1531212463599,1531212463595,437140,0.00001651,5.00000000,0
1531212470660,1531212470655,437141,0.00001645,2278.00000000,1
1531212470679,1531212470674,437142,0.00001645,1110.00000000,1
1531212470705,1531212470701,437143,0.00001651,69.00000000,0
1531212470721,1531212470717,437144,0.00001651,568.00000000,1
1531212470754,1531212470751,437145,0.00001651,131.00000000,1
1531212472151,1531212472146,437146,0.00001649,206.00000000,0
1531212494156,1531212494151,437147,0.00001649,124.00000000,0
1531212507226,1531212507221,437148,0.00001645,804.00000000,1
1531212507250,1531212507244,437149,0.00001645,1712.00000000,1
1531212507357,1531212507352,437150,0.00001649,126.00000000,0
1531212524460,1531212524454,437151,0.00001647,143.00000000,0
1531212528177,1531212528173,437152,0.00001647,120.00000000,1
1531212548513,1531212548508,437153,0.00001647,637.00000000,0
1531212548520,1531212548516,437154,0.00001645,1220.00000000,1
1531212548539,1531212548533,437155,0.00001645,343.00000000,1
1531212551028,1531212551023,437156,0.00001646,108.00000000,1
1531212556976,1531212556971,437157,0.00001646,138.00000000,1
1531212572991,1531212572985,437158,0.00001646,134.00000000,0
1531212573138,1531212573133,437159,0.00001647,2198.00000000,0
1531212573159,1531212573155,437160,0.00001645,1053.00000000,1
1531212573175,1531212573171,437161,0.00001645,753.00000000,1
1531212586975,1531212586971,437162,0.00001646,128.00000000,1
1531212591984,1531212591979,437163,0.00001645,1595.00000000,1
1531212602780,1531212602776,437164,0.00001645,941.00000000,1
1531212609890,1531212609886,437165,0.00001646,181.00000000,1
1531212616282,1531212616277,437166,0.00001644,900.00000000,1
1531212626900,1531212626897,437167,0.00001646,174.00000000,1
1531212641914,1531212641910,437168,0.00001647,158.00000000,0
1531212646859,1531212646854,437169,0.00001647,174.00000000,0
1531212651084,1531212651079,437170,0.00001647,6000.00000000,0
1531212651103,1531212651098,437171,0.00001645,2400.00000000,1
1531212674708,1531212674703,437172,0.00001646,207.00000000,1
1531212679755,1531212679751,437173,0.00001646,250.00000000,1
1531212682033,1531212682029,437174,0.00001647,2864.00000000,0
1531212682045,1531212682040,437175,0.00001645,1279.00000000,1
1531212690754,1531212690750,437176,0.00001645,211.00000000,0
1531212708686,1531212708682,437177,0.00001645,217.00000000,1
1531212725623,1531212725618,437178,0.00001647,1637.00000000,0
1531212725633,1531212725629,437179,0.00001645,963.00000000,1
1531212731709,1531212731707,437180,0.00001645,194.00000000,0
1531212747714,1531212747709,437181,0.00001645,172.00000000,1
1531212750610,1531212750605,437182,0.00001645,198.00000000,0
1531212768686,1531212768683,437183,0.00001646,190.00000000,0
1531212772394,1531212772389,437184,0.00001645,112.00000000,1
1531212788366,1531212788360,437185,0.00001644,418.00000000,1
1531212788366,1531212788360,437186,0.00001643,2171.00000000,1
1531212788366,1531212788360,437187,0.00001642,445.00000000,1
1531212788366,1531212788360,437188,0.00001641,689.00000000,1
1531212788366,1531212788360,437189,0.00001640,425.00000000,1
1531212788366,1531212788360,437190,0.00001639,580.00000000,1
1531212788366,1531212788360,437191,0.00001638,603.00000000,1
1531212791165,1531212791161,437192,0.00001644,488.00000000,0
1531212791181,1531212791176,437193,0.00001644,3.00000000,0
1531212791306,1531212791303,437194,0.00001646,247.00000000,1
1531212792707,1531212792702,437195,0.00001639,11.00000000,1
1531212792746,1531212792742,437196,0.00001639,11.00000000,1
1531212797992,1531212797989,437197,0.00001639,10.00000000,1
1531212798715,1531212798711,437198,0.00001643,131.00000000,0
1531212798831,1531212798827,437199,0.00001643,138.00000000,0
1531212802198,1531212802194,437200,0.00001645,2270.00000000,0
1531212802926,1531212802921,437201,0.00001645,230.00000000,0
1531212807661,1531212807656,437202,0.00001646,164.00000000,0
1531212807668,1531212807664,437203,0.00001646,165.00000000,0
1531212807676,1531212807671,437204,0.00001646,165.00000000,0
1531212807694,1531212807690,437205,0.00001646,164.00000000,0
1531212816069,1531212816064,437206,0.00001645,195.00000000,1
1531212825985,1531212825982,437207,0.00001645,180.00000000,0
1531212826765,1531212826760,437208,0.00001646,41.00000000,0
1531212826765,1531212826760,437209,0.00001647,67.00000000,0
1531212826787,1531212826784,437210,0.00001647,145.00000000,0
1531212826815,1531212826810,437211,0.00001647,145.00000000,0
1531212826821,1531212826817,437212,0.00001647,145.00000000,0
1531212849886,1531212849884,437213,0.00001646,146.00000000,0
1531212856107,1531212856103,437214,0.00001645,2892.00000000,1
1531212868048,1531212868044,437215,0.00001645,2500.00000000,1
1531212868059,1531212868056,437216,0.00001645,1235.00000000,0
1531212868069,1531212868064,437217,0.00001645,1106.00000000,1
1531212868087,1531212868083,437218,0.00001645,1394.00000000,1
1531212869267,1531212869263,437219,0.00001645,137.00000000,0
1531212877342,1531212877338,437220,0.00001645,150.00000000,0
1531212890306,1531212890302,437221,0.00001646,37.00000000,0
1531212971807,1531212971803,437222,0.00001646,210.00000000,1
1531212985814,1531212985811,437223,0.00001646,165.00000000,0
1531212990834,1531212990831,437224,0.00001646,212.00000000,1
1531212994281,1531212994276,437225,0.00001646,2302.00000000,0
1531212994293,1531212994288,437226,0.00001645,1394.00000000,1
1531212994319,1531212994313,437227,0.00001645,1163.00000000,1
1531213007976,1531213007973,437228,0.00001645,218.00000000,1
1531213028868,1531213028864,437229,0.00001645,179.00000000,1
1531213038791,1531213038787,437230,0.00001645,209.00000000,0
1531213048729,1531213048723,437231,0.00001646,4565.00000000,0
1531213048745,1531213048741,437232,0.00001645,596.00000000,1
1531213048760,1531213048756,437233,0.00001645,2818.00000000,1
1531213057005,1531213057000,437234,0.00001645,170.00000000,0
1531213068099,1531213068095,437235,0.00001645,169.00000000,0
1531213094208,1531213094202,437236,0.00001646,175.00000000,1
1531213096552,1531213096548,437237,0.00001646,5667.00000000,0
1531213096564,1531213096560,437238,0.00001645,1941.00000000,1
1531213105235,1531213105230,437239,0.00001646,182.00000000,0
1531213107754,1531213107749,437240,0.00001646,1942.00000000,0
1531213107766,1531213107761,437241,0.00001645,1619.00000000,1
1531213114129,1531213114125,437242,0.00001645,171.00000000,0
1531213127532,1531213127529,437243,0.00001645,180.00000000,0
1531213143203,1531213143199,437244,0.00001646,1768.00000000,0
1531213143220,1531213143215,437245,0.00001645,713.00000000,1
1531213151347,1531213151341,437246,0.00001645,228.00000000,1
1531213155374,1531213155372,437247,0.00001645,263.00000000,1
1531213174313,1531213174309,437248,0.00001645,215.00000000,1
1531213186394,1531213186389,437249,0.00001646,205.00000000,1
1531213189822,1531213189818,437250,0.00001646,230.00000000,0
1531213189838,1531213189833,437251,0.00001645,1966.00000000,1
1531213189853,1531213189849,437252,0.00001645,137.00000000,1
1531213212344,1531213212339,437253,0.00001645,1300.00000000,1
1531213212362,1531213212357,437254,0.00001645,2448.00000000,1
1531213213450,1531213213445,437255,0.00001646,225.00000000,1
1531213225374,1531213225370,437256,0.00001645,227.00000000,0
1531213238536,1531213238533,437257,0.00001646,241.00000000,1
1531213250719,1531213250714,437258,0.00001645,850.00000000,1
1531213252426,1531213252421,437259,0.00001646,226.00000000,0
1531213259407,1531213259403,437260,0.00001646,1242.00000000,0
1531213259419,1531213259415,437261,0.00001645,2070.00000000,1
1531213259443,1531213259440,437262,0.00001645,575.00000000,1
1531213270333,1531213270329,437263,0.00001646,175.00000000,1
1531213278304,1531213278298,437264,0.00001646,185.00000000,0
1531213289257,1531213289252,437265,0.00001646,6038.00000000,0
1531213289269,1531213289264,437266,0.00001645,2188.00000000,1
1531213302237,1531213302234,437267,0.00001646,184.00000000,1
1531213310222,1531213310218,437268,0.00001645,162.00000000,1
1531213318320,1531213318316,437269,0.00001645,948.00000000,1
1531213318330,1531213318325,437270,0.00001645,303.00000000,0
1531213318342,1531213318336,437271,0.00001645,948.00000000,1
1531213330043,1531213330039,437272,0.00001645,123.00000000,0
1531213330806,1531213330802,437273,0.00001646,76.00000000,0
1531213336119,1531213336112,437274,0.00001646,151.00000000,1
1531213343553,1531213343548,437275,0.00001647,101.00000000,0
1531213358016,1531213358013,437276,0.00001645,110.00000000,0
1531213369078,1531213369074,437277,0.00001645,112.00000000,0
1531213374269,1531213374265,437278,0.00001648,11.00000000,0
1531213392228,1531213392224,437279,0.00001647,208.00000000,1
1531213399089,1531213399084,437280,0.00001645,275.00000000,1
1531213412240,1531213412236,437281,0.00001647,220.00000000,1
1531213428138,1531213428133,437282,0.00001646,225.00000000,1
1531213431249,1531213431244,437283,0.00001645,2177.00000000,1
1531213431267,1531213431261,437284,0.00001645,929.00000000,1
1531213452152,1531213452148,437285,0.00001646,110.00000000,0
1531213454693,1531213454689,437286,0.00001644,189.00000000,1
1531213455964,1531213455960,437287,0.00001647,127.00000000,0
1531213465662,1531213465657,437288,0.00001646,237.00000000,0
1531213465674,1531213465670,437289,0.00001645,2756.00000000,1
1531213465687,1531213465683,437290,0.00001645,167.00000000,1
1531213473092,1531213473089,437291,0.00001645,105.00000000,0
1531213488799,1531213488794,437292,0.00001645,1628.00000000,1
1531213491405,1531213491399,437293,0.00001646,4963.00000000,0
1531213491421,1531213491416,437294,0.00001645,957.00000000,1
1531213498382,1531213498377,437295,0.00001645,1628.00000000,0
1531213498382,1531213498377,437296,0.00001648,120.00000000,0
1531213514722,1531213514717,437297,0.00001645,111.00000000,0
1531213517968,1531213517963,437298,0.00001644,1535.00000000,1
1531213517968,1531213517963,437299,0.00001640,100.00000000,1
1531213517968,1531213517963,437300,0.00001639,244.00000000,1
1531213517968,1531213517963,437301,0.00001637,244.00000000,1
1531213517968,1531213517963,437302,0.00001636,3549.00000000,1
1531213517968,1531213517963,437303,0.00001635,2205.00000000,1
1531213521552,1531213521547,437304,0.00001637,8.00000000,1
1531213521566,1531213521562,437305,0.00001637,13.00000000,1
1531213529815,1531213529810,437306,0.00001644,131.00000000,1
1531213538629,1531213538625,437307,0.00001644,121.00000000,1
1531213546579,1531213546574,437308,0.00001644,98.00000000,1
1531213550805,1531213550801,437309,0.00001642,1574.00000000,1
1531213569680,1531213569678,437310,0.00001643,132.00000000,1
1531213572932,1531213572928,437311,0.00001644,244.00000000,0
1531213573522,1531213573516,437312,0.00001644,57.00000000,1
1531213573625,1531213573621,437313,0.00001643,187.00000000,0
1531213584846,1531213584842,437314,0.00001643,151.00000000,1
1531213590301,1531213590297,437315,0.00001645,214.00000000,0
1531213590321,1531213590317,437316,0.00001642,572.00000000,1
1531213590338,1531213590334,437317,0.00001642,1967.00000000,1
1531213593524,1531213593519,437318,0.00001644,122.00000000,0
1531213612509,1531213612504,437319,0.00001644,158.00000000,0
1531213614719,1531213614714,437320,0.00001641,1.00000000,1
1531213630783,1531213630778,437321,0.00001644,166.00000000,1
1531213638915,1531213638911,437322,0.00001644,192.00000000,0
1531213638915,1531213638911,437323,0.00001645,30.00000000,0
1531213710684,1531213710677,437324,0.00001646,148.00000000,0
1531213729898,1531213729893,437325,0.00001646,96.00000000,0
1531213747988,1531213747984,437326,0.00001646,153.00000000,1
1531213765992,1531213765987,437327,0.00001646,1600.00000000,1
1531213766019,1531213766016,437328,0.00001646,2237.00000000,1
1531213767053,1531213767049,437329,0.00001646,132.00000000,1
1531213896141,1531213896136,437330,0.00001647,66.00000000,0
1531213970072,1531213970069,437331,0.00001647,148.00000000,0
1531213970106,1531213970101,437332,0.00001647,30.00000000,0
1531213971709,1531213971705,437333,0.00001647,156.00000000,1
1531213987868,1531213987865,437334,0.00001646,34.00000000,1
1531213989272,1531213989269,437335,0.00001647,273.00000000,0
1531214010055,1531214010052,437336,0.00001647,278.00000000,1
1531214010080,1531214010076,437337,0.00001647,2450.00000000,1
1531214010103,1531214010097,437338,0.00001647,145.00000000,1
1531214020884,1531214020878,437339,0.00001647,200.00000000,0
1531214025864,1531214025861,437340,0.00001647,284.00000000,0
1531214055094,1531214055090,437341,0.00001647,947.00000000,1
1531214055128,1531214055122,437342,0.00001647,2010.00000000,1
1531214055150,1531214055146,437343,0.00001647,578.00000000,1
1531214055283,1531214055278,437344,0.00001648,113.00000000,0
1531214055842,1531214055837,437345,0.00001647,176.00000000,1
1531214076807,1531214076804,437346,0.00001647,143.00000000,0
1531214091967,1531214091963,437347,0.00001648,174.00000000,1
1531214109329,1531214109326,437348,0.00001647,240.00000000,0
1531214121385,1531214121381,437349,0.00001647,525.00000000,0
1531214121395,1531214121391,437350,0.00001646,469.00000000,1
1531214125080,1531214125076,437351,0.00001647,196.00000000,0
1531214135167,1531214135164,437352,0.00001646,211.00000000,1
1531214146153,1531214146149,437353,0.00001647,223.00000000,1
1531214149902,1531214149896,437354,0.00001646,1890.00000000,1
1531214169352,1531214169347,437355,0.00001647,102.00000000,1
1531214178431,1531214178426,437356,0.00001647,127.00000000,1
1531214198218,1531214198213,437357,0.00001647,107.00000000,1
1531214210259,1531214210257,437358,0.00001646,96.00000000,0
1531214226742,1531214226738,437359,0.00001646,2716.00000000,1
1531214226756,1531214226751,437360,0.00001646,1172.00000000,1
1531214230406,1531214230401,437361,0.00001646,141.00000000,0
1531214237197,1531214237193,437362,0.00001646,134.00000000,1
1531214246116,1531214246110,437363,0.00001647,354.00000000,0
1531214246123,1531214246119,437364,0.00001646,387.00000000,1
1531214246140,1531214246136,437365,0.00001646,295.00000000,1
1531214261419,1531214261416,437366,0.00001646,111.00000000,1
1531214267602,1531214267598,437367,0.00001649,214.00000000,0
1531214269330,1531214269327,437368,0.00001647,109.00000000,1
1531214270168,1531214270164,437369,0.00001647,6268.00000000,0
1531214270180,1531214270177,437370,0.00001646,422.00000000,1
1531214270192,1531214270188,437371,0.00001646,2656.00000000,1
1531214292303,1531214292299,437372,0.00001646,118.00000000,1
1531214292326,1531214292322,437373,0.00001646,1647.00000000,1
1531214294619,1531214294615,437374,0.00001646,145.00000000,0
1531214305462,1531214305459,437375,0.00001646,151.00000000,1
1531214312318,1531214312313,437376,0.00001646,131.00000000,1
1531214326313,1531214326309,437377,0.00001647,155.00000000,1
1531214346165,1531214346161,437378,0.00001648,836.00000000,0
1531214346179,1531214346175,437379,0.00001647,504.00000000,1
1531214353258,1531214353254,437380,0.00001647,221.00000000,0
1531214363267,1531214363263,437381,0.00001648,256.00000000,0
1531214373559,1531214373554,437382,0.00001648,2774.00000000,1
1531214373574,1531214373570,437383,0.00001648,2355.00000000,0
1531214373589,1531214373586,437384,0.00001648,888.00000000,1
1531214373610,1531214373606,437385,0.00001648,1886.00000000,1
1531214388332,1531214388327,437386,0.00001648,260.00000000,0
1531214412437,1531214412433,437387,0.00001648,229.00000000,1
1531214419400,1531214419397,437388,0.00001648,229.00000000,0
1531214426357,1531214426353,437389,0.00001649,30.00000000,0
1531214428284,1531214428281,437390,0.00001649,2249.00000000,0
1531214428298,1531214428295,437391,0.00001648,978.00000000,1
1531214436963,1531214436960,437392,0.00001648,2087.00000000,1
1531214442407,1531214442403,437393,0.00001648,269.00000000,0
1531214448250,1531214448246,437394,0.00001648,263.00000000,1
1531214469236,1531214469232,437395,0.00001648,110.00000000,1
1531214469532,1531214469528,437396,0.00001650,172.00000000,0
1531214475487,1531214475482,437397,0.00001648,104.00000000,0
1531214488648,1531214488644,437398,0.00001649,3059.00000000,0
1531214488664,1531214488661,437399,0.00001648,1045.00000000,1
1531214488682,1531214488678,437400,0.00001648,2013.00000000,1
1531214493487,1531214493482,437401,0.00001649,129.00000000,1
1531214507357,1531214507354,437402,0.00001649,133.00000000,0
1531214523341,1531214523337,437403,0.00001650,73.00000000,0
1531214530667,1531214530662,437404,0.00001651,233.00000000,0
1531214545764,1531214545759,437405,0.00001651,238.00000000,1
1531214554759,1531214554754,437406,0.00001650,130.00000000,1
1531214556258,1531214556254,437407,0.00001650,334.00000000,1
1531214559721,1531214559717,437408,0.00001651,270.00000000,0
1531214564089,1531214564085,437409,0.00001651,1756.00000000,1
1531214569599,1531214569594,437410,0.00001650,106.00000000,1
1531214572516,1531214572513,437411,0.00001651,213.00000000,1
1531214590743,1531214590740,437412,0.00001651,207.00000000,1
1531214592128,1531214592125,437413,0.00001650,197.00000000,1
1531214598129,1531214598124,437414,0.00001651,1504.00000000,1
1531214608831,1531214608825,437415,0.00001651,200.00000000,0
1531214621780,1531214621775,437416,0.00001652,207.00000000,1
1531214624073,1531214624069,437417,0.00001651,1645.00000000,1
1531214624209,1531214624204,437418,0.00001651,2174.00000000,1
1531214625684,1531214625681,437419,0.00001651,169.00000000,0
1531214625993,1531214625989,437420,0.00001650,3496.00000000,1
1531214641708,1531214641703,437421,0.00001650,3510.00000000,1
1531214647211,1531214647206,437422,0.00001650,2692.00000000,1
1531214651448,1531214651444,437423,0.00001651,222.00000000,1
1531214652960,1531214652955,437424,0.00001653,1280.00000000,0
1531214652971,1531214652968,437425,0.00001650,538.00000000,1
1531214668472,1531214668468,437426,0.00001652,175.00000000,1
1531214672800,1531214672796,437427,0.00001649,8.00000000,1
1531214674665,1531214674661,437428,0.00001647,8.00000000,1
1531214675618,1531214675614,437429,0.00001650,169.00000000,1
1531214683572,1531214683567,437430,0.00001649,144.00000000,1
1531214686540,1531214686536,437431,0.00001650,238.00000000,1
1531214691427,1531214691421,437432,0.00001648,1703.00000000,1
1531214691444,1531214691440,437433,0.00001648,990.00000000,1
1531214712511,1531214712508,437434,0.00001650,138.00000000,1
1531214720602,1531214720598,437435,0.00001650,108.00000000,0
1531214724830,1531214724825,437436,0.00001648,1519.00000000,1
1531214744517,1531214744514,437437,0.00001651,102.00000000,0
1531214748499,1531214748494,437438,0.00001650,109.00000000,0
1531214771499,1531214771494,437439,0.00001650,138.00000000,0
1531214772872,1531214772868,437440,0.00001653,144.00000000,0
1531214772872,1531214772868,437441,0.00001656,504.00000000,0
1531214775603,1531214775600,437442,0.00001650,153.00000000,1
1531214792696,1531214792691,437443,0.00001649,11.00000000,1
1531214794225,1531214794222,437444,0.00001647,11.00000000,1
1531214800527,1531214800524,437445,0.00001650,141.00000000,1
1531214810017,1531214810014,437446,0.00001652,3481.00000000,0
1531214810068,1531214810063,437447,0.00001649,825.00000000,1
1531214810083,1531214810080,437448,0.00001649,2001.00000000,1
1531214810644,1531214810640,437449,0.00001650,110.00000000,1
1531214819958,1531214819953,437450,0.00001651,1440.00000000,0
1531214819974,1531214819969,437451,0.00001655,1772.00000000,0
1531214819998,1531214819994,437452,0.00001655,1143.00000000,0
1531214828755,1531214828751,437453,0.00001649,390.00000000,1
1531214828755,1531214828751,437454,0.00001647,258.00000000,1
1531214832754,1531214832750,437455,0.00001649,136.00000000,1
1531214845598,1531214845594,437456,0.00001649,110.00000000,1
1531214857455,1531214857452,437457,0.00001651,97.00000000,1
1531214867773,1531214867768,437458,0.00001655,388.00000000,0
1531214870860,1531214870855,437459,0.00001655,2.00000000,0
1531214870860,1531214870855,437460,0.00001656,298.00000000,0
1531214872379,1531214872375,437461,0.00001656,1071.00000000,0
1531214872548,1531214872541,437462,0.00001656,123.00000000,1
1531214873092,1531214873086,437463,0.00001656,175.00000000,1
1531214873985,1531214873980,437464,0.00001657,1138.00000000,0
1531214892022,1531214892018,437465,0.00001651,145.00000000,1
1531214899434,1531214899428,437466,0.00001652,1209.00000000,0
1531214899443,1531214899438,437467,0.00001656,1120.00000000,0
1531214909159,1531214909154,437468,0.00001651,140.00000000,1
1531214921947,1531214921945,437469,0.00001651,165.00000000,1
1531214926989,1531214926986,437470,0.00001651,156.00000000,0
1531214946306,1531214946302,437471,0.00001653,3179.00000000,0
1531214946323,1531214946319,437472,0.00001656,1058.00000000,0
1531214946336,1531214946333,437473,0.00001656,2208.00000000,0
1531214949917,1531214949913,437474,0.00001651,121.00000000,0
1531214969904,1531214969899,437475,0.00001651,173.00000000,1
1531214974745,1531214974741,437476,0.00001650,79.00000000,1
1531214985001,1531214984996,437477,0.00001652,148.00000000,1
1531214988586,1531214988583,437478,0.00001651,133.00000000,1
1531214991135,1531214991132,437479,0.00001652,161.00000000,1
1531215014044,1531215014040,437480,0.00001657,103.00000000,0
1531215014467,1531215014463,437481,0.00001656,225.00000000,1
1531215020770,1531215020763,437482,0.00001660,746.00000000,0
1531215020770,1531215020763,437483,0.00001662,854.00000000,0
1531215023728,1531215023724,437484,0.00001662,602.00000000,0
1531215024513,1531215024509,437485,0.00001657,230.00000000,1
1531215025070,1531215025067,437486,0.00001658,115.00000000,1
1531215026430,1531215026425,437487,0.00001661,601.00000000,0
1531215027876,1531215027870,437488,0.00001657,946.00000000,1
1531215027898,1531215027893,437489,0.00001657,2222.00000000,1
1531215044071,1531215044068,437490,0.00001656,29.00000000,1
1531215047008,1531215047005,437491,0.00001654,128.00000000,1
1531215071051,1531215071046,437492,0.00001654,138.00000000,0
1531215077763,1531215077757,437493,0.00001655,1449.00000000,0
1531215077785,1531215077781,437494,0.00001655,1983.00000000,0
1531215087857,1531215087853,437495,0.00001654,110.00000000,1
1531215104949,1531215104945,437496,0.00001653,121.00000000,1
1531215109860,1531215109855,437497,0.00001653,152.00000000,0
1531215111615,1531215111612,437498,0.00001655,2386.00000000,0
1531215129664,1531215129659,437499,0.00001653,99.00000000,1
1531215148781,1531215148778,437500,0.00001654,128.00000000,1
1531215152529,1531215152526,437501,0.00001654,3273.00000000,0
1531215152540,1531215152536,437502,0.00001653,1798.00000000,1
1531215152563,1531215152557,437503,0.00001654,116.00000000,1
1531215152563,1531215152557,437504,0.00001653,2222.00000000,1
1531215166811,1531215166807,437505,0.00001652,109.00000000,1
1531215190885,1531215190880,437506,0.00001652,174.00000000,1
1531215198701,1531215198696,437507,0.00001652,201.00000000,0
1531215208543,1531215208540,437508,0.00001655,2454.00000000,0
1531215208563,1531215208559,437509,0.00001655,1997.00000000,0
1531215220747,1531215220744,437510,0.00001654,167.00000000,0
1531215225790,1531215225787,437511,0.00001654,179.00000000,1
1531215230251,1531215230246,437512,0.00001652,2119.00000000,1
1531215250709,1531215250705,437513,0.00001653,162.00000000,1
1531215258799,1531215258794,437514,0.00001653,134.00000000,0
1531215268647,1531215268643,437515,0.00001655,2139.00000000,0
1531215276680,1531215276674,437516,0.00001653,124.00000000,0
1531215277931,1531215277926,437517,0.00001652,131.00000000,1
1531215292756,1531215292752,437518,0.00001653,170.00000000,0
1531215297606,1531215297603,437519,0.00001656,1695.00000000,0
1531215297606,1531215297603,437520,0.00001657,705.00000000,0
1531215309014,1531215309010,437521,0.00001653,141.00000000,1
1531215309041,1531215309038,437522,0.00001653,213.00000000,1
1531215309041,1531215309038,437523,0.00001652,179.00000000,1
1531215310721,1531215310716,437524,0.00001653,160.00000000,0
1531215325623,1531215325619,437525,0.00001653,214.00000000,0
1531215339826,1531215339821,437526,0.00001654,206.00000000,1
1531215346761,1531215346758,437527,0.00001654,516.00000000,1
1531215349099,1531215349094,437528,0.00001654,1131.00000000,1
1531215362512,1531215362508,437529,0.00001653,774.00000000,1
1531215362524,1531215362519,437530,0.00001653,537.00000000,0
1531215362531,1531215362528,437531,0.00001654,516.00000000,0
1531215372542,1531215372536,437532,0.00001655,187.00000000,1
1531215378496,1531215378492,437533,0.00001655,155.00000000,0
1531215389745,1531215389742,437534,0.00001654,189.00000000,1
1531215399378,1531215399375,437535,0.00001655,216.00000000,0
1531215406442,1531215406439,437536,0.00001656,158.00000000,1
1531215407679,1531215407674,437537,0.00001655,260.00000000,1
1531215411616,1531215411613,437538,0.00001655,257.00000000,1
1531215411636,1531215411631,437539,0.00001654,942.00000000,1
1531215414109,1531215414104,437540,0.00001652,355.00000000,1
1531215427228,1531215427222,437541,0.00001653,196.00000000,0
1531215439778,1531215439774,437542,0.00001653,2495.00000000,1
1531215439790,1531215439784,437543,0.00001653,1596.00000000,0
1531215439804,1531215439800,437544,0.00001653,2495.00000000,1
1531215439831,1531215439826,437545,0.00001654,705.00000000,0
1531215440171,1531215440168,437546,0.00001656,198.00000000,0
1531215457233,1531215457229,437547,0.00001658,176.00000000,1
1531215470348,1531215470344,437548,0.00001659,1372.00000000,0
1531215470361,1531215470356,437549,0.00001659,2898.00000000,0
1531215470377,1531215470373,437550,0.00001654,942.00000000,1
1531215471349,1531215471346,437551,0.00001653,204.00000000,1
1531215482191,1531215482188,437552,0.00001653,2990.00000000,1
1531215482206,1531215482203,437553,0.00001653,754.00000000,1
1531215482228,1531215482225,437554,0.00001654,705.00000000,0
1531215487593,1531215487588,437555,0.00001655,219.00000000,0
1531215489971,1531215489967,437556,0.00001660,1814.00000000,0
1531215489971,1531215489967,437557,0.00001662,4572.00000000,0
1531215497146,1531215497141,437558,0.00001662,672.00000000,0
1531215502699,1531215502696,437559,0.00001655,195.00000000,1
1531215520572,1531215520568,437560,0.00001656,205.00000000,0
1531215526499,1531215526494,437561,0.00001657,197.00000000,0
1531215529298,1531215529294,437562,0.00001656,349.00000000,1
1531215529318,1531215529314,437563,0.00001656,2570.00000000,1
1531215529339,1531215529335,437564,0.00001654,942.00000000,1
1531215530361,1531215530357,437565,0.00001654,705.00000000,0
1531215554737,1531215554734,437566,0.00001657,183.00000000,1
1531215556882,1531215556877,437567,0.00001655,395.00000000,1
1531215556907,1531215556902,437568,0.00001655,1239.00000000,1
1531215568820,1531215568815,437569,0.00001657,174.00000000,1
1531215580980,1531215580974,437570,0.00001658,176.00000000,0
1531215586827,1531215586823,437571,0.00001658,177.00000000,0
1531215589937,1531215589933,437572,0.00001658,3364.00000000,0
1531215589943,1531215589939,437573,0.00001655,2804.00000000,1
1531215614464,1531215614460,437574,0.00001658,187.00000000,1
1531215614464,1531215614460,437575,0.00001655,1969.00000000,1
1531215614482,1531215614478,437576,0.00001655,1708.00000000,1
1531215622888,1531215622883,437577,0.00001658,134.00000000,1
1531215635661,1531215635588,437578,0.00001656,186.00000000,0
1531215648571,1531215648567,437579,0.00001656,193.00000000,1
1531215665678,1531215665674,437580,0.00001655,1453.00000000,1
1531215665689,1531215665685,437581,0.00001655,802.00000000,1
1531215667392,1531215667388,437582,0.00001655,127.00000000,1
1531215676500,1531215676496,437583,0.00001655,111.00000000,0
1531215696597,1531215696594,437584,0.00001656,128.00000000,0
1531215711500,1531215711495,437585,0.00001657,98.00000000,1
1531215731336,1531215731331,437586,0.00001658,144.00000000,1
1531215734615,1531215734611,437587,0.00001657,1161.00000000,1
1531215738302,1531215738297,437588,0.00001657,189.00000000,1
1531215748017,1531215748012,437589,0.00001658,3258.00000000,0
1531215748030,1531215748026,437590,0.00001657,61.00000000,1
1531215748046,1531215748040,437591,0.00001657,1733.00000000,1
1531215762343,1531215762339,437592,0.00001658,168.00000000,0
1531215769298,1531215769294,437593,0.00001657,176.00000000,1
1531215769337,1531215769333,437594,0.00001656,253.00000000,1
1531215793229,1531215793225,437595,0.00001658,190.00000000,1
1531215793259,1531215793254,437596,0.00001658,94.00000000,1
1531215800276,1531215800273,437597,0.00001659,127.00000000,0
1531215808619,1531215808615,437598,0.00001660,2904.00000000,1
1531215808639,1531215808634,437599,0.00001660,2156.00000000,1
1531215813475,1531215813472,437600,0.00001660,214.00000000,1
1531215832486,1531215832483,437601,0.00001660,181.00000000,1
1531215849352,1531215849348,437602,0.00001660,921.00000000,1
1531215852487,1531215852484,437603,0.00001660,115.00000000,0
1531215860483,1531215860480,437604,0.00001660,143.00000000,0
1531215867898,1531215867895,437605,0.00001659,173.00000000,1
1531215879405,1531215879401,437606,0.00001660,118.00000000,1
1531215879405,1531215879401,437607,0.00001659,158.00000000,1
1531215891458,1531215891454,437608,0.00001660,158.00000000,1
1531215906357,1531215906353,437609,0.00001660,809.00000000,0
1531215906372,1531215906367,437610,0.00001660,1925.00000000,0
1531215913478,1531215913475,437611,0.00001660,225.00000000,1
1531215920449,1531215920444,437612,0.00001660,169.00000000,0
1531215920509,1531215920505,437613,0.00001661,301.00000000,0
1531215921635,1531215921629,437614,0.00001661,747.00000000,0
1531215921657,1531215921654,437615,0.00001661,9.00000000,0
1531215939060,1531215939057,437616,0.00001661,150.00000000,1
1531215939071,1531215939066,437617,0.00001661,150.00000000,1
1531215949511,1531215949508,437618,0.00001661,1.00000000,1
1531216006100,1531216006096,437619,0.00001659,117.00000000,1
1531216006111,1531216006108,437620,0.00001659,157.00000000,1
1531216006213,1531216006209,437621,0.00001659,268.00000000,1
1531216011551,1531216011544,437622,0.00001659,110.00000000,1
1531216119628,1531216119624,437623,0.00001660,142.00000000,0
1531216119628,1531216119624,437624,0.00001662,133.00000000,0
1531216124936,1531216124932,437625,0.00001660,138.00000000,1
1531216129772,1531216129766,437626,0.00001661,111.00000000,0
1531216135914,1531216135910,437627,0.00001661,5616.00000000,0
1531216135922,1531216135918,437628,0.00001660,1950.00000000,1
1531216152734,1531216152730,437629,0.00001661,233.00000000,0
1531216166997,1531216166994,437630,0.00001661,238.00000000,1
1531216175827,1531216175823,437631,0.00001660,178.00000000,1
1531216177795,1531216177791,437632,0.00001659,115.00000000,1
1531216187719,1531216187713,437633,0.00001660,167.00000000,1
1531216189779,1531216189774,437634,0.00001661,249.00000000,0
1531216189939,1531216189935,437635,0.00001661,3482.00000000,0
1531216189953,1531216189947,437636,0.00001660,1239.00000000,1
1531216189975,1531216189971,437637,0.00001660,1574.00000000,1
1531216224747,1531216224741,437638,0.00001660,167.00000000,0
1531216237786,1531216237783,437639,0.00001661,228.00000000,0
1531216245777,1531216245773,437640,0.00001661,188.00000000,1
1531216251253,1531216251248,437641,0.00001662,610.00000000,0
1531216271713,1531216271709,437642,0.00001661,112.00000000,0
1531216282349,1531216282344,437643,0.00001661,177.00000000,1
1531216286784,1531216286781,437644,0.00001662,114.00000000,0
1531216287510,1531216287506,437645,0.00001662,4464.00000000,0
1531216287524,1531216287520,437646,0.00001661,2101.00000000,1
1531216287547,1531216287542,437647,0.00001660,1574.00000000,1
1531216297303,1531216297299,437648,0.00001659,771.00000000,1
1531216297340,1531216297337,437649,0.00001660,167.00000000,0
1531216297362,1531216297359,437650,0.00001661,177.00000000,0
1531216299368,1531216299364,437651,0.00001661,231.00000000,1
1531216307510,1531216307506,437652,0.00001661,241.00000000,1
1531216325492,1531216325489,437653,0.00001661,1629.00000000,1
1531216325512,1531216325508,437654,0.00001660,1574.00000000,1
1531216325529,1531216325525,437655,0.00001659,771.00000000,1
1531216334607,1531216334603,437656,0.00001661,147.00000000,0
1531216338429,1531216338425,437657,0.00001661,167.00000000,0
1531216364380,1531216364377,437658,0.00001661,138.00000000,1
1531216368392,1531216368387,437659,0.00001660,2999.00000000,1
1531216368408,1531216368404,437660,0.00001660,610.00000000,1
1531216372531,1531216372527,437661,0.00001661,198.00000000,0
1531216372671,1531216372666,437662,0.00001659,9.00000000,1
1531216388283,1531216388280,437663,0.00001660,3893.00000000,0
1531216388302,1531216388297,437664,0.00001661,1872.00000000,0
1531216388423,1531216388420,437665,0.00001660,173.00000000,0
1531216390765,1531216390760,437666,0.00001659,160.00000000,1
1531216398966,1531216398962,437667,0.00001659,110.00000000,1
1531216402618,1531216402615,437668,0.00001660,177.00000000,1
1531216411487,1531216411483,437669,0.00001661,176.00000000,1
1531216426461,1531216426456,437670,0.00001661,184.00000000,0
1531216429033,1531216429029,437671,0.00001660,61.00000000,1
1531216429057,1531216429052,437672,0.00001660,362.00000000,1
1531216449318,1531216449313,437673,0.00001661,145.00000000,0
1531216461363,1531216461359,437674,0.00001661,147.00000000,0
1531216471336,1531216471331,437675,0.00001660,183.00000000,0
1531216490096,1531216490093,437676,0.00001661,4422.00000000,0
1531216490104,1531216490100,437677,0.00001660,1795.00000000,1
1531216490117,1531216490113,437678,0.00001660,2430.00000000,1
1531216491420,1531216491416,437679,0.00001660,134.00000000,1
1531216503748,1531216503745,437680,0.00001661,2910.00000000,0
1531216503758,1531216503754,437681,0.00001660,1207.00000000,1
1531216503780,1531216503776,437682,0.00001660,1565.00000000,1
1531216513392,1531216513388,437683,0.00001660,215.00000000,0
1531216523383,1531216523377,437684,0.00001660,200.00000000,1
1531216533298,1531216533293,437685,0.00001661,248.00000000,1
1531216533298,1531216533293,437686,0.00001659,361.00000000,1
1531216542182,1531216542177,437687,0.00001659,192.00000000,1
1531216542202,1531216542197,437688,0.00001659,393.00000000,1
1531216547155,1531216547150,437689,0.00001660,209.00000000,1
1531216548416,1531216548412,437690,0.00001661,258.00000000,0
1531216550264,1531216550259,437691,0.00001660,832.00000000,1
1531216550287,1531216550283,437692,0.00001660,905.00000000,1
1531216582057,1531216582052,437693,0.00001659,3931.00000000,1
1531216582081,1531216582077,437694,0.00001660,209.00000000,0
1531216589655,1531216589650,437695,0.00001661,142.00000000,1
1531216598546,1531216598542,437696,0.00001661,131.00000000,0
1531216608654,1531216608649,437697,0.00001661,117.00000000,0
1531216627991,1531216627988,437698,0.00001661,2567.00000000,1
1531216628011,1531216628006,437699,0.00001660,905.00000000,1
1531216628610,1531216628607,437700,0.00001661,170.00000000,1
1531216645523,1531216645520,437701,0.00001661,204.00000000,1
1531216651650,1531216651646,437702,0.00001661,194.00000000,1
1531216654850,1531216654846,437703,0.00001659,241.00000000,1
1531216667436,1531216667431,437704,0.00001661,4680.00000000,0
1531216667448,1531216667445,437705,0.00001660,2544.00000000,1
1531216671727,1531216671723,437706,0.00001661,200.00000000,0
1531216684438,1531216684433,437707,0.00001659,2376.00000000,1
1531216689853,1531216689849,437708,0.00001661,216.00000000,1
1531216705582,1531216705579,437709,0.00001661,190.00000000,0
1531216709752,1531216709748,437710,0.00001660,345.00000000,1
1531216709770,1531216709764,437711,0.00001660,2967.00000000,1
1531216718681,1531216718676,437712,0.00001660,223.00000000,1
1531216725712,1531216725707,437713,0.00001660,193.00000000,1
1531216746228,1531216746225,437714,0.00001660,2098.00000000,1
1531216750875,1531216750871,437715,0.00001660,211.00000000,0
1531216760830,1531216760825,437716,0.00001660,235.00000000,0
1531216781773,1531216781768,437717,0.00001661,245.00000000,0
1531216792808,1531216792804,437718,0.00001660,238.00000000,0
1531216806491,1531216806487,437719,0.00001662,3356.00000000,0
1531216806500,1531216806496,437720,0.00001660,2712.00000000,1
1531216806522,1531216806519,437721,0.00001660,1387.00000000,1
1531216807649,1531216807645,437722,0.00001660,229.00000000,1
1531216811173,1531216811168,437723,0.00001659,12.00000000,1
1531216819644,1531216819639,437724,0.00001660,202.00000000,1
1531216825277,1531216825274,437725,0.00001655,2735.00000000,1
1531216835658,1531216835655,437726,0.00001662,221.00000000,0
1531216849703,1531216849698,437727,0.00001661,199.00000000,1
1531216851604,1531216851600,437728,0.00001659,2332.00000000,0
1531216851618,1531216851613,437729,0.00001656,1620.00000000,1
1531216871519,1531216871516,437730,0.00001661,260.00000000,0
1531216885687,1531216885683,437731,0.00001661,237.00000000,1
1531216885758,1531216885754,437732,0.00001658,1122.00000000,0
1531216885767,1531216885761,437733,0.00001655,769.00000000,1
1531216901577,1531216901574,437734,0.00001660,212.00000000,0
1531216909767,1531216909762,437735,0.00001660,191.00000000,0
1531216931863,1531216931858,437736,0.00001659,227.00000000,0
1531216942905,1531216942901,437737,0.00001658,231.00000000,0
1531216953005,1531216953000,437738,0.00001659,190.00000000,0
1531216970223,1531216970220,437739,0.00001656,860.00000000,1
1531216970337,1531216970332,437740,0.00001662,96.00000000,0
1531216970337,1531216970332,437741,0.00001664,505.00000000,0
1531216971856,1531216971851,437742,0.00001659,235.00000000,0
1531216990121,1531216990117,437743,0.00001653,29.00000000,1
1531216990938,1531216990933,437744,0.00001660,179.00000000,1
1531216992319,1531216992315,437745,0.00001653,29.00000000,1
1531217001855,1531217001851,437746,0.00001660,227.00000000,0
1531217012961,1531217012956,437747,0.00001661,196.00000000,0
1531217027920,1531217027916,437748,0.00001661,161.00000000,1
1531217028051,1531217028045,437749,0.00001662,3936.00000000,0
1531217028065,1531217028061,437750,0.00001659,1416.00000000,1
1531217047834,1531217047829,437751,0.00001662,1369.00000000,0
1531217047853,1531217047849,437752,0.00001659,566.00000000,1
1531217052002,1531217051998,437753,0.00001661,123.00000000,0
1531217063161,1531217063157,437754,0.00001662,109.00000000,0
1531217081138,1531217081132,437755,0.00001660,142.00000000,0
1531217084150,1531217084146,437756,0.00001656,995.00000000,1
1531217085972,1531217085967,437757,0.00001660,120.00000000,0
1531217110921,1531217110917,437758,0.00001659,163.00000000,0
1531217122963,1531217122959,437759,0.00001660,190.00000000,0
1531217135940,1531217135934,437760,0.00001658,137.00000000,1
1531217146968,1531217146965,437761,0.00001658,168.00000000,1
1531217148442,1531217148438,437762,0.00001657,84.00000000,1
1531217161162,1531217161157,437763,0.00001654,423.00000000,1
1531217161162,1531217161157,437764,0.00001653,1334.00000000,1
1531217161162,1531217161157,437765,0.00001652,1810.00000000,1
1531217161162,1531217161157,437766,0.00001651,2812.00000000,1
1531217174916,1531217174913,437767,0.00001658,119.00000000,1
1531217179731,1531217179727,437768,0.00001658,119.00000000,0
1531217202757,1531217202753,437769,0.00001657,150.00000000,1
1531217208720,1531217208715,437770,0.00001658,135.00000000,1
1531217226620,1531217226616,437771,0.00001659,8592.00000000,0
1531217226637,1531217226631,437772,0.00001657,2963.00000000,1
1531217230599,1531217230595,437773,0.00001657,255.00000000,0
1531217247668,1531217247663,437774,0.00001657,275.00000000,0
1531217259731,1531217259727,437775,0.00001657,234.00000000,0
1531217266793,1531217266788,437776,0.00001658,205.00000000,1
1531217271199,1531217271194,437777,0.00001657,1795.00000000,1
1531217271216,1531217271213,437778,0.00001657,61.00000000,1
1531217287770,1531217287767,437779,0.00001658,156.00000000,1
1531217296952,1531217296947,437780,0.00001658,156.00000000,0
1531217309550,1531217309545,437781,0.00001657,2961.00000000,1
1531217316908,1531217316904,437782,0.00001659,208.00000000,0
1531217329016,1531217329011,437783,0.00001658,209.00000000,1
1531217329240,1531217329237,437784,0.00001661,1426.00000000,0
1531217329240,1531217329237,437785,0.00001662,896.00000000,0
1531217353102,1531217353099,437786,0.00001658,242.00000000,0
1531217356657,1531217356654,437787,0.00001657,1615.00000000,1
1531217356675,1531217356671,437788,0.00001657,1223.00000000,1
1531217361287,1531217361283,437789,0.00001657,235.00000000,0
1531217365243,1531217365239,437790,0.00001657,176.00000000,1
1531217367717,1531217367713,437791,0.00001657,2659.00000000,1
1531217372211,1531217372205,437792,0.00001659,252.00000000,0
1531217390250,1531217390246,437793,0.00001658,236.00000000,1
1531217413230,1531217413225,437794,0.00001658,136.00000000,1
1531217413939,1531217413935,437795,0.00001659,4287.00000000,0
1531217413954,1531217413950,437796,0.00001657,2382.00000000,1
1531217416137,1531217416133,437797,0.00001658,141.00000000,0
1531217422022,1531217422016,437798,0.00001656,17.00000000,1
1531217427988,1531217427984,437799,0.00001657,1078.00000000,1
1531217428005,1531217428000,437800,0.00001657,1231.00000000,1
1531217437866,1531217437862,437801,0.00001657,853.00000000,1
1531217438343,1531217438339,437802,0.00001660,103.00000000,0
1531217446122,1531217446119,437803,0.00001660,100.00000000,1
1531217466892,1531217466886,437804,0.00001659,2285.00000000,0
1531217466905,1531217466899,437805,0.00001657,767.00000000,1
1531217467283,1531217467278,437806,0.00001656,450.00000000,1
1531217467283,1531217467278,437807,0.00001653,162.00000000,1
1531217467284,1531217467279,437808,0.00001653,150.00000000,1
1531217467284,1531217467279,437809,0.00001651,254.00000000,1
1531217467288,1531217467284,437810,0.00001651,450.00000000,1
1531217467295,1531217467291,437811,0.00001651,498.00000000,1
1531217467765,1531217467761,437812,0.00001651,552.00000000,1
1531217469435,1531217469432,437813,0.00001660,152.00000000,1
1531217472417,1531217472412,437814,0.00001653,147.00000000,1
1531217472424,1531217472419,437815,0.00001653,149.00000000,1
1531217472428,1531217472424,437816,0.00001653,143.00000000,1
1531217472428,1531217472424,437817,0.00001652,4.00000000,1
1531217472429,1531217472426,437818,0.00001652,157.00000000,1
1531217472430,1531217472426,437819,0.00001652,141.00000000,1
1531217472430,1531217472426,437820,0.00001651,117.00000000,1
1531217472432,1531217472429,437821,0.00001651,248.00000000,1
1531217472436,1531217472433,437822,0.00001651,149.00000000,1
1531217472438,1531217472434,437823,0.00001651,149.00000000,1
1531217472445,1531217472442,437824,0.00001651,375.00000000,1
1531217472447,1531217472442,437825,0.00001651,277.00000000,1
1531217472908,1531217472903,437826,0.00001651,151.00000000,1
1531217488285,1531217488281,437827,0.00001656,150.00000000,0
1531217497202,1531217497199,437828,0.00001658,153.00000000,0
1531217509445,1531217509441,437829,0.00001660,135.00000000,1
1531217527004,1531217526999,437830,0.00001661,602.00000000,0
1531217528394,1531217528390,437831,0.00001660,187.00000000,0
1531217535564,1531217535559,437832,0.00001658,160.00000000,0
1531217555305,1531217555300,437833,0.00001658,178.00000000,1
1531217571001,1531217570996,437834,0.00001653,1344.00000000,1
1531217572465,1531217572462,437835,0.00001658,201.00000000,0
1531217588421,1531217588418,437836,0.00001656,4488.00000000,0
1531217588431,1531217588425,437837,0.00001652,1487.00000000,1
1531217588444,1531217588440,437838,0.00001652,2737.00000000,1
1531217592404,1531217592400,437839,0.00001658,148.00000000,0
1531217598271,1531217598268,437840,0.00001659,179.00000000,1
1531217616394,1531217616390,437841,0.00001657,146.00000000,1
1531217626043,1531217626039,437842,0.00001660,207.00000000,0
1531217627289,1531217627284,437843,0.00001658,170.00000000,1
1531217650349,1531217650345,437844,0.00001658,194.00000000,0
1531217657336,1531217657333,437845,0.00001658,191.00000000,0
1531217663302,1531217663297,437846,0.00001653,2680.00000000,1
1531217663323,1531217663318,437847,0.00001653,2633.00000000,1
1531217674199,1531217674195,437848,0.00001658,173.00000000,0
1531217688216,1531217688212,437849,0.00001658,212.00000000,1
1531217692029,1531217692025,437850,0.00001652,2595.00000000,1
1531217701871,1531217701866,437851,0.00001656,2238.00000000,0
1531217701878,1531217701875,437852,0.00001652,1099.00000000,1
1531217701900,1531217701896,437853,0.00001652,1599.00000000,1
1531217710697,1531217710693,437854,0.00001657,169.00000000,1
1531217727327,1531217727323,437855,0.00001657,188.00000000,0
1531217741370,1531217741366,437856,0.00001655,171.00000000,1
1531217749225,1531217749219,437857,0.00001655,196.00000000,1
1531217751312,1531217751308,437858,0.00001652,2490.00000000,1
1531217769291,1531217769287,437859,0.00001655,107.00000000,1
1531217771274,1531217771270,437860,0.00001652,2840.00000000,1
1531217771298,1531217771294,437861,0.00001652,2256.00000000,1
1531217780391,1531217780387,437862,0.00001655,134.00000000,0
1531217780975,1531217780970,437863,0.00001659,61.00000000,0
1531217805153,1531217805148,437864,0.00001656,126.00000000,1
1531217807422,1531217807417,437865,0.00001659,171.00000000,0
1531217812302,1531217812297,437866,0.00001656,111.00000000,1
1531217831646,1531217831642,437867,0.00001656,241.00000000,1
1531217844482,1531217844477,437868,0.00001656,249.00000000,1
1531217847979,1531217847976,437869,0.00001654,372.00000000,1
1531217857798,1531217857794,437870,0.00001661,500.00000000,0
1531217858637,1531217858633,437871,0.00001658,237.00000000,0
1531217866124,1531217866118,437872,0.00001661,426.00000000,0
1531217866124,1531217866118,437873,0.00001662,351.00000000,0
1531217868354,1531217868349,437874,0.00001657,202.00000000,0
1531217872774,1531217872770,437875,0.00001652,899.00000000,1
1531217873258,1531217873254,437876,0.00001652,1895.00000000,0
1531217876456,1531217876452,437877,0.00001652,10.00000000,0
1531217876456,1531217876452,437878,0.00001658,1490.00000000,0
1531217883714,1531217883710,437879,0.00001658,510.00000000,0
1531217883714,1531217883710,437880,0.00001662,490.00000000,0
1531217890436,1531217890431,437881,0.00001656,228.00000000,1
1531217891060,1531217891056,437882,0.00001662,1500.00000000,0
1531217901588,1531217901583,437883,0.00001658,2931.00000000,0
1531217901598,1531217901594,437884,0.00001656,2255.00000000,1
1531217903482,1531217903476,437885,0.00001656,228.00000000,0
1531217916241,1531217916237,437886,0.00001656,163.00000000,0
1531217927399,1531217927395,437887,0.00001658,212.00000000,1
1531217930063,1531217930059,437888,0.00001659,3429.00000000,0
1531217930076,1531217930073,437889,0.00001657,1157.00000000,1
1531217930102,1531217930097,437890,0.00001657,1361.00000000,1
1531217951379,1531217951375,437891,0.00001658,126.00000000,1
1531217961275,1531217961271,437892,0.00001658,104.00000000,0
1531217969088,1531217969082,437893,0.00001659,1614.00000000,0
1531217969095,1531217969091,437894,0.00001657,1012.00000000,1
1531217969120,1531217969116,437895,0.00001657,696.00000000,1
1531217978258,1531217978254,437896,0.00001657,108.00000000,0
1531217986520,1531217986515,437897,0.00001657,134.00000000,1
1531217997088,1531217997084,437898,0.00001661,2899.00000000,0
1531217997088,1531217997084,437899,0.00001662,434.00000000,0
1531218006364,1531218006361,437900,0.00001662,2000.00000000,0
1531218010762,1531218010758,437901,0.00001657,182.00000000,1
1531218013971,1531218013967,437902,0.00001662,1500.00000000,0
1531218019664,1531218019661,437903,0.00001658,141.00000000,0
1531218019962,1531218019959,437904,0.00001662,1500.00000000,0
1531218029361,1531218029358,437905,0.00001658,626.00000000,1
1531218030932,1531218030928,437906,0.00001662,674.00000000,0
1531218044593,1531218044589,437907,0.00001659,182.00000000,0
1531218049526,1531218049522,437908,0.00001659,139.00000000,1
1531218064669,1531218064666,437909,0.00001662,170.00000000,0
1531218065085,1531218065081,437910,0.00001661,1653.00000000,0
1531218065094,1531218065089,437911,0.00001658,1031.00000000,1
1531218065111,1531218065107,437912,0.00001658,672.00000000,1
1531218070624,1531218070619,437913,0.00001659,162.00000000,1
1531218074398,1531218074392,437914,0.00001665,108.00000000,0
1531218074398,1531218074392,437915,0.00001666,228.00000000,0
1531218074398,1531218074392,437916,0.00001667,264.00000000,0
1531218075466,1531218075462,437917,0.00001660,148.00000000,0
1531218104608,1531218104604,437918,0.00001661,166.00000000,1
1531218107693,1531218107689,437919,0.00001669,1383.00000000,0
1531218108535,1531218108529,437920,0.00001663,130.00000000,0
1531218108584,1531218108579,437921,0.00001670,1449.00000000,0
1531218108643,1531218108638,437922,0.00001669,267.00000000,1
1531218109165,1531218109160,437923,0.00001669,370.00000000,1
1531218109215,1531218109211,437924,0.00001669,245.00000000,1
1531218111448,1531218111444,437925,0.00001669,370.00000000,1
1531218111727,1531218111722,437926,0.00001661,131.00000000,1
1531218112572,1531218112567,437927,0.00001669,1585.00000000,0
1531218117441,1531218117434,437928,0.00001661,19.00000000,1
1531218130637,1531218130633,437929,0.00001665,254.00000000,1
1531218137617,1531218137612,437930,0.00001665,229.00000000,0
1531218139552,1531218139548,437931,0.00001667,3287.00000000,0
1531218139559,1531218139554,437932,0.00001664,1934.00000000,1
1531218148084,1531218148078,437933,0.00001663,238.00000000,1
1531218151634,1531218151628,437934,0.00001664,226.00000000,0
1531218157091,1531218157088,437935,0.00001662,380.00000000,1
1531218157094,1531218157090,437936,0.00001662,251.00000000,1
1531218165086,1531218165082,437937,0.00001663,238.00000000,0
1531218165086,1531218165082,437938,0.00001665,363.00000000,0
1531218167521,1531218167515,437939,0.00001664,194.00000000,1
1531218174285,1531218174281,437940,0.00001662,1154.00000000,1
1531218193035,1531218193031,437941,0.00001664,519.00000000,1
1531218200816,1531218200810,437942,0.00001662,123.00000000,1
1531218208207,1531218208203,437943,0.00001660,3857.00000000,0
1531218208216,1531218208211,437944,0.00001657,1447.00000000,1
1531218208241,1531218208235,437945,0.00001657,1450.00000000,1
1531218215588,1531218215584,437946,0.00001662,135.00000000,0
1531218226614,1531218226609,437947,0.00001662,113.00000000,0
1531218245774,1531218245769,437948,0.00001659,2409.00000000,1
1531218245796,1531218245792,437949,0.00001659,233.00000000,1
1531218254937,1531218254933,437950,0.00001662,150.00000000,0
1531218259737,1531218259732,437951,0.00001661,122.00000000,0
1531218275524,1531218275520,437952,0.00001659,2847.00000000,1
1531218275554,1531218275548,437953,0.00001659,2576.00000000,1
1531218278879,1531218278875,437954,0.00001662,137.00000000,0
1531218288885,1531218288879,437955,0.00001662,161.00000000,0
1531218306592,1531218306588,437956,0.00001659,2085.00000000,1
1531218306610,1531218306604,437957,0.00001659,2601.00000000,1
1531218312088,1531218312084,437958,0.00001662,164.00000000,1
1531218322898,1531218322894,437959,0.00001659,1638.00000000,1
1531218329099,1531218329094,437960,0.00001662,171.00000000,1
1531218336091,1531218336087,437961,0.00001662,183.00000000,1
1531218349129,1531218349123,437962,0.00001662,136.00000000,1
1531218367868,1531218367864,437963,0.00001661,4391.00000000,0
1531218367879,1531218367875,437964,0.00001659,847.00000000,1
1531218367905,1531218367901,437965,0.00001659,2033.00000000,1
1531218373068,1531218373063,437966,0.00001661,143.00000000,0
1531218383330,1531218383324,437967,0.00001657,2071.00000000,1
1531218383351,1531218383347,437968,0.00001657,514.00000000,1
1531218387138,1531218387135,437969,0.00001661,154.00000000,0
1531218391148,1531218391144,437970,0.00001662,153.00000000,0
1531218405518,1531218405513,437971,0.00001661,1297.00000000,0
1531218410414,1531218410411,437972,0.00001659,233.00000000,0
1531218410427,1531218410422,437973,0.00001657,435.00000000,1
1531218410446,1531218410440,437974,0.00001657,134.00000000,1
1531218412238,1531218412235,437975,0.00001660,126.00000000,0
1531218434044,1531218434041,437976,0.00001660,145.00000000,1
1531218436738,1531218436733,437977,0.00001661,5036.00000000,0
1531218436749,1531218436745,437978,0.00001658,1887.00000000,1
1531218436764,1531218436761,437979,0.00001658,2518.00000000,1
1531218438257,1531218438251,437980,0.00001660,128.00000000,1
1531218459161,1531218459155,437981,0.00001660,124.00000000,1
1531218472203,1531218472199,437982,0.00001662,103.00000000,1
1531218483447,1531218483443,437983,0.00001659,14.00000000,1
1531218484653,1531218484648,437984,0.00001657,14.00000000,1
1531218492087,1531218492082,437985,0.00001664,169.00000000,0
1531218506278,1531218506273,437986,0.00001664,202.00000000,0
1531218521311,1531218521308,437987,0.00001663,142.00000000,0
1531218530164,1531218530160,437988,0.00001663,183.00000000,0
1531218547203,1531218547199,437989,0.00001657,2663.00000000,1
1531218551030,1531218551026,437990,0.00001662,152.00000000,0
1531218563080,1531218563076,437991,0.00001662,137.00000000,0
1531218563583,1531218563579,437992,0.00001656,45.00000000,1
1531218578161,1531218578158,437993,0.00001662,146.00000000,0
1531218592010,1531218592005,437994,0.00001662,134.00000000,1
1531218595102,1531218595098,437995,0.00001658,1742.00000000,1
1531218607868,1531218607863,437996,0.00001662,131.00000000,1
1531218616882,1531218616878,437997,0.00001662,173.00000000,0
1531218628281,1531218628276,437998,0.00001657,889.00000000,1
1531218628300,1531218628295,437999,0.00001657,74.00000000,1
1531218638895,1531218638891,438000,0.00001661,178.00000000,1
1531218645068,1531218645062,438001,0.00001663,164.00000000,0
1531218645088,1531218645082,438002,0.00001663,392.00000000,0
1531218646837,1531218646834,438003,0.00001659,2763.00000000,0
1531218646848,1531218646843,438004,0.00001657,566.00000000,1
1531218646860,1531218646856,438005,0.00001657,2342.00000000,1
1531218646961,1531218646956,438006,0.00001662,145.00000000,0
1531218650343,1531218650339,438007,0.00001663,232.00000000,0
1531218672077,1531218672073,438008,0.00001661,180.00000000,1
1531218675993,1531218675988,438009,0.00001661,186.00000000,0
1531218688497,1531218688492,438010,0.00001658,1352.00000000,1
1531218688520,1531218688515,438011,0.00001658,2324.00000000,1
1531218693018,1531218693014,438012,0.00001662,158.00000000,0
1531218700595,1531218700589,438013,0.00001656,482.00000000,1
1531218707914,1531218707911,438014,0.00001662,158.00000000,1
1531218730966,1531218730961,438015,0.00001662,180.00000000,0
1531218733662,1531218733658,438016,0.00001657,1835.00000000,1
1531218733677,1531218733671,438017,0.00001657,435.00000000,1
1531218741011,1531218741007,438018,0.00001662,153.00000000,1
1531218757004,1531218756999,438019,0.00001660,180.00000000,1
1531218767025,1531218767022,438020,0.00001660,127.00000000,0
1531218771855,1531218771850,438021,0.00001660,368.00000000,0
1531218771873,1531218771867,438022,0.00001657,1389.00000000,1
1531218771888,1531218771883,438023,0.00001657,172.00000000,1
1531218791046,1531218791041,438024,0.00001660,156.00000000,0
1531218804930,1531218804925,438025,0.00001660,184.00000000,1
1531218813062,1531218813056,438026,0.00001660,158.00000000,1
1531218830873,1531218830869,438027,0.00001660,146.00000000,0
1531218831179,1531218831174,438028,0.00001657,2985.00000000,1
1531218838281,1531218838276,438029,0.00001660,1564.00000000,0
1531218838293,1531218838288,438030,0.00001657,978.00000000,1
1531218852857,1531218852854,438031,0.00001660,191.00000000,0
1531218862789,1531218862785,438032,0.00001660,201.00000000,0
1531218871741,1531218871738,438033,0.00001661,209.00000000,1
1531218885825,1531218885819,438034,0.00001661,159.00000000,0
1531218911795,1531218911793,438035,0.00001661,206.00000000,0
1531218928692,1531218928688,438036,0.00001661,219.00000000,0
1531218933692,1531218933688,438037,0.00001660,197.00000000,0
1531218937354,1531218937348,438038,0.00001663,232.00000000,0
1531218953641,1531218953636,438039,0.00001662,518.00000000,1
1531218974679,1531218974673,438040,0.00001662,1019.00000000,1
1531218974693,1531218974688,438041,0.00001662,876.00000000,0
1531218974711,1531218974707,438042,0.00001662,1019.00000000,1
1531218982327,1531218982322,438043,0.00001662,249.00000000,0
1531219009839,1531219009833,438044,0.00001663,980.00000000,0
1531219034603,1531219034599,438045,0.00001665,177.00000000,0
1531219042253,1531219042249,438046,0.00001664,1460.00000000,1
1531219046565,1531219046560,438047,0.00001664,163.00000000,1
1531219058650,1531219058647,438048,0.00001664,175.00000000,0
1531219072668,1531219072664,438049,0.00001664,167.00000000,1
1531219092491,1531219092487,438050,0.00001664,164.00000000,0
1531219095026,1531219095022,438051,0.00001669,1785.00000000,0
1531219095026,1531219095022,438052,0.00001671,4650.00000000,0
1531219105717,1531219105712,438053,0.00001665,143.00000000,0
1531219121547,1531219121542,438054,0.00001666,150.00000000,1
1531219125578,1531219125576,438055,0.00001666,192.00000000,0
1531219128068,1531219128062,438056,0.00001667,1082.00000000,0
1531219128082,1531219128076,438057,0.00001665,395.00000000,1
1531219150541,1531219150539,438058,0.00001666,238.00000000,0
1531219155564,1531219155560,438059,0.00001666,215.00000000,0
1531219172522,1531219172518,438060,0.00001665,240.00000000,1
1531219187656,1531219187651,438061,0.00001665,254.00000000,1
1531219202575,1531219202570,438062,0.00001666,753.00000000,1
1531219204834,1531219204830,438063,0.00001666,2763.00000000,1
1531219204868,1531219204862,438064,0.00001666,2899.00000000,1
1531219204890,1531219204885,438065,0.00001666,200.00000000,1
1531219207813,1531219207809,438066,0.00001665,159.00000000,0
1531219218802,1531219218799,438067,0.00001665,155.00000000,0
1531219227861,1531219227854,438068,0.00001665,7553.00000000,0
1531219227873,1531219227869,438069,0.00001664,2717.00000000,1
1531219227897,1531219227893,438070,0.00001666,753.00000000,0
1531219235454,1531219235448,438071,0.00001667,5992.00000000,0
1531219236738,1531219236734,438072,0.00001668,149.00000000,0
1531219249051,1531219249047,438073,0.00001668,24551.00000000,0
1531219249051,1531219249047,438074,0.00001669,1038.00000000,0
1531219249687,1531219249682,438075,0.00001667,114.00000000,0
1531219270476,1531219270471,438076,0.00001668,118.00000000,0
1531219271064,1531219271059,438077,0.00001667,113.00000000,1
1531219271081,1531219271077,438078,0.00001667,935.00000000,1
1531219271096,1531219271092,438079,0.00001666,200.00000000,1
1531219298453,1531219298449,438080,0.00001665,141.00000000,1
1531219302122,1531219302117,438081,0.00001666,753.00000000,0
1531219308491,1531219308487,438082,0.00001668,115.00000000,0
1531219309246,1531219309240,438083,0.00001667,1448.00000000,1
1531219310405,1531219310400,438084,0.00001666,156.00000000,1
1531219330615,1531219330614,438085,0.00001668,158.00000000,0
1531219340735,1531219340731,438086,0.00001668,130.00000000,0
1531219344431,1531219344427,438087,0.00001668,3393.00000000,0
1531219344448,1531219344442,438088,0.00001667,1825.00000000,1
1531219344458,1531219344454,438089,0.00001667,1426.00000000,1
1531219358572,1531219358567,438090,0.00001667,145.00000000,1
1531219365517,1531219365513,438091,0.00001668,119.00000000,0
1531219368339,1531219368334,438092,0.00001667,128.00000000,1
1531219368366,1531219368362,438093,0.00001667,392.00000000,1
1531219385783,1531219385779,438094,0.00001668,572.00000000,1
1531219392357,1531219392352,438095,0.00001668,157.00000000,1
1531219394499,1531219394495,438096,0.00001667,163.00000000,1
1531219394507,1531219394504,438097,0.00001667,163.00000000,1
1531219407483,1531219407478,438098,0.00001668,2193.00000000,1
1531219407501,1531219407497,438099,0.00001668,329.00000000,1
1531219408262,1531219408257,438100,0.00001668,136.00000000,1
1531219465158,1531219465153,438101,0.00001668,136.00000000,1
1531219473052,1531219473048,438102,0.00001669,99.00000000,0
1531219486705,1531219486701,438103,0.00001669,1006.00000000,1
1531219486919,1531219486914,438104,0.00001670,118.00000000,1
1531219511854,1531219511849,438105,0.00001669,153.00000000,0
1531219518910,1531219518904,438106,0.00001669,201.00000000,1
1531219529982,1531219529978,438107,0.00001670,4256.00000000,0
1531219529997,1531219529993,438108,0.00001669,1538.00000000,1
1531219530022,1531219530017,438109,0.00001669,1989.00000000,1
1531219531856,1531219531852,438110,0.00001670,193.00000000,0
1531219552100,1531219552095,438111,0.00001669,174.00000000,0
1531219572214,1531219572209,438112,0.00001670,175.00000000,0
1531219574459,1531219574453,438113,0.00001669,767.00000000,1
1531219576050,1531219576045,438114,0.00001669,146.00000000,1
1531219579847,1531219579842,438115,0.00001672,363.00000000,0
1531219579873,1531219579867,438116,0.00001672,187.00000000,1
1531219603008,1531219603003,438117,0.00001670,122.00000000,0
1531219610360,1531219610354,438118,0.00001671,2387.00000000,0
1531219610373,1531219610368,438119,0.00001669,1511.00000000,1
1531219611231,1531219611227,438120,0.00001670,163.00000000,0
1531219634142,1531219634136,438121,0.00001670,208.00000000,0
1531219641195,1531219641193,438122,0.00001670,228.00000000,1
1531219644716,1531219644712,438123,0.00001669,2587.00000000,1
1531219656083,1531219656079,438124,0.00001671,181.00000000,0
1531219669154,1531219669150,438125,0.00001670,196.00000000,1
1531219669584,1531219669580,438126,0.00001671,2350.00000000,0
1531219669603,1531219669598,438127,0.00001669,2670.00000000,1
1531219669627,1531219669624,438128,0.00001669,1728.00000000,1
1531219686869,1531219686864,438129,0.00001671,4035.00000000,0
1531219686878,1531219686873,438130,0.00001669,2293.00000000,1
1531219693062,1531219693056,438131,0.00001669,130.00000000,1
1531219706096,1531219706092,438132,0.00001669,99.00000000,0
1531219724324,1531219724320,438133,0.00001669,116.00000000,1
1531219727074,1531219727070,438134,0.00001670,112.00000000,0
1531219730587,1531219730582,438135,0.00001671,1812.00000000,0
1531219730606,1531219730600,438136,0.00001669,828.00000000,1
1531219751413,1531219751410,438137,0.00001668,165.00000000,0
1531219759275,1531219759269,438138,0.00001668,141.00000000,0
1531219767982,1531219767978,438139,0.00001668,1430.00000000,1
1531219767992,1531219767988,438140,0.00001668,2688.00000000,0
1531219767999,1531219767996,438141,0.00001668,1430.00000000,1
1531219768107,1531219768102,438142,0.00001669,116.00000000,0
1531219783157,1531219783153,438143,0.00001670,134.00000000,1
1531219786277,1531219786272,438144,0.00001672,131.00000000,0
1531219790113,1531219790108,438145,0.00001672,558.00000000,0
1531219790127,1531219790122,438146,0.00001671,2431.00000000,1
1531219790142,1531219790138,438147,0.00001671,229.00000000,1
1531219809539,1531219809537,438148,0.00001672,2.00000000,0
1531219809653,1531219809648,438149,0.00001672,128.00000000,0
1531219822540,1531219822538,438150,0.00001671,150.00000000,0
1531219828338,1531219828332,438151,0.00001671,2316.00000000,1
1531219828368,1531219828362,438152,0.00001671,2905.00000000,1
1531219828393,1531219828387,438153,0.00001671,1182.00000000,1
1531219835586,1531219835582,438154,0.00001672,1183.00000000,0
1531219835606,1531219835600,438155,0.00001673,849.00000000,1
1531219838622,1531219838620,438156,0.00001673,33.00000000,1
1531219850249,1531219850246,438157,0.00001673,133.00000000,1
1531219867511,1531219867507,438158,0.00001673,141.00000000,1
1531219881504,1531219881500,438159,0.00001673,13.00000000,1
1531219882695,1531219882690,438160,0.00001673,378.00000000,1
1531219885357,1531219885353,438161,0.00001673,225.00000000,1
1531219899275,1531219899271,438162,0.00001673,175.00000000,1
1531219901409,1531219901403,438163,0.00001671,175.00000000,1
1531219908310,1531219908304,438164,0.00001673,226.00000000,1
1531219910783,1531219910778,438165,0.00001672,226.00000000,1
1531219913195,1531219913190,438166,0.00001673,443.00000000,0
1531219913212,1531219913207,438167,0.00001672,48.00000000,1
1531219949114,1531219949110,438168,0.00001671,275.00000000,1
1531219949114,1531219949110,438169,0.00001670,178.00000000,1
1531219957592,1531219957588,438170,0.00001671,276.00000000,1
1531219972050,1531219972045,438171,0.00001671,1907.00000000,1
1531219972065,1531219972061,438172,0.00001671,174.00000000,1
1531219972092,1531219972087,438173,0.00001672,226.00000000,0
1531219984157,1531219984153,438174,0.00001674,332.00000000,0
1531219988293,1531219988288,438175,0.00001671,93.00000000,0
1531220002301,1531220002296,438176,0.00001672,1317.00000000,0
1531220002317,1531220002313,438177,0.00001671,2026.00000000,1
1531220002338,1531220002332,438178,0.00001671,464.00000000,1
1531220007144,1531220007140,438179,0.00001671,110.00000000,1
1531220012116,1531220012112,438180,0.00001671,114.00000000,0
1531220028950,1531220028945,438181,0.00001671,114.00000000,1
1531220045788,1531220045784,438182,0.00001671,1710.00000000,1
1531220053058,1531220053052,438183,0.00001671,272.00000000,0
1531220061616,1531220061611,438184,0.00001672,6193.00000000,0
1531220061631,1531220061625,438185,0.00001671,2346.00000000,1
1531220070061,1531220070056,438186,0.00001671,196.00000000,0
1531220075017,1531220075012,438187,0.00001672,210.00000000,0
1531220111886,1531220111880,438188,0.00001671,220.00000000,0
1531220122319,1531220122315,438189,0.00001670,180.00000000,1
1531220122809,1531220122804,438190,0.00001670,202.00000000,0
1531220138751,1531220138749,438191,0.00001669,185.00000000,1
1531220142909,1531220142905,438192,0.00001670,171.00000000,0
1531220146570,1531220146564,438193,0.00001669,236.00000000,0
1531220166223,1531220166217,438194,0.00001665,2995.00000000,1
1531220166236,1531220166230,438195,0.00001665,2540.00000000,1
1531220168542,1531220168537,438196,0.00001669,192.00000000,0
1531220179218,1531220179213,438197,0.00001667,424.00000000,0
1531220179232,1531220179227,438198,0.00001665,2278.00000000,1
1531220179252,1531220179246,438199,0.00001665,219.00000000,1
1531220181717,1531220181713,438200,0.00001669,251.00000000,0
1531220184187,1531220184182,438201,0.00001664,3571.00000000,1
1531220184187,1531220184182,438202,0.00001663,2118.00000000,1
1531220198551,1531220198547,438203,0.00001669,195.00000000,1
1531220209623,1531220209618,438204,0.00001670,1.00000000,0
1531220211620,1531220211616,438205,0.00001669,172.00000000,1
1531220230710,1531220230707,438206,0.00001668,140.00000000,1
1531220249743,1531220249738,438207,0.00001668,108.00000000,1
1531220260496,1531220260491,438208,0.00001669,134.00000000,0
1531220265727,1531220265719,438209,0.00001669,117.00000000,0
1531220288802,1531220288798,438210,0.00001668,131.00000000,0
1531220307180,1531220307175,438211,0.00001659,1530.00000000,1
1531220307205,1531220307202,438212,0.00001659,774.00000000,1
1531220309628,1531220309624,438213,0.00001667,173.00000000,0
1531220318823,1531220318821,438214,0.00001665,156.00000000,1
1531220328750,1531220328745,438215,0.00001667,152.00000000,1
1531220330585,1531220330581,438216,0.00001668,138.00000000,0
1531220352670,1531220352665,438217,0.00001666,185.00000000,0
1531220356691,1531220356687,438218,0.00001666,172.00000000,0
1531220365646,1531220365641,438219,0.00001667,196.00000000,0
1531220365667,1531220365662,438220,0.00001667,196.00000000,0
1531220365709,1531220365704,438221,0.00001667,196.00000000,0
1531220373705,1531220373701,438222,0.00001665,235.00000000,0
1531220384707,1531220384701,438223,0.00001666,251.00000000,0
1531220392780,1531220392774,438224,0.00001665,177.00000000,0
1531220406808,1531220406804,438225,0.00001660,2702.00000000,1
1531220407800,1531220407796,438226,0.00001664,220.00000000,1
1531220415838,1531220415834,438227,0.00001659,1630.00000000,1
1531220427899,1531220427895,438228,0.00001664,201.00000000,1
1531220432717,1531220432714,438229,0.00001663,174.00000000,0
1531220449700,1531220449695,438230,0.00001663,200.00000000,0
1531220467317,1531220467313,438231,0.00001660,2899.00000000,1
1531220467337,1531220467332,438232,0.00001660,1104.00000000,1
1531220471697,1531220471692,438233,0.00001663,136.00000000,0
1531220476548,1531220476545,438234,0.00001663,158.00000000,1
1531220501565,1531220501561,438235,0.00001662,146.00000000,0
1531220505297,1531220505292,438236,0.00001661,335.00000000,1
1531220507729,1531220507724,438237,0.00001662,156.00000000,0
1531220529686,1531220529681,438238,0.00001661,158.00000000,0
1531220540616,1531220540611,438239,0.00001661,164.00000000,0
1531220544445,1531220544440,438240,0.00001666,237.00000000,0
1531220544447,1531220544442,438241,0.00001666,236.00000000,0
1531220544458,1531220544454,438242,0.00001666,141.00000000,0
1531220544472,1531220544466,438243,0.00001666,88.00000000,0
1531220557821,1531220557817,438244,0.00001663,148.00000000,1
1531220568744,1531220568741,438245,0.00001663,185.00000000,0
1531220583422,1531220583417,438246,0.00001658,241.00000000,1
1531220583441,1531220583436,438247,0.00001658,2340.00000000,1
1531220592725,1531220592720,438248,0.00001663,216.00000000,0
1531220608642,1531220608637,438249,0.00001663,210.00000000,0
1531220622708,1531220622706,438250,0.00001662,183.00000000,1
1531220629487,1531220629482,438251,0.00001657,879.00000000,1
1531220629661,1531220629656,438252,0.00001662,181.00000000,0
1531220630148,1531220630142,438253,0.00001663,147.00000000,0
1531220630461,1531220630456,438254,0.00001662,3.00000000,1
1531220634620,1531220634615,438255,0.00001662,145.00000000,1
1531220641706,1531220641701,438256,0.00001656,88.00000000,1
1531220651309,1531220651304,438257,0.00001662,51.00000000,0
1531220651309,1531220651304,438258,0.00001663,191.00000000,0
1531220652593,1531220652588,438259,0.00001662,207.00000000,0
1531220658320,1531220658314,438260,0.00001663,209.00000000,0
1531220662491,1531220662487,438261,0.00001662,181.00000000,1
1531220671570,1531220671567,438262,0.00001662,226.00000000,0
1531220676229,1531220676224,438263,0.00001658,580.00000000,1
1531220689682,1531220689678,438264,0.00001662,242.00000000,0
1531220708366,1531220708361,438265,0.00001661,1105.00000000,0
1531220708382,1531220708377,438266,0.00001659,953.00000000,1
1531220710565,1531220710555,438267,0.00001661,98.00000000,0
1531220721453,1531220721448,438268,0.00001662,100.00000000,1
1531220738457,1531220738449,438269,0.00001662,100.00000000,1
1531220749750,1531220749745,438270,0.00001659,655.00000000,1
1531220749772,1531220749768,438271,0.00001659,1360.00000000,1
1531220752437,1531220752433,438272,0.00001660,87.00000000,0
1531220770247,1531220770243,438273,0.00001658,960.00000000,1
1531220774232,1531220774228,438274,0.00001659,144.00000000,1
1531220778375,1531220778370,438275,0.00001659,183.00000000,1
1531220791401,1531220791396,438276,0.00001660,165.00000000,1
1531220808230,1531220808224,438277,0.00001660,174.00000000,1
1531220809152,1531220809148,438278,0.00001658,1000.00000000,1
1531220809170,1531220809164,438279,0.00001658,546.00000000,1
1531220832168,1531220832163,438280,0.00001660,181.00000000,0
1531220835016,1531220835013,438281,0.00001656,1.00000000,1
1531220837069,1531220837064,438282,0.00001660,212.00000000,1
1531220853385,1531220853379,438283,0.00001658,2601.00000000,0
1531220853398,1531220853393,438284,0.00001657,1858.00000000,1
1531220861150,1531220861143,438285,0.00001657,196.00000000,1
1531220865187,1531220865182,438286,0.00001659,208.00000000,0
1531220869137,1531220869132,438287,0.00001659,247.00000000,1
1531220870431,1531220870427,438288,0.00001657,409.00000000,1
1531220871146,1531220871142,438289,0.00001656,2974.00000000,1
1531220880330,1531220880326,438290,0.00001657,393.00000000,1
1531220880344,1531220880338,438291,0.00001657,1883.00000000,1
1531220880364,1531220880360,438292,0.00001657,386.00000000,1
1531220880446,1531220880441,438293,0.00001657,173.00000000,1
1531220880480,1531220880476,438294,0.00001656,173.00000000,1
1531220880496,1531220880491,438295,0.00001656,213.00000000,1
1531220880496,1531220880491,438296,0.00001655,99.00000000,1
1531220880496,1531220880491,438297,0.00001651,74.00000000,1
1531220891030,1531220891024,438298,0.00001658,97.00000000,1
1531220891038,1531220891032,438299,0.00001658,139.00000000,1
1531220891038,1531220891032,438300,0.00001652,97.00000000,1
1531220900342,1531220900336,438301,0.00001658,206.00000000,0
1531220911561,1531220911555,438302,0.00001655,4934.00000000,1
1531220921086,1531220921081,438303,0.00001656,249.00000000,1
1531220922444,1531220922439,438304,0.00001654,114.00000000,1
1531220923820,1531220923814,438305,0.00001654,46.00000000,1
1531220924465,1531220924461,438306,0.00001652,179.00000000,1
1531220927046,1531220927040,438307,0.00001652,203.00000000,1
1531220933222,1531220933216,438308,0.00001657,264.00000000,0
1531220945706,1531220945699,438309,0.00001654,648.00000000,1
1531221007472,1531221007466,438310,0.00001655,133.00000000,0
1531221015438,1531221015434,438311,0.00001657,156.00000000,1
1531221024347,1531221024342,438312,0.00001653,250.00000000,0
1531221025463,1531221025458,438313,0.00001652,385.00000000,0
1531221029666,1531221029663,438314,0.00001651,1.00000000,1
1531221033550,1531221033546,438315,0.00001655,90.00000000,0
1531221041539,1531221041535,438316,0.00001654,159.00000000,0
1531221042862,1531221042856,438317,0.00001651,1990.00000000,1
1531221042862,1531221042856,438318,0.00001650,10510.00000000,1
1531221048596,1531221048590,438319,0.00001653,162.00000000,1
1531221054561,1531221054557,438320,0.00001654,61.00000000,0
1531221073469,1531221073462,438321,0.00001652,126.00000000,0
1531221077577,1531221077572,438322,0.00001653,130.00000000,1
1531221082307,1531221082302,438323,0.00001653,2331.00000000,0
1531221088007,1531221088003,438324,0.00001652,126.00000000,1
1531221088026,1531221088020,438325,0.00001652,138.00000000,0
1531221088038,1531221088033,438326,0.00001653,277.00000000,0
1531221093779,1531221093774,438327,0.00001654,999.00000000,0
1531221094581,1531221094575,438328,0.00001654,106.00000000,0
1531221110761,1531221110756,438329,0.00001654,921.00000000,0
1531221110782,1531221110777,438330,0.00001654,431.00000000,0
1531221110798,1531221110793,438331,0.00001653,2204.00000000,1
1531221111243,1531221111240,438332,0.00001653,277.00000000,0
1531221124151,1531221124145,438333,0.00001654,1633.00000000,0
1531221126793,1531221126787,438334,0.00001652,3482.00000000,0
1531221126808,1531221126802,438335,0.00001654,1088.00000000,0
1531221140983,1531221140978,438336,0.00001654,1633.00000000,1
1531221141003,1531221140998,438337,0.00001654,5150.00000000,0
1531221141011,1531221141007,438338,0.00001654,1633.00000000,1
1531221146478,1531221146471,438339,0.00001653,199.00000000,0
1531221157297,1531221157292,438340,0.00001653,243.00000000,1
1531221157360,1531221157355,438341,0.00001654,151.00000000,0
1531221169155,1531221169149,438342,0.00001653,183.00000000,0
1531221172590,1531221172585,438343,0.00001654,935.00000000,0
1531221180685,1531221180682,438344,0.00001653,954.00000000,0
1531221187382,1531221187376,438345,0.00001653,125.00000000,0
1531221187394,1531221187387,438346,0.00001653,392.00000000,0
1531221188372,1531221188367,438347,0.00001651,3251.00000000,0
1531221188385,1531221188380,438348,0.00001653,2432.00000000,0
1531221188401,1531221188395,438349,0.00001653,1069.00000000,0
1531221188424,1531221188418,438350,0.00001654,2.00000000,0
1531221195609,1531221195603,438351,0.00001654,2719.00000000,1
1531221196458,1531221196455,438352,0.00001652,270.00000000,1
1531221219623,1531221219617,438353,0.00001651,193.00000000,1
1531221229430,1531221229425,438354,0.00001651,212.00000000,0
1531221246697,1531221246694,438355,0.00001652,7088.00000000,0
1531221246707,1531221246703,438356,0.00001651,2905.00000000,1
1531221246724,1531221246719,438357,0.00001654,2.00000000,0
1531221295676,1531221295671,438358,0.00001654,2719.00000000,1
1531221295683,1531221295679,438359,0.00001654,3219.00000000,0
1531221295697,1531221295693,438360,0.00001654,2719.00000000,1
1531221308051,1531221308046,438361,0.00001653,104.00000000,1
1531221319181,1531221319176,438362,0.00001653,135.00000000,1
1531221328785,1531221328781,438363,0.00001653,1135.00000000,0
1531221328805,1531221328800,438364,0.00001654,2.00000000,0
1531221351854,1531221351849,438365,0.00001654,34.00000000,1
1531221358592,1531221358586,438366,0.00001654,2685.00000000,1
1531221358608,1531221358602,438367,0.00001654,362.00000000,0
1531221358624,1531221358619,438368,0.00001654,2685.00000000,1
1531221360440,1531221360436,438369,0.00001650,11.00000000,1
1531221371535,1531221371530,438370,0.00001653,231.00000000,0
1531221379411,1531221379405,438371,0.00001653,230.00000000,0
1531221388074,1531221388069,438372,0.00001651,300.00000000,1
1531221388396,1531221388391,438373,0.00001652,2738.00000000,0
1531221388409,1531221388403,438374,0.00001651,2102.00000000,1
1531221395121,1531221395115,438375,0.00001650,157.00000000,1
1531221395135,1531221395131,438376,0.00001650,1847.00000000,0
1531221395157,1531221395153,438377,0.00001651,300.00000000,0
1531221399509,1531221399504,438378,0.00001654,182.00000000,1
1531221410414,1531221410408,438379,0.00001654,219.00000000,0
1531221430564,1531221430560,438380,0.00001653,185.00000000,1
1531221436615,1531221436610,438381,0.00001653,205.00000000,0
1531221447691,1531221447685,438382,0.00001653,3538.00000000,0
1531221447709,1531221447704,438383,0.00001652,2184.00000000,1
1531221447738,1531221447733,438384,0.00001651,2102.00000000,1
1531221457689,1531221457685,438385,0.00001651,3.00000000,0
1531221458619,1531221458615,438386,0.00001650,175.00000000,1
1531221465375,1531221465371,438387,0.00001650,226.00000000,0
1531221469828,1531221469822,438388,0.00001651,138.00000000,0
1531221472513,1531221472509,438389,0.00001648,799.00000000,1
1531221472528,1531221472524,438390,0.00001648,974.00000000,1
1531221472552,1531221472548,438391,0.00001651,159.00000000,0
1531221492401,1531221492398,438392,0.00001652,110.00000000,1
1531221499468,1531221499463,438393,0.00001652,111.00000000,0
1531221508333,1531221508328,438394,0.00001654,1538.00000000,0
1531221508351,1531221508347,438395,0.00001654,1342.00000000,0
1531221508376,1531221508370,438396,0.00001651,2243.00000000,1
1531221509608,1531221509605,438397,0.00001647,11.00000000,1
1531221513739,1531221513733,438398,0.00001655,173.00000000,0
1531221518729,1531221518723,438399,0.00001651,2220.00000000,0
1531221518745,1531221518740,438400,0.00001648,933.00000000,1
1531221523393,1531221523389,438401,0.00001650,151.00000000,1
1531221530455,1531221530451,438402,0.00001650,148.00000000,1
1531221547866,1531221547861,438403,0.00001649,1901.00000000,1
1531221553432,1531221553427,438404,0.00001650,182.00000000,1
1531221561501,1531221561495,438405,0.00001650,190.00000000,1
1531221579338,1531221579333,438406,0.00001649,223.00000000,1
1531221585482,1531221585477,438407,0.00001649,256.00000000,1
1531221595912,1531221595908,438408,0.00001649,1926.00000000,1
1531221608448,1531221608443,438409,0.00001649,108.00000000,0
1531221615386,1531221615383,438410,0.00001655,169.00000000,0
1531221615420,1531221615415,438411,0.00001655,392.00000000,0
1531221619559,1531221619554,438412,0.00001650,129.00000000,1
1531221627900,1531221627895,438413,0.00001649,2280.00000000,1
1531221636285,1531221636279,438414,0.00001649,115.00000000,1
1531221647368,1531221647363,438415,0.00001655,144.00000000,0
1531221652402,1531221652398,438416,0.00001649,152.00000000,1
1531221667174,1531221667170,438417,0.00001652,1897.00000000,0
1531221667191,1531221667186,438418,0.00001649,1171.00000000,1
1531221671837,1531221671833,438419,0.00001649,192.00000000,1
1531221673748,1531221673742,438420,0.00001655,75.00000000,0
1531221680870,1531221680866,438421,0.00001651,233.00000000,0
1531221700758,1531221700753,438422,0.00001652,190.00000000,1
1531221711761,1531221711756,438423,0.00001649,197.00000000,1
1531221712066,1531221712060,438424,0.00001658,878.00000000,0
1531221727832,1531221727827,438425,0.00001650,144.00000000,0
1531221737735,1531221737731,438426,0.00001650,189.00000000,1
1531221761779,1531221761776,438427,0.00001650,132.00000000,0
1531221769776,1531221769771,438428,0.00001650,149.00000000,0
1531221791854,1531221791850,438429,0.00001654,113.00000000,1
1531221796894,1531221796890,438430,0.00001654,114.00000000,0
1531221821814,1531221821809,438431,0.00001654,122.00000000,0
1531221828873,1531221828868,438432,0.00001654,113.00000000,1
1531221846075,1531221846071,438433,0.00001654,321.00000000,0
1531221846089,1531221846084,438434,0.00001649,171.00000000,1
1531221850764,1531221850760,438435,0.00001655,210.00000000,0
1531221857922,1531221857919,438436,0.00001655,195.00000000,1
1531221872865,1531221872862,438437,0.00001654,3426.00000000,0
1531221872873,1531221872869,438438,0.00001649,1393.00000000,1
1531221885694,1531221885689,438439,0.00001657,143.00000000,0
1531221892779,1531221892776,438440,0.00001658,202.00000000,0
1531221907554,1531221907550,438441,0.00001657,143.00000000,1
1531221927522,1531221927517,438442,0.00001657,182.00000000,0
1531221936513,1531221936508,438443,0.00001656,189.00000000,0
1531221939254,1531221939250,438444,0.00001659,3.00000000,0
1531221952627,1531221952622,438445,0.00001656,197.00000000,1
1531221966582,1531221966578,438446,0.00001653,471.00000000,1
1531221967524,1531221967520,438447,0.00001656,229.00000000,0
1531221979571,1531221979566,438448,0.00001656,260.00000000,0
1531221999660,1531221999656,438449,0.00001655,240.00000000,1
1531222009574,1531222009570,438450,0.00001656,231.00000000,1
1531222011964,1531222011960,438451,0.00001651,636.00000000,1
1531222011985,1531222011981,438452,0.00001651,259.00000000,1
1531222032633,1531222032630,438453,0.00001656,128.00000000,0
1531222035588,1531222035583,438454,0.00001656,131.00000000,1
1531222050550,1531222050546,438455,0.00001657,148.00000000,0
1531222058523,1531222058519,438456,0.00001655,92.00000000,0
1531222058532,1531222058527,438457,0.00001658,77.00000000,0
1531222067583,1531222067579,438458,0.00001656,131.00000000,1
1531222090385,1531222090381,438459,0.00001656,197.00000000,1
1531222095350,1531222095347,438460,0.00001656,236.00000000,1
1531222122454,1531222122450,438461,0.00001655,172.00000000,1
1531222130114,1531222130109,438462,0.00001657,176.00000000,0
1531222130132,1531222130128,438463,0.00001655,99.00000000,1
1531222132444,1531222132439,438464,0.00001655,204.00000000,1
1531222148291,1531222148286,438465,0.00001655,209.00000000,1
1531222157288,1531222157286,438466,0.00001655,257.00000000,1
1531222184302,1531222184297,438467,0.00001656,228.00000000,1
1531222189251,1531222189246,438468,0.00001656,212.00000000,0
1531222189858,1531222189854,438469,0.00001658,456.00000000,0
1531222189869,1531222189864,438470,0.00001658,1178.00000000,0
1531222207992,1531222207987,438471,0.00001657,172.00000000,1
1531222210223,1531222210219,438472,0.00001656,129.00000000,1
1531222218010,1531222218005,438473,0.00001655,222.00000000,1
1531222241030,1531222241026,438474,0.00001654,152.00000000,0
1531222248001,1531222247997,438475,0.00001656,219.00000000,1
1531222263509,1531222263504,438476,0.00001656,5517.00000000,0
1531222263605,1531222263602,438477,0.00001654,2463.00000000,1
1531222268767,1531222268762,438478,0.00001656,194.00000000,1
1531222283752,1531222283748,438479,0.00001657,239.00000000,0
1531222293792,1531222293788,438480,0.00001659,367.00000000,0
1531222302837,1531222302834,438481,0.00001658,226.00000000,0
1531222310804,1531222310800,438482,0.00001656,231.00000000,1
1531222329853,1531222329851,438483,0.00001659,202.00000000,1
1531222347759,1531222347755,438484,0.00001659,152.00000000,0
1531222354043,1531222354038,438485,0.00001656,152.00000000,1
