event_time,trade_time,trade_id,price,quantity,maker
1531210357066,1531210357063,2008943,0.00000887,1166.00000000,1
1531210357083,1531210357078,2008944,0.00000887,2815.00000000,0
1531210357092,1531210357087,2008945,0.00000887,1166.00000000,1
1531210364328,1531210364324,2008946,0.00000886,100000.00000000,1
1531210364591,1531210364587,2008947,0.00000887,342.00000000,0
1531210385026,1531210385022,2008948,0.00000887,875.00000000,1
1531210385045,1531210385041,2008949,0.00000887,1166.00000000,1
1531210386855,1531210386851,2008950,0.00000887,342.00000000,0
1531210395972,1531210395966,2008951,0.00000888,2587.00000000,0
1531210446697,1531210446693,2008952,0.00000887,96.00000000,1
1531210446720,1531210446715,2008953,0.00000887,1448.00000000,0
1531210450682,1531210450678,2008954,0.00000887,1354.00000000,0
1531210450685,1531210450682,2008955,0.00000887,254.00000000,0
1531210450708,1531210450703,2008956,0.00000887,4844.00000000,0
1531210450710,1531210450710,2008957,0.00000887,4844.00000000,0
1531210450752,1531210450747,2008958,0.00000887,3704.00000000,0
1531210458777,1531210458772,2008959,0.00000887,4121.00000000,1
1531210462143,1531210462140,2008960,0.00000887,5415.00000000,1
1531210462163,1531210462157,2008961,0.00000887,7814.00000000,1
1531210508870,1531210508866,2008962,0.00000887,1506.00000000,0
1531210509488,1531210509484,2008963,0.00000886,809.00000000,1
1531210579835,1531210579829,2008964,0.00000884,1637.00000000,0
1531210579849,1531210579844,2008965,0.00000883,602.00000000,1
1531210594273,1531210594273,2008966,0.00000883,15000.00000000,1
1531210606605,1531210606601,2008967,0.00000884,12892.00000000,0
1531210606622,1531210606617,2008968,0.00000883,3369.00000000,1
1531210606639,1531210606635,2008969,0.00000883,5417.00000000,1
1531210612653,1531210612650,2008970,0.00000882,52.00000000,1
1531210613189,1531210613184,2008971,0.00000882,377.00000000,1
1531210613726,1531210613723,2008972,0.00000882,61.00000000,1
1531210614252,1531210614247,2008973,0.00000882,33.00000000,1
1531210614668,1531210614663,2008974,0.00000882,79.00000000,1
1531210615165,1531210615161,2008975,0.00000882,44.00000000,1
1531210615680,1531210615674,2008976,0.00000882,17027.00000000,1
1531210616330,1531210616329,2008977,0.00000882,53.00000000,1
1531210616768,1531210616766,2008978,0.00000882,68.00000000,1
1531210617008,1531210617004,2008979,0.00000882,61.00000000,1
1531210617542,1531210617538,2008980,0.00000882,68.00000000,1
1531210618255,1531210618250,2008981,0.00000882,32.00000000,1
1531210618737,1531210618733,2008982,0.00000882,99.00000000,1
1531210619297,1531210619293,2008983,0.00000882,35.00000000,1
1531210619583,1531210619579,2008984,0.00000882,49.00000000,1
1531210620147,1531210620143,2008985,0.00000882,87.00000000,1
1531210620659,1531210620655,2008986,0.00000882,66.00000000,1
1531210621132,1531210621128,2008987,0.00000882,373.00000000,1
1531210621574,1531210621570,2008988,0.00000882,23.00000000,1
1531210622442,1531210622438,2008989,0.00000882,120.00000000,1
1531210623014,1531210623010,2008990,0.00000882,36.00000000,1
1531210623525,1531210623521,2008991,0.00000882,38.00000000,1
1531210624048,1531210624044,2008992,0.00000882,65.00000000,1
1531210624518,1531210624514,2008993,0.00000882,63.00000000,1
1531210625004,1531210625000,2008994,0.00000882,53.00000000,1
1531210625726,1531210625723,2008995,0.00000882,25.00000000,1
1531210626250,1531210626248,2008996,0.00000882,41.00000000,1
1531210626742,1531210626738,2008997,0.00000882,110.00000000,1
1531210627305,1531210627301,2008998,0.00000882,91.00000000,1
1531210627862,1531210627858,2008999,0.00000882,29.00000000,1
1531210628153,1531210628150,2009000,0.00000882,1435.00000000,1
1531210628183,1531210628179,2009001,0.00000882,165.00000000,0
1531210628649,1531210628644,2009002,0.00000881,31.00000000,1
1531210629182,1531210629177,2009003,0.00000881,26.00000000,1
1531210629501,1531210629497,2009004,0.00000881,188.00000000,1
1531210629606,1531210629603,2009005,0.00000881,23.00000000,1
1531210630094,1531210630089,2009006,0.00000881,28.00000000,1
1531210630566,1531210630563,2009007,0.00000881,24.00000000,1
1531210631699,1531210631698,2009008,0.00000881,109.00000000,1
1531210632137,1531210632133,2009009,0.00000881,24.00000000,1
1531210632280,1531210632277,2009010,0.00000881,38.00000000,1
1531210632832,1531210632831,2009011,0.00000881,235.00000000,1
1531210633110,1531210633106,2009012,0.00000881,79.00000000,1
1531210633726,1531210633725,2009013,0.00000881,34.00000000,1
1531210634349,1531210634344,2009014,0.00000881,50.00000000,1
1531210634807,1531210634803,2009015,0.00000881,71.00000000,1
1531210635344,1531210635339,2009016,0.00000882,53.00000000,1
1531210635870,1531210635867,2009017,0.00000882,62.00000000,1
1531210636465,1531210636459,2009018,0.00000882,68.00000000,1
1531210636869,1531210636864,2009019,0.00000882,30.00000000,1
1531210637306,1531210637305,2009020,0.00000882,97.00000000,1
1531210638226,1531210638222,2009021,0.00000882,48.00000000,1
1531210638765,1531210638764,2009022,0.00000882,116.00000000,1
1531210639431,1531210639426,2009023,0.00000882,40.00000000,1
1531210639879,1531210639874,2009024,0.00000882,3170.00000000,1
1531210640046,1531210640041,2009025,0.00000882,50.00000000,1
1531210640490,1531210640486,2009026,0.00000882,45.00000000,1
1531210640667,1531210640662,2009027,0.00000884,3866.00000000,0
1531210640679,1531210640675,2009028,0.00000882,8046.00000000,1
1531210640703,1531210640699,2009029,0.00000882,1671.00000000,0
1531210640704,1531210640699,2009030,0.00000882,784.00000000,0
1531210640739,1531210640734,2009031,0.00000882,192.00000000,1
1531210640802,1531210640797,2009032,0.00000882,528.00000000,1
1531210641394,1531210641390,2009033,0.00000882,50.00000000,1
1531210641514,1531210641509,2009034,0.00000882,20.00000000,1
1531210642048,1531210642041,2009035,0.00000882,78.00000000,1
1531210642180,1531210642174,2009036,0.00000882,18.00000000,1
1531210642180,1531210642174,2009037,0.00000881,49.00000000,1
1531210642459,1531210642456,2009038,0.00000881,64.00000000,1
1531210643158,1531210643153,2009039,0.00000881,93.00000000,1
1531210643707,1531210643704,2009040,0.00000881,24.00000000,1
1531210644216,1531210644212,2009041,0.00000881,62.00000000,1
1531210644732,1531210644729,2009042,0.00000881,74.00000000,1
1531210644989,1531210644985,2009043,0.00000881,886.00000000,1
1531210645193,1531210645190,2009044,0.00000881,52.00000000,1
1531210645684,1531210645680,2009045,0.00000881,63.00000000,1
1531210646337,1531210646334,2009046,0.00000881,50.00000000,1
1531210646349,1531210646345,2009047,0.00000886,502.00000000,0
1531210646800,1531210646795,2009048,0.00000881,94.00000000,1
1531210647345,1531210647341,2009049,0.00000881,159.00000000,1
1531210647842,1531210647838,2009050,0.00000881,31.00000000,1
1531210648453,1531210648446,2009051,0.00000881,52.00000000,1
1531210649055,1531210649052,2009052,0.00000881,60.00000000,1
1531210649660,1531210649656,2009053,0.00000881,69.00000000,1
1531210649906,1531210649901,2009054,0.00000881,92.00000000,1
1531210650435,1531210650431,2009055,0.00000881,51.00000000,1
1531210650888,1531210650887,2009056,0.00000881,101.00000000,1
1531210651362,1531210651358,2009057,0.00000881,86914.00000000,1
1531210651589,1531210651584,2009058,0.00000880,64.00000000,1
1531210652018,1531210652014,2009059,0.00000880,155.00000000,1
1531210652580,1531210652576,2009060,0.00000880,24.00000000,1
1531210653307,1531210653301,2009061,0.00000880,529.00000000,1
1531210653755,1531210653750,2009062,0.00000880,29.00000000,1
1531210653818,1531210653813,2009063,0.00000880,20.00000000,1
1531210654341,1531210654337,2009064,0.00000880,24.00000000,1
1531210654777,1531210654772,2009065,0.00000880,29.00000000,1
1531210655204,1531210655202,2009066,0.00000880,29.00000000,1
1531210679228,1531210679223,2009067,0.00000880,345.00000000,1
1531210688492,1531210688488,2009068,0.00000880,20000.00000000,1
1531210751119,1531210751115,2009069,0.00000884,190.00000000,0
1531210756617,1531210756612,2009070,0.00000884,2512.00000000,0
1531210776720,1531210776717,2009071,0.00000881,8727.00000000,1
1531210786617,1531210786611,2009072,0.00000883,287.00000000,0
1531210817189,1531210817185,2009073,0.00000882,15107.00000000,1
1531210817201,1531210817197,2009074,0.00000882,6131.00000000,0
1531210817208,1531210817203,2009075,0.00000882,7241.00000000,1
1531210817221,1531210817217,2009076,0.00000882,7866.00000000,1
1531210827440,1531210827435,2009077,0.00000883,1594.00000000,0
1531210837334,1531210837330,2009078,0.00000882,7152.00000000,1
1531210843186,1531210843183,2009079,0.00000882,500.00000000,1
1531210843836,1531210843830,2009080,0.00000883,3406.00000000,0
1531210843836,1531210843830,2009081,0.00000884,7166.00000000,0
1531210843836,1531210843830,2009082,0.00000885,10000.00000000,0
1531210843849,1531210843844,2009083,0.00000885,16559.00000000,1
1531210846992,1531210846983,2009084,0.00000883,130.00000000,1
1531210846992,1531210846983,2009085,0.00000881,627.00000000,1
1531210846992,1531210846983,2009086,0.00000880,1221.00000000,1
1531210846992,1531210846983,2009087,0.00000879,5458.00000000,1
1531210846992,1531210846983,2009088,0.00000878,470.00000000,1
1531210846992,1531210846983,2009089,0.00000877,595.00000000,1
1531210847007,1531210847003,2009090,0.00000877,3451.00000000,0
1531210847066,1531210847062,2009091,0.00000877,156.00000000,1
1531210847489,1531210847485,2009092,0.00000883,157.00000000,1
1531210847852,1531210847846,2009093,0.00000883,136.00000000,1
1531210847914,1531210847907,2009094,0.00000883,3.00000000,1
1531210871453,1531210871449,2009095,0.00000881,456.00000000,0
1531210871470,1531210871468,2009096,0.00000880,10555.00000000,1
1531210871488,1531210871484,2009097,0.00000880,184.00000000,1
1531210874087,1531210874084,2009098,0.00000877,20.00000000,1
1531210874144,1531210874139,2009099,0.00000877,480.00000000,1
1531210874144,1531210874139,2009100,0.00000876,198.00000000,1
1531210877255,1531210877250,2009101,0.00000877,286.00000000,0
1531210877255,1531210877250,2009102,0.00000878,30.00000000,0
1531210877654,1531210877651,2009103,0.00000876,533.00000000,1
1531210879388,1531210879383,2009104,0.00000877,613.00000000,1
1531210883022,1531210883020,2009105,0.00000880,613.00000000,1
1531210883744,1531210883738,2009106,0.00000881,263.00000000,0
1531210890978,1531210890974,2009107,0.00000881,578.00000000,0
1531210892606,1531210892601,2009108,0.00000880,1.00000000,1
1531210893826,1531210893821,2009109,0.00000880,2600.00000000,1
1531210897876,1531210897872,2009110,0.00000880,4.00000000,1
1531210904672,1531210904652,2009111,0.00000880,77.00000000,0
1531210915252,1531210915247,2009112,0.00000880,3168.00000000,0
1531210919162,1531210919158,2009113,0.00000877,2847.00000000,1
1531210919182,1531210919178,2009114,0.00000877,8855.00000000,1
1531210923145,1531210923140,2009115,0.00000878,351.00000000,1
1531210923145,1531210923140,2009116,0.00000876,673.00000000,1
1531210926400,1531210926396,2009117,0.00000879,126.00000000,0
1531210926400,1531210926396,2009118,0.00000880,2324.00000000,0
1531210935380,1531210935376,2009119,0.00000877,116.00000000,1
1531210935508,1531210935503,2009120,0.00000877,116.00000000,1
1531210935848,1531210935844,2009121,0.00000877,231.00000000,1
1531210936330,1531210936325,2009122,0.00000877,116.00000000,1
1531210937351,1531210937347,2009123,0.00000877,665.00000000,1
1531210954845,1531210954841,2009124,0.00000878,5581.00000000,1
1531210954854,1531210954849,2009125,0.00000878,3524.00000000,1
1531210961286,1531210961281,2009126,0.00000880,6981.00000000,0
1531210962519,1531210962515,2009127,0.00000880,1323.00000000,1
1531210975766,1531210975764,2009128,0.00000881,10449.00000000,0
1531210983346,1531210983341,2009129,0.00000881,385.00000000,1
1531211054274,1531211054269,2009130,0.00000881,455.00000000,1
1531211065843,1531211065839,2009131,0.00000882,529.00000000,0
1531211065843,1531211065839,2009132,0.00000883,10000.00000000,0
1531211067285,1531211067281,2009133,0.00000885,10.00000000,0
1531211067433,1531211067429,2009134,0.00000883,3766.00000000,1
1531211067749,1531211067744,2009135,0.00000883,777.00000000,1
1531211075924,1531211075919,2009136,0.00000883,29000.00000000,1
1531211083612,1531211083607,2009137,0.00000883,400.00000000,1
1531211085103,1531211085099,2009138,0.00000883,8.00000000,1
1531211086129,1531211086125,2009139,0.00000882,214.00000000,0
1531211105489,1531211105484,2009140,0.00000882,220.00000000,0
1531211115683,1531211115680,2009141,0.00000884,456.00000000,1
1531211116285,1531211116282,2009142,0.00000884,287.00000000,1
1531211116926,1531211116923,2009143,0.00000885,60.00000000,0
1531211119221,1531211119216,2009144,0.00000884,7044.00000000,1
1531211119248,1531211119244,2009145,0.00000884,9159.00000000,1
1531211119259,1531211119254,2009146,0.00000884,4594.00000000,1
1531211129628,1531211129623,2009147,0.00000884,743.00000000,0
1531211129628,1531211129623,2009148,0.00000885,3329.00000000,0
1531211133172,1531211133167,2009149,0.00000885,1021.00000000,1
1531211133172,1531211133167,2009150,0.00000883,679.00000000,1
1531211152222,1531211152217,2009151,0.00000884,1.00000000,1
1531211156508,1531211156503,2009152,0.00000884,113.00000000,1
1531211164810,1531211164806,2009153,0.00000884,1.00000000,0
1531211182233,1531211182228,2009154,0.00000884,2084.00000000,1
1531211206332,1531211206327,2009155,0.00000884,12430.00000000,1
1531211206343,1531211206342,2009156,0.00000884,2545.00000000,0
1531211206357,1531211206352,2009157,0.00000884,2173.00000000,1
1531211206375,1531211206371,2009158,0.00000884,10257.00000000,1
1531211214119,1531211214116,2009159,0.00000883,1.00000000,1
1531211223294,1531211223290,2009160,0.00000886,1.00000000,0
1531211233673,1531211233669,2009161,0.00000884,8700.00000000,1
1531211326140,1531211326135,2009162,0.00000884,126.00000000,1
1531211345607,1531211345602,2009163,0.00000885,478.00000000,0
1531211364300,1531211364297,2009164,0.00000884,200.00000000,1
1531211381594,1531211381589,2009165,0.00000885,1503.00000000,0
1531211383787,1531211383782,2009166,0.00000885,9813.00000000,0
1531211404084,1531211404080,2009167,0.00000885,5000.00000000,1
1531211413568,1531211413562,2009168,0.00000885,187.00000000,1
1531211511843,1531211511840,2009169,0.00000884,26.00000000,1
1531211511843,1531211511840,2009170,0.00000883,721.00000000,1
1531211520614,1531211520613,2009171,0.00000884,5693.00000000,1
1531211520709,1531211520705,2009172,0.00000884,5913.00000000,1
1531211564403,1531211564399,2009173,0.00000884,10150.00000000,1
1531211565286,1531211565281,2009174,0.00000883,139.00000000,1
1531211576985,1531211576981,2009175,0.00000883,400.00000000,1
1531211585697,1531211585692,2009176,0.00000883,14.00000000,1
1531211585697,1531211585692,2009177,0.00000882,8786.00000000,1
1531211615274,1531211615270,2009178,0.00000884,4636.00000000,0
1531211616950,1531211616945,2009179,0.00000885,57.00000000,0
1531211655173,1531211655169,2009180,0.00000884,9770.00000000,0
1531211655197,1531211655193,2009181,0.00000884,4222.00000000,0
1531211677849,1531211677844,2009182,0.00000885,839.00000000,0
1531211689784,1531211689780,2009183,0.00000885,225.00000000,0
1531211692206,1531211692202,2009184,0.00000884,600.00000000,1
1531211701288,1531211701285,2009185,0.00000884,55.00000000,1
1531211701764,1531211701760,2009186,0.00000884,379.00000000,0
1531211704779,1531211704776,2009187,0.00000884,1.00000000,0
1531211748608,1531211748605,2009188,0.00000884,40.00000000,0
1531211751628,1531211751625,2009189,0.00000884,1.00000000,0
1531211800004,1531211800000,2009190,0.00000884,6422.00000000,0
1531211839765,1531211839764,2009191,0.00000884,1115.00000000,0
1531211859791,1531211859787,2009192,0.00000883,114.00000000,1
1531211859791,1531211859787,2009193,0.00000882,68.00000000,1
1531211859938,1531211859935,2009194,0.00000880,841.00000000,1
1531211861700,1531211861695,2009195,0.00000882,683.00000000,1
1531211870548,1531211870548,2009196,0.00000882,9391.00000000,0
1531211870567,1531211870563,2009197,0.00000882,4825.00000000,0
1531211948511,1531211948508,2009198,0.00000881,10000.00000000,0
1531211948566,1531211948561,2009199,0.00000881,9161.00000000,1
1531211957067,1531211957062,2009200,0.00000881,10000.00000000,1
1531211962297,1531211962292,2009201,0.00000881,7606.00000000,1
1531211972689,1531211972685,2009202,0.00000881,1048.00000000,0
1531211972689,1531211972685,2009203,0.00000882,17606.00000000,0
1531211972775,1531211972771,2009204,0.00000882,10056.00000000,1
1531212000351,1531212000347,2009205,0.00000883,10000.00000000,0
1531212000373,1531212000368,2009206,0.00000883,4339.00000000,1
1531212004627,1531212004622,2009207,0.00000881,497.00000000,1
1531212004627,1531212004622,2009208,0.00000880,3711.00000000,1
1531212004688,1531212004682,2009209,0.00000878,131.00000000,1
1531212018470,1531212018466,2009210,0.00000878,225.00000000,1
1531212021795,1531212021789,2009211,0.00000878,6588.00000000,1
1531212021805,1531212021801,2009212,0.00000878,10023.00000000,0
1531212021822,1531212021817,2009213,0.00000879,6321.00000000,0
1531212021848,1531212021844,2009214,0.00000879,6808.00000000,0
1531212027498,1531212027492,2009215,0.00000880,249.00000000,0
1531212033380,1531212033375,2009216,0.00000877,1105.00000000,1
1531212033816,1531212033811,2009217,0.00000876,1075.00000000,1
1531212035714,1531212035709,2009218,0.00000875,20.00000000,1
1531212039955,1531212039952,2009219,0.00000876,30.00000000,0
1531212039955,1531212039952,2009220,0.00000877,182.00000000,0
1531212039976,1531212039971,2009221,0.00000877,192.00000000,0
1531212039979,1531212039976,2009222,0.00000877,212.00000000,0
1531212040961,1531212040957,2009223,0.00000877,316.00000000,0
1531212042482,1531212042478,2009224,0.00000876,252.00000000,1
1531212042482,1531212042478,2009225,0.00000875,12966.00000000,1
1531212049925,1531212049921,2009226,0.00000875,252.00000000,1
1531212051415,1531212051410,2009227,0.00000874,462.00000000,1
1531212051415,1531212051410,2009228,0.00000874,2074.00000000,1
1531212051416,1531212051410,2009229,0.00000874,823.00000000,1
1531212053373,1531212053368,2009230,0.00000875,13.00000000,0
1531212053794,1531212053792,2009231,0.00000874,76.00000000,1
1531212053794,1531212053792,2009232,0.00000873,167.00000000,1
1531212055489,1531212055485,2009233,0.00000874,1091.00000000,0
1531212055711,1531212055707,2009234,0.00000874,171.00000000,0
1531212056662,1531212056657,2009235,0.00000873,496.00000000,1
1531212058221,1531212058216,2009236,0.00000873,20.00000000,1
1531212060802,1531212060797,2009237,0.00000873,132.00000000,1
1531212060817,1531212060812,2009238,0.00000873,19421.00000000,0
1531212060828,1531212060822,2009239,0.00000874,10101.00000000,0
1531212061275,1531212061271,2009240,0.00000874,752.00000000,1
1531212061296,1531212061295,2009241,0.00000874,10.00000000,1
1531212061296,1531212061295,2009242,0.00000873,132.00000000,1
1531212062774,1531212062770,2009243,0.00000875,502.00000000,0
1531212066473,1531212066468,2009244,0.00000872,169.00000000,0
1531212066473,1531212066468,2009245,0.00000874,588.00000000,0
1531212066473,1531212066468,2009246,0.00000875,195.00000000,0
1531212067532,1531212067528,2009247,0.00000871,20.00000000,1
1531212082528,1531212082522,2009248,0.00000873,918.00000000,1
1531212082911,1531212082906,2009249,0.00000873,915.00000000,1
1531212082911,1531212082906,2009250,0.00000871,2.00000000,1
1531212083591,1531212083585,2009251,0.00000871,973.00000000,1
1531212087413,1531212087409,2009252,0.00000872,71.00000000,0
1531212094311,1531212094307,2009253,0.00000871,6400.00000000,1
1531212105818,1531212105817,2009254,0.00000872,19.00000000,0
1531212112749,1531212112745,2009255,0.00000871,30.00000000,1
1531212116099,1531212116093,2009256,0.00000871,77.00000000,0
1531212116199,1531212116195,2009257,0.00000871,61.00000000,0
1531212122230,1531212122226,2009258,0.00000871,459.00000000,0
1531212124665,1531212124662,2009259,0.00000870,127.00000000,1
1531212125166,1531212125163,2009260,0.00000870,127.00000000,1
1531212133611,1531212133607,2009261,0.00000870,233.00000000,1
1531212143424,1531212143421,2009262,0.00000870,11000.00000000,1
1531212145343,1531212145340,2009263,0.00000870,408.00000000,1
1531212148507,1531212148501,2009264,0.00000870,349.00000000,1
1531212148702,1531212148698,2009265,0.00000870,117.00000000,1
1531212149128,1531212149123,2009266,0.00000870,117.00000000,1
1531212149739,1531212149735,2009267,0.00000870,2953.00000000,1
1531212151762,1531212151757,2009268,0.00000869,116.00000000,1
1531212151828,1531212151823,2009269,0.00000869,29.00000000,0
1531212156452,1531212156447,2009270,0.00000868,20.00000000,1
1531212156621,1531212156616,2009271,0.00000869,3474.00000000,0
1531212157694,1531212157690,2009272,0.00000868,20.00000000,1
1531212158659,1531212158654,2009273,0.00000869,2.00000000,0
1531212173851,1531212173847,2009274,0.00000868,117.00000000,1
1531212175561,1531212175557,2009275,0.00000870,219.00000000,0
1531212184291,1531212184286,2009276,0.00000870,171.00000000,0
1531212191399,1531212191396,2009277,0.00000871,61.00000000,0
1531212191448,1531212191443,2009278,0.00000871,79.00000000,0
1531212191541,1531212191537,2009279,0.00000871,224.00000000,0
1531212191739,1531212191734,2009280,0.00000871,235.00000000,0
1531212191799,1531212191794,2009281,0.00000871,31.00000000,0
1531212191905,1531212191901,2009282,0.00000871,50.00000000,0
1531212191940,1531212191935,2009283,0.00000871,30.00000000,0
1531212192009,1531212192008,2009284,0.00000871,24.00000000,0
1531212192213,1531212192209,2009285,0.00000871,87.00000000,0
1531212192269,1531212192265,2009286,0.00000871,78.00000000,0
1531212192300,1531212192295,2009287,0.00000868,1095.00000000,1
1531212192321,1531212192316,2009288,0.00000871,31.00000000,0
1531212192362,1531212192357,2009289,0.00000871,24.00000000,0
1531212192415,1531212192411,2009290,0.00000871,62.00000000,0
1531212192727,1531212192723,2009291,0.00000871,29.00000000,0
1531212192802,1531212192799,2009292,0.00000871,23.00000000,0
1531212192853,1531212192849,2009293,0.00000871,120.00000000,0
1531212192902,1531212192897,2009294,0.00000871,74.00000000,0
1531212192944,1531212192937,2009295,0.00000871,63.00000000,0
1531212193156,1531212193153,2009296,0.00000871,110.00000000,0
1531212193634,1531212193630,2009297,0.00000871,71.00000000,0
1531212193673,1531212193669,2009298,0.00000871,34.00000000,0
1531212193695,1531212193691,2009299,0.00000871,61.00000000,0
1531212193734,1531212193730,2009300,0.00000871,109.00000000,0
1531212193808,1531212193805,2009301,0.00000871,38.00000000,0
1531212193862,1531212193857,2009302,0.00000871,50.00000000,0
1531212193905,1531212193900,2009303,0.00000871,67.00000000,0
1531212193983,1531212193978,2009304,0.00000871,64.00000000,0
1531212194138,1531212194133,2009305,0.00000868,2269.00000000,1
1531212194164,1531212194160,2009306,0.00000868,1105.00000000,0
1531212194195,1531212194191,2009307,0.00000868,1.00000000,0
1531212194195,1531212194191,2009308,0.00000871,51.00000000,0
1531212194270,1531212194266,2009309,0.00000871,26.00000000,0
1531212194288,1531212194285,2009310,0.00000871,50.00000000,0
1531212194307,1531212194303,2009311,0.00000871,33.00000000,0
1531212194385,1531212194379,2009312,0.00000871,45.00000000,0
1531212194409,1531212194405,2009313,0.00000871,28.00000000,0
1531212194514,1531212194509,2009314,0.00000871,65.00000000,0
1531212194714,1531212194709,2009315,0.00000871,41.00000000,0
1531212194719,1531212194713,2009316,0.00000871,79.00000000,0
1531212194801,1531212194797,2009317,0.00000871,35.00000000,0
1531212202035,1531212202031,2009318,0.00000870,325.00000000,0
1531212202101,1531212202097,2009319,0.00000869,7623.00000000,0
1531212202108,1531212202104,2009320,0.00000870,5924.00000000,0
1531212202745,1531212202740,2009321,0.00000871,5.00000000,0
1531212205333,1531212205326,2009322,0.00000875,152.00000000,0
1531212205359,1531212205355,2009323,0.00000875,536.00000000,1
1531212211388,1531212211384,2009324,0.00000874,529.00000000,0
1531212211428,1531212211424,2009325,0.00000874,7.00000000,0
1531212211428,1531212211424,2009326,0.00000876,86.00000000,0
1531212211513,1531212211508,2009327,0.00000876,63.00000000,0
1531212211593,1531212211588,2009328,0.00000876,53.00000000,0
1531212211931,1531212211928,2009329,0.00000876,49.00000000,0
1531212212095,1531212212094,2009330,0.00000876,53.00000000,0
1531212212149,1531212212143,2009331,0.00000876,377.00000000,0
1531212212161,1531212212158,2009332,0.00000876,68.00000000,0
1531212212348,1531212212342,2009333,0.00000876,36.00000000,0
1531212212408,1531212212402,2009334,0.00000876,38.00000000,0
1531212212582,1531212212581,2009335,0.00000876,53.00000000,0
1531212212642,1531212212639,2009336,0.00000876,68.00000000,0
1531212212804,1531212212799,2009337,0.00000876,66.00000000,0
1531212213313,1531212213310,2009338,0.00000876,44.00000000,0
1531212216837,1531212216833,2009339,0.00000876,50.00000000,0
1531212216883,1531212216880,2009340,0.00000876,40.00000000,0
1531212216933,1531212216927,2009341,0.00000876,116.00000000,0
1531212217062,1531212217058,2009342,0.00000876,97.00000000,0
1531212217122,1531212217117,2009343,0.00000876,62.00000000,0
1531212217167,1531212217162,2009344,0.00000876,48.00000000,0
1531212217271,1531212217266,2009345,0.00000876,29.00000000,0
1531212217341,1531212217339,2009346,0.00000876,91.00000000,0
1531212217412,1531212217406,2009347,0.00000876,25.00000000,0
1531212217463,1531212217460,2009348,0.00000876,23.00000000,0
1531212217503,1531212217498,2009349,0.00000876,373.00000000,0
1531212217577,1531212217571,2009350,0.00000876,99.00000000,0
1531212217624,1531212217619,2009351,0.00000876,32.00000000,0
1531212217771,1531212217767,2009352,0.00000876,68.00000000,0
1531212227136,1531212227131,2009353,0.00000875,101.00000000,0
1531212227169,1531212227163,2009354,0.00000875,51.00000000,0
1531212227238,1531212227234,2009355,0.00000875,92.00000000,0
1531212227284,1531212227280,2009356,0.00000875,69.00000000,0
1531212227341,1531212227337,2009357,0.00000874,60.00000000,0
1531212227384,1531212227380,2009358,0.00000874,52.00000000,0
1531212227442,1531212227438,2009359,0.00000874,159.00000000,0
1531212227493,1531212227491,2009360,0.00000874,94.00000000,0
1531212227662,1531212227657,2009361,0.00000874,52.00000000,0
1531212227773,1531212227770,2009362,0.00000874,24.00000000,0
1531212231177,1531212231173,2009363,0.00000874,29.00000000,0
1531212231272,1531212231267,2009364,0.00000874,24.00000000,0
1531212231342,1531212231336,2009365,0.00000874,29.00000000,0
1531212231390,1531212231385,2009366,0.00000874,24.00000000,0
1531212231463,1531212231457,2009367,0.00000874,155.00000000,0
1531212231648,1531212231643,2009368,0.00000874,64.00000000,0
1531212232907,1531212232903,2009369,0.00000871,323.00000000,1
1531212232907,1531212232903,2009370,0.00000869,391.00000000,1
1531212232907,1531212232903,2009371,0.00000868,3286.00000000,1
1531212246683,1531212246679,2009372,0.00000871,323.00000000,1
1531212248387,1531212248381,2009373,0.00000872,127.00000000,0
1531212248904,1531212248899,2009374,0.00000873,159.00000000,0
1531212249412,1531212249406,2009375,0.00000874,29.00000000,0
1531212250748,1531212250743,2009376,0.00000874,4000.00000000,0
1531212252907,1531212252903,2009377,0.00000874,219.00000000,0
1531212260758,1531212260753,2009378,0.00000870,3853.00000000,0
1531212260771,1531212260765,2009379,0.00000873,2684.00000000,0
1531212260796,1531212260792,2009380,0.00000873,1705.00000000,0
1531212268207,1531212268193,2009381,0.00000869,464.00000000,1
1531212268207,1531212268193,2009382,0.00000868,10136.00000000,1
1531212268207,1531212268193,2009383,0.00000867,18385.00000000,1
1531212268207,1531212268193,2009384,0.00000866,4529.00000000,1
1531212268207,1531212268193,2009385,0.00000865,16005.00000000,1
1531212268207,1531212268193,2009386,0.00000864,5114.00000000,1
1531212268207,1531212268193,2009387,0.00000863,7577.00000000,1
1531212268914,1531212268909,2009388,0.00000868,349.00000000,1
1531212268914,1531212268909,2009389,0.00000867,341.00000000,1
1531212269236,1531212269235,2009390,0.00000868,519.00000000,0
1531212269497,1531212269496,2009391,0.00000869,694.00000000,0
1531212269805,1531212269798,2009392,0.00000868,349.00000000,0
1531212269821,1531212269818,2009393,0.00000867,170.00000000,1
1531212271372,1531212271366,2009394,0.00000869,726.00000000,0
1531212272822,1531212272817,2009395,0.00000868,380.00000000,0
1531212273137,1531212273132,2009396,0.00000868,84.00000000,0
1531212284477,1531212284472,2009397,0.00000868,1000.00000000,1
1531212285424,1531212285421,2009398,0.00000868,7265.00000000,1
1531212285483,1531212285478,2009399,0.00000868,230.00000000,0
1531212286106,1531212286101,2009400,0.00000868,505.00000000,0
1531212286106,1531212286101,2009401,0.00000869,2657.00000000,0
1531212293952,1531212293948,2009402,0.00000867,117.00000000,1
1531212295262,1531212295257,2009403,0.00000868,54.00000000,0
1531212296892,1531212296889,2009404,0.00000867,612.00000000,1
1531212296914,1531212296910,2009405,0.00000867,27873.00000000,0
1531212296935,1531212296930,2009406,0.00000868,10311.00000000,0
1531212296951,1531212296947,2009407,0.00000868,10987.00000000,0
1531212300183,1531212300179,2009408,0.00000868,54.00000000,1
1531212300183,1531212300179,2009409,0.00000866,926.00000000,1
1531212301335,1531212301330,2009410,0.00000866,5.00000000,1
1531212304939,1531212304934,2009411,0.00000868,127.00000000,0
1531212304939,1531212304934,2009412,0.00000869,158.00000000,0
1531212307549,1531212307544,2009413,0.00000866,3.00000000,1
1531212320311,1531212320305,2009414,0.00000867,463.00000000,0
1531212326670,1531212326665,2009415,0.00000866,485.00000000,1
1531212327442,1531212327437,2009416,0.00000866,452.00000000,1
1531212334603,1531212334600,2009417,0.00000867,117.00000000,1
1531212337077,1531212337073,2009418,0.00000867,3797.00000000,1
1531212348205,1531212348201,2009419,0.00000866,3281.00000000,1
1531212348943,1531212348938,2009420,0.00000866,350.00000000,1
1531212349823,1531212349819,2009421,0.00000867,117.00000000,0
1531212355927,1531212355925,2009422,0.00000867,117.00000000,1
1531212359779,1531212359774,2009423,0.00000867,687.00000000,1
1531212360693,1531212360689,2009424,0.00000868,687.00000000,1
1531212361647,1531212361643,2009425,0.00000868,1680.00000000,1
1531212361647,1531212361643,2009426,0.00000867,2000.00000000,1
1531212379629,1531212379624,2009427,0.00000868,5339.00000000,0
1531212379638,1531212379633,2009428,0.00000869,3513.00000000,0
1531212379660,1531212379656,2009429,0.00000867,993.00000000,1
1531212389780,1531212389777,2009430,0.00000866,127.00000000,1
1531212390301,1531212390296,2009431,0.00000866,7193.00000000,0
1531212408132,1531212408126,2009432,0.00000866,459.00000000,0
1531212413683,1531212413679,2009433,0.00000866,5000.00000000,0
1531212416913,1531212416909,2009434,0.00000865,1018.00000000,1
1531212420228,1531212420223,2009435,0.00000865,4697.00000000,1
1531212424316,1531212424310,2009436,0.00000864,128.00000000,0
1531212424923,1531212424919,2009437,0.00000865,64.00000000,0
1531212433663,1531212433657,2009438,0.00000864,150.00000000,1
1531212433663,1531212433657,2009439,0.00000863,832.00000000,1
1531212433883,1531212433878,2009440,0.00000863,17285.00000000,1
1531212434311,1531212434307,2009441,0.00000863,832.00000000,0
1531212435287,1531212435281,2009442,0.00000865,539.00000000,0
1531212438223,1531212438219,2009443,0.00000863,684.00000000,0
1531212440330,1531212440324,2009444,0.00000863,228.00000000,0
1531212440740,1531212440738,2009445,0.00000866,1541.00000000,0
1531212454845,1531212454841,2009446,0.00000865,456.00000000,1
1531212454852,1531212454851,2009447,0.00000865,3641.00000000,0
1531212454871,1531212454867,2009448,0.00000866,1751.00000000,0
1531212456688,1531212456683,2009449,0.00000863,523.00000000,1
1531212456688,1531212456683,2009450,0.00000862,2330.00000000,1
1531212456688,1531212456683,2009451,0.00000862,600.00000000,1
1531212464877,1531212464873,2009452,0.00000865,684.00000000,1
1531212466781,1531212466778,2009453,0.00000862,225.00000000,1
1531212468935,1531212468927,2009454,0.00000863,2762.00000000,1
1531212468935,1531212468927,2009455,0.00000862,13738.00000000,1
1531212469792,1531212469786,2009456,0.00000865,684.00000000,1
1531212474994,1531212474989,2009457,0.00000865,10600.00000000,0
1531212474994,1531212474989,2009458,0.00000866,262.00000000,0
1531212476499,1531212476495,2009459,0.00000862,2500.00000000,1
1531212480025,1531212480021,2009460,0.00000865,684.00000000,1
1531212482418,1531212482414,2009461,0.00000865,684.00000000,1
1531212483503,1531212483498,2009462,0.00000865,697.00000000,0
1531212483984,1531212483979,2009463,0.00000862,250.00000000,1
1531212496356,1531212496352,2009464,0.00000863,801.00000000,1
1531212496772,1531212496767,2009465,0.00000862,801.00000000,1
1531212498212,1531212498208,2009466,0.00000863,64.00000000,0
1531212498337,1531212498333,2009467,0.00000863,2529.00000000,0
1531212498409,1531212498404,2009468,0.00000862,927.00000000,1
1531212502283,1531212502278,2009469,0.00000865,684.00000000,1
1531212503103,1531212503099,2009470,0.00000866,231.00000000,0
1531212504911,1531212504905,2009471,0.00000866,7454.00000000,0
1531212504930,1531212504925,2009472,0.00000866,2250.00000000,1
1531212516746,1531212516745,2009473,0.00000864,235.00000000,1
1531212523786,1531212523782,2009474,0.00000866,271.00000000,1
1531212525150,1531212525144,2009475,0.00000865,4743.00000000,1
1531212529094,1531212529088,2009476,0.00000864,449.00000000,1
1531212529094,1531212529088,2009477,0.00000863,684.00000000,1
1531212529094,1531212529088,2009478,0.00000862,4285.00000000,1
1531212529094,1531212529088,2009479,0.00000861,153.00000000,1
1531212529094,1531212529088,2009480,0.00000861,610.00000000,1
1531212540775,1531212540770,2009481,0.00000861,226.00000000,1
1531212548770,1531212548766,2009482,0.00000865,128.00000000,0
1531212549292,1531212549286,2009483,0.00000866,295.00000000,0
1531212556913,1531212556907,2009484,0.00000862,155.00000000,1
1531212556913,1531212556907,2009485,0.00000861,831.00000000,1
1531212557790,1531212557784,2009486,0.00000865,230.00000000,0
1531212567644,1531212567640,2009487,0.00000862,145.00000000,0
1531212567662,1531212567656,2009488,0.00000864,116.00000000,0
1531212571837,1531212571834,2009489,0.00000864,1213.00000000,0
1531212573606,1531212573602,2009490,0.00000864,1213.00000000,0
1531212580326,1531212580320,2009491,0.00000864,1213.00000000,0
1531212595538,1531212595530,2009492,0.00000863,1716.00000000,0
1531212595824,1531212595820,2009493,0.00000863,2670.00000000,0
1531212601543,1531212601539,2009494,0.00000864,590.00000000,0
1531212601637,1531212601631,2009495,0.00000864,6706.00000000,0
1531212601637,1531212601631,2009496,0.00000865,638.00000000,0
1531212601665,1531212601661,2009497,0.00000865,23170.00000000,1
1531212617141,1531212617136,2009498,0.00000865,358.00000000,0
1531212629004,1531212628999,2009499,0.00000864,334.00000000,0
1531212630822,1531212630817,2009500,0.00000864,3305.00000000,1
1531212630822,1531212630817,2009501,0.00000863,5375.00000000,1
1531212631009,1531212631005,2009502,0.00000865,176.00000000,0
1531212639110,1531212639106,2009503,0.00000863,118.00000000,1
1531212640605,1531212640601,2009504,0.00000863,3187.00000000,1
1531212655156,1531212655151,2009505,0.00000863,69.00000000,0
1531212661132,1531212661127,2009506,0.00000863,49.00000000,0
1531212661600,1531212661596,2009507,0.00000865,318.00000000,0
1531212662732,1531212662728,2009508,0.00000864,1000.00000000,1
1531212664178,1531212664172,2009509,0.00000865,316.00000000,0
1531212664985,1531212664981,2009510,0.00000865,289.00000000,0
1531212680589,1531212680584,2009511,0.00000865,1500.00000000,0
1531212685969,1531212685961,2009512,0.00000864,164.00000000,1
1531212685969,1531212685961,2009513,0.00000862,295.00000000,1
1531212685969,1531212685961,2009514,0.00000861,5028.00000000,1
1531212685969,1531212685961,2009515,0.00000860,3016.00000000,1
1531212685969,1531212685961,2009516,0.00000859,482.00000000,1
1531212685969,1531212685961,2009517,0.00000858,1015.00000000,1
1531212689716,1531212689710,2009518,0.00000860,65.00000000,1
1531212691363,1531212691359,2009519,0.00000861,684.00000000,1
1531212691835,1531212691832,2009520,0.00000862,230.00000000,0
1531212692316,1531212692312,2009521,0.00000862,351.00000000,0
1531212692646,1531212692642,2009522,0.00000861,676.00000000,1
1531212696501,1531212696496,2009523,0.00000861,3012.00000000,1
1531212697951,1531212697946,2009524,0.00000861,5176.00000000,1
1531212697969,1531212697965,2009525,0.00000861,3707.00000000,1
1531212697984,1531212697980,2009526,0.00000861,218.00000000,0
1531212698021,1531212698017,2009527,0.00000861,218.00000000,0
1531212698029,1531212698025,2009528,0.00000861,1957.00000000,0
1531212698292,1531212698286,2009529,0.00000861,1979.00000000,0
1531212701289,1531212701284,2009530,0.00000860,183.00000000,1
1531212701289,1531212701284,2009531,0.00000858,1002.00000000,1
1531212704332,1531212704328,2009532,0.00000861,1022.00000000,1
1531212722475,1531212722472,2009533,0.00000862,1500.00000000,1
1531212723547,1531212723541,2009534,0.00000863,128.00000000,1
1531212723957,1531212723955,2009535,0.00000863,128.00000000,1
1531212724690,1531212724685,2009536,0.00000863,128.00000000,1
1531212732386,1531212732383,2009537,0.00000863,5000.00000000,1
1531212738312,1531212738308,2009538,0.00000863,118.00000000,1
1531212738725,1531212738721,2009539,0.00000863,118.00000000,1
1531212739173,1531212739168,2009540,0.00000863,118.00000000,1
1531212739356,1531212739350,2009541,0.00000863,118.00000000,1
1531212739363,1531212739360,2009542,0.00000863,352.00000000,1
1531212745864,1531212745859,2009543,0.00000863,25800.00000000,1
1531212751215,1531212751210,2009544,0.00000864,10000.00000000,0
1531212759506,1531212759502,2009545,0.00000864,1683.00000000,0
1531212760277,1531212760274,2009546,0.00000864,3317.00000000,0
1531212764221,1531212764214,2009547,0.00000865,578.00000000,0
1531212765338,1531212765333,2009548,0.00000864,5000.00000000,0
1531212775317,1531212775313,2009549,0.00000864,5000.00000000,0
1531212778382,1531212778378,2009550,0.00000865,432.00000000,0
1531212782954,1531212782950,2009551,0.00000864,5000.00000000,1
1531212783335,1531212783331,2009552,0.00000865,10033.00000000,0
1531212787795,1531212787791,2009553,0.00000864,3583.00000000,1
1531212788414,1531212788410,2009554,0.00000864,5000.00000000,0
1531212798254,1531212798250,2009555,0.00000864,16060.00000000,0
1531212805700,1531212805695,2009556,0.00000865,1891.00000000,0
1531212812963,1531212812960,2009557,0.00000865,1213.00000000,0
1531212820300,1531212820297,2009558,0.00000865,1213.00000000,0
1531212841608,1531212841603,2009559,0.00000865,19738.00000000,0
1531212870855,1531212870851,2009560,0.00000867,561.00000000,0
1531212872451,1531212872446,2009561,0.00000866,11008.00000000,1
1531212872468,1531212872465,2009562,0.00000866,6824.00000000,0
1531212872476,1531212872472,2009563,0.00000866,11008.00000000,1
1531212887503,1531212887497,2009564,0.00000867,5000.00000000,0
1531212890267,1531212890263,2009565,0.00000865,54.00000000,1
1531212893343,1531212893339,2009566,0.00000867,5000.00000000,0
1531212902021,1531212902016,2009567,0.00000866,2000.00000000,1
1531212902983,1531212902978,2009568,0.00000867,1886.00000000,0
1531212903878,1531212903873,2009569,0.00000867,3114.00000000,0
1531212906602,1531212906596,2009570,0.00000868,553.00000000,0
1531212927468,1531212927464,2009571,0.00000867,31000.00000000,1
1531212941500,1531212941494,2009572,0.00000868,20817.00000000,0
1531212955426,1531212955422,2009573,0.00000868,453.00000000,1
1531212955949,1531212955944,2009574,0.00000868,178.00000000,1
1531212964268,1531212964264,2009575,0.00000868,22000.00000000,1
1531212977405,1531212977397,2009576,0.00000869,3000.00000000,0
1531212983317,1531212983312,2009577,0.00000869,3000.00000000,0
1531212989537,1531212989531,2009578,0.00000869,3000.00000000,0
1531212995989,1531212995984,2009579,0.00000869,3000.00000000,0
1531213003139,1531213003136,2009580,0.00000869,4283.00000000,0
1531213037525,1531213037520,2009581,0.00000869,1130.00000000,0
1531213063117,1531213063112,2009582,0.00000869,3000.00000000,0
1531213075449,1531213075443,2009583,0.00000869,3000.00000000,0
1531213078055,1531213078050,2009584,0.00000869,3000.00000000,0
1531213082462,1531213082459,2009585,0.00000869,230.00000000,0
1531213090472,1531213090467,2009586,0.00000869,6000.00000000,0
1531213094351,1531213094347,2009587,0.00000869,1174.00000000,0
1531213095201,1531213095196,2009588,0.00000869,845.00000000,0
1531213095201,1531213095196,2009589,0.00000870,3589.00000000,0
1531213095741,1531213095737,2009590,0.00000870,566.00000000,1
1531213104161,1531213104157,2009591,0.00000869,3438.00000000,1
1531213112478,1531213112471,2009592,0.00000870,346.00000000,0
1531213112478,1531213112471,2009593,0.00000871,4654.00000000,0
1531213115457,1531213115450,2009594,0.00000871,4429.00000000,0
1531213115457,1531213115450,2009595,0.00000872,571.00000000,0
1531213117120,1531213117114,2009596,0.00000872,4424.00000000,0
1531213117120,1531213117114,2009597,0.00000873,733.00000000,0
1531213117120,1531213117114,2009598,0.00000874,499.00000000,0
1531213120087,1531213120082,2009599,0.00000871,485.00000000,0
1531213120780,1531213120776,2009600,0.00000871,1515.00000000,0
1531213128617,1531213128613,2009601,0.00000871,451.00000000,1
1531213129419,1531213129414,2009602,0.00000871,678.00000000,0
1531213129419,1531213129414,2009603,0.00000872,2387.00000000,0
1531213133018,1531213133013,2009604,0.00000872,176.00000000,1
1531213133669,1531213133664,2009605,0.00000872,329.00000000,1
1531213148050,1531213148046,2009606,0.00000872,367.00000000,1
1531213148551,1531213148546,2009607,0.00000872,389.00000000,1
1531213150107,1531213150102,2009608,0.00000872,158.00000000,1
1531213155188,1531213155184,2009609,0.00000873,1715.00000000,1
1531213160014,1531213160010,2009610,0.00000873,6873.00000000,1
1531213160067,1531213160061,2009611,0.00000873,6524.00000000,0
1531213160085,1531213160080,2009612,0.00000873,6873.00000000,1
1531213190826,1531213190822,2009613,0.00000873,8588.00000000,0
1531213200312,1531213200285,2009614,0.00000872,516.00000000,1
1531213202327,1531213202321,2009615,0.00000873,3605.00000000,0
1531213202327,1531213202321,2009616,0.00000874,1395.00000000,0
1531213204041,1531213204035,2009617,0.00000874,4710.00000000,0
1531213204041,1531213204035,2009618,0.00000875,290.00000000,0
1531213207536,1531213207532,2009619,0.00000873,713.00000000,1
1531213230509,1531213230504,2009620,0.00000873,747.00000000,1
1531213252624,1531213252620,2009621,0.00000873,9258.00000000,0
1531213252643,1531213252638,2009622,0.00000873,1845.00000000,0
1531213256467,1531213256461,2009623,0.00000874,174.00000000,0
1531213258238,1531213258234,2009624,0.00000872,64.00000000,1
1531213258430,1531213258425,2009625,0.00000872,74.00000000,1
1531213258872,1531213258868,2009626,0.00000872,66.00000000,1
1531213259841,1531213259838,2009627,0.00000872,34.00000000,1
1531213260246,1531213260243,2009628,0.00000872,32.00000000,1
1531213261313,1531213261308,2009629,0.00000872,41.00000000,1
1531213261771,1531213261765,2009630,0.00000872,80.00000000,1
1531213262606,1531213262602,2009631,0.00000872,109.00000000,1
1531213262606,1531213262602,2009632,0.00000871,126.00000000,1
1531213262686,1531213262680,2009633,0.00000871,639.00000000,1
1531213263213,1531213263209,2009634,0.00000871,97.00000000,1
1531213263606,1531213263600,2009635,0.00000871,25.00000000,1
1531213264148,1531213264144,2009636,0.00000871,52.00000000,1
1531213264569,1531213264564,2009637,0.00000871,23.00000000,1
1531213265021,1531213265017,2009638,0.00000871,26.00000000,1
1531213265569,1531213265564,2009639,0.00000871,61.00000000,1
1531213266140,1531213266135,2009640,0.00000871,32.00000000,1
1531213266624,1531213266619,2009641,0.00000871,66.00000000,1
1531213267024,1531213267020,2009642,0.00000871,80.00000000,1
1531213267584,1531213267547,2009643,0.00000871,93.00000000,1
1531213267949,1531213267946,2009644,0.00000871,96.00000000,1
1531213268514,1531213268508,2009645,0.00000871,31.00000000,1
1531213268997,1531213268993,2009646,0.00000871,69.00000000,1
1531213269644,1531213269639,2009647,0.00000871,38.00000000,1
1531213270252,1531213270248,2009648,0.00000871,29.00000000,1
1531213270756,1531213270752,2009649,0.00000871,29.00000000,1
1531213271340,1531213271335,2009650,0.00000871,33.00000000,1
1531213271830,1531213271826,2009651,0.00000871,78.00000000,1
1531213272276,1531213272272,2009652,0.00000871,377.00000000,1
1531213272977,1531213272973,2009653,0.00000871,53.00000000,1
1531213273143,1531213273138,2009654,0.00000871,404.00000000,1
1531213273143,1531213273138,2009655,0.00000870,133.00000000,1
1531213273749,1531213273745,2009656,0.00000870,29.00000000,1
1531213274130,1531213274126,2009657,0.00000870,228.00000000,1
1531213274804,1531213274799,2009658,0.00000870,107.00000000,1
1531213275298,1531213275293,2009659,0.00000870,29.00000000,1
1531213275622,1531213275618,2009660,0.00000870,53.00000000,1
1531213276161,1531213276155,2009661,0.00000870,62.00000000,1
1531213276474,1531213276470,2009662,0.00000870,117.00000000,1
1531213276722,1531213276717,2009663,0.00000870,35.00000000,1
1531213277283,1531213277277,2009664,0.00000870,72.00000000,1
1531213278040,1531213278038,2009665,0.00000870,32.00000000,1
1531213280802,1531213280797,2009666,0.00000872,243.00000000,0
1531213281113,1531213281109,2009667,0.00000871,12099.00000000,0
1531213281123,1531213281118,2009668,0.00000872,4423.00000000,0
1531213281139,1531213281136,2009669,0.00000872,9515.00000000,0
1531213281140,1531213281137,2009670,0.00000872,243.00000000,1
1531213283812,1531213283808,2009671,0.00000872,1757.00000000,0
1531213283812,1531213283808,2009672,0.00000873,138.00000000,0
1531213283812,1531213283808,2009673,0.00000874,6057.00000000,0
1531213283812,1531213283808,2009674,0.00000875,1194.00000000,0
1531213293739,1531213293736,2009675,0.00000874,64.00000000,1
1531213299463,1531213299459,2009676,0.00000874,597.00000000,1
1531213299463,1531213299459,2009677,0.00000873,321.00000000,1
1531213305552,1531213305547,2009678,0.00000875,280.00000000,0
1531213307477,1531213307471,2009679,0.00000875,317.00000000,0
1531213325737,1531213325731,2009680,0.00000873,14921.00000000,0
1531213325746,1531213325741,2009681,0.00000871,9689.00000000,1
1531213351019,1531213351015,2009682,0.00000873,154.00000000,1
1531213366762,1531213366757,2009683,0.00000873,450.00000000,0
1531213369747,1531213369743,2009684,0.00000871,2991.00000000,0
1531213369762,1531213369758,2009685,0.00000873,3256.00000000,0
1531213369781,1531213369777,2009686,0.00000873,1031.00000000,0
1531213377178,1531213377172,2009687,0.00000873,2190.00000000,1
1531213387553,1531213387549,2009688,0.00000873,173.00000000,0
1531213398358,1531213398353,2009689,0.00000873,213.00000000,0
1531213404569,1531213404563,2009690,0.00000873,9771.00000000,0
1531213409879,1531213409874,2009691,0.00000874,2500.00000000,0
1531213411579,1531213411575,2009692,0.00000873,213.00000000,1
1531213430320,1531213430316,2009693,0.00000871,17205.00000000,0
1531213430347,1531213430342,2009694,0.00000873,8352.00000000,0
1531213454173,1531213454169,2009695,0.00000872,20286.00000000,0
1531213454181,1531213454175,2009696,0.00000871,7044.00000000,1
1531213490797,1531213490792,2009697,0.00000871,6392.00000000,1
1531213490814,1531213490810,2009698,0.00000871,5441.00000000,1
1531213519767,1531213519762,2009699,0.00000871,2999.00000000,1
1531213551733,1531213551728,2009700,0.00000874,10685.00000000,0
1531213572762,1531213572759,2009701,0.00000875,25.00000000,0
1531213578212,1531213578208,2009702,0.00000874,176.00000000,1
1531213596285,1531213596281,2009703,0.00000872,3435.00000000,1
1531213596304,1531213596301,2009704,0.00000872,11295.00000000,1
1531213633979,1531213633974,2009705,0.00000871,10000.00000000,1
1531213634033,1531213634027,2009706,0.00000871,82.00000000,0
1531213636039,1531213636034,2009707,0.00000871,264.00000000,0
1531213636146,1531213636141,2009708,0.00000870,316.00000000,1
1531213639913,1531213639908,2009709,0.00000871,316.00000000,0
1531213640447,1531213640441,2009710,0.00000870,33.00000000,1
1531213640457,1531213640452,2009711,0.00000870,13824.00000000,0
1531213640474,1531213640470,2009712,0.00000871,6399.00000000,0
1531213640489,1531213640485,2009713,0.00000871,5393.00000000,0
1531213645743,1531213645739,2009714,0.00000871,580.00000000,1
1531213645792,1531213645787,2009715,0.00000871,1659.00000000,0
1531213650407,1531213650403,2009716,0.00000870,347.00000000,1
1531213654953,1531213654945,2009717,0.00000870,10000.00000000,0
1531213654953,1531213654945,2009718,0.00000872,578.00000000,0
1531213654953,1531213654945,2009719,0.00000873,184.00000000,0
1531213654953,1531213654945,2009720,0.00000875,5928.00000000,0
1531213654953,1531213654945,2009721,0.00000876,9448.00000000,0
1531213654953,1531213654945,2009722,0.00000877,1398.00000000,0
1531213654953,1531213654945,2009723,0.00000878,2464.00000000,0
1531213660704,1531213660699,2009724,0.00000873,7700.00000000,1
1531213660726,1531213660723,2009725,0.00000873,598.00000000,1
1531213663577,1531213663572,2009726,0.00000872,292.00000000,1
1531213669453,1531213669449,2009727,0.00000872,1280.00000000,1
1531213670042,1531213670039,2009728,0.00000871,791.00000000,1
1531213674151,1531213674146,2009729,0.00000871,292.00000000,1
1531213674268,1531213674264,2009730,0.00000872,458.00000000,0
1531213687104,1531213687100,2009731,0.00000871,10182.00000000,0
1531213687110,1531213687105,2009732,0.00000870,5657.00000000,1
1531213731962,1531213731956,2009733,0.00000871,22194.00000000,0
1531213731976,1531213731971,2009734,0.00000870,8100.00000000,1
1531213747314,1531213747310,2009735,0.00000870,1135.00000000,1
1531213747314,1531213747310,2009736,0.00000869,232.00000000,1
1531213769176,1531213769172,2009737,0.00000868,2400.00000000,1
1531213771997,1531213771992,2009738,0.00000869,6675.00000000,0
1531213804953,1531213804949,2009739,0.00000869,119.00000000,0
1531213836262,1531213836259,2009740,0.00000869,3000.00000000,0
1531213864491,1531213864487,2009741,0.00000869,1232.00000000,0
1531213880053,1531213880049,2009742,0.00000869,357.00000000,0
1531213886348,1531213886344,2009743,0.00000869,460.00000000,0
1531213906734,1531213906729,2009744,0.00000869,24.00000000,0
1531213927538,1531213927534,2009745,0.00000870,3648.00000000,1
1531213960717,1531213960712,2009746,0.00000870,4138.00000000,1
1531213987873,1531213987868,2009747,0.00000873,8590.00000000,0
1531213999187,1531213999184,2009748,0.00000870,1270.00000000,1
1531213999209,1531213999206,2009749,0.00000870,9180.00000000,1
1531214013755,1531214013751,2009750,0.00000870,10000.00000000,1
1531214064427,1531214064422,2009751,0.00000871,5668.00000000,1
1531214102957,1531214102953,2009752,0.00000871,8820.00000000,1
1531214107645,1531214107641,2009753,0.00000872,494.00000000,0
1531214121863,1531214121860,2009754,0.00000872,28330.00000000,1
1531214162348,1531214162345,2009755,0.00000872,1.00000000,1
1531214165958,1531214165954,2009756,0.00000873,1.00000000,0
1531214166778,1531214166773,2009757,0.00000872,10416.00000000,1
1531214166794,1531214166790,2009758,0.00000872,5541.00000000,1
1531214185195,1531214185192,2009759,0.00000872,1.00000000,0
1531214188970,1531214188966,2009760,0.00000872,799.00000000,1
1531214209466,1531214209461,2009761,0.00000872,1751.00000000,1
1531214209480,1531214209475,2009762,0.00000872,1575.00000000,0
1531214209493,1531214209487,2009763,0.00000872,1751.00000000,1
1531214225077,1531214225072,2009764,0.00000872,1000.00000000,1
1531214238472,1531214238467,2009765,0.00000872,1.00000000,1
1531214239669,1531214239665,2009766,0.00000872,126.00000000,1
1531214239669,1531214239665,2009767,0.00000871,8874.00000000,1
1531214241735,1531214241731,2009768,0.00000873,1.00000000,0
1531214256891,1531214256885,2009769,0.00000872,13541.00000000,1
1531214256903,1531214256899,2009770,0.00000872,4310.00000000,0
1531214256913,1531214256909,2009771,0.00000872,6830.00000000,1
1531214256929,1531214256924,2009772,0.00000872,6711.00000000,1
1531214257854,1531214257849,2009773,0.00000871,1.00000000,1
1531214261599,1531214261594,2009774,0.00000873,1.00000000,0
1531214281500,1531214281495,2009775,0.00000872,2188.00000000,1
1531214281514,1531214281511,2009776,0.00000872,1400.00000000,0
1531214281530,1531214281527,2009777,0.00000872,2188.00000000,1
1531214323377,1531214323374,2009778,0.00000871,743.00000000,1
1531214323377,1531214323374,2009779,0.00000870,9257.00000000,1
1531214330325,1531214330319,2009780,0.00000872,8359.00000000,0
1531214330338,1531214330333,2009781,0.00000871,11046.00000000,1
1531214330351,1531214330347,2009782,0.00000871,3398.00000000,1
1531214342079,1531214342074,2009783,0.00000871,10000.00000000,1
1531214353783,1531214353778,2009784,0.00000872,7468.00000000,0
1531214353800,1531214353795,2009785,0.00000871,1522.00000000,1
1531214353825,1531214353819,2009786,0.00000871,2706.00000000,1
1531214363610,1531214363606,2009787,0.00000871,10000.00000000,1
1531214372384,1531214372380,2009788,0.00000870,1.00000000,1
1531214376778,1531214376774,2009789,0.00000873,1.00000000,0
1531214381057,1531214381051,2009790,0.00000870,10000.00000000,1
1531214394464,1531214394459,2009791,0.00000870,1.00000000,1
1531214398985,1531214398981,2009792,0.00000873,1.00000000,0
1531214402465,1531214402460,2009793,0.00000871,1.00000000,1
1531214407654,1531214407651,2009794,0.00000873,1.00000000,0
1531214411988,1531214411985,2009795,0.00000872,1.00000000,1
1531214415589,1531214415585,2009796,0.00000873,1.00000000,0
1531214440601,1531214440597,2009797,0.00000872,567.00000000,1
1531214450473,1531214450469,2009798,0.00000870,141.00000000,1
1531214472324,1531214472313,2009799,0.00000869,2905.00000000,1
1531214472658,1531214472653,2009800,0.00000868,17455.00000000,1
1531214474025,1531214474019,2009801,0.00000867,14938.00000000,1
1531214477402,1531214477398,2009802,0.00000866,44265.00000000,1
1531214478063,1531214478059,2009803,0.00000865,12955.00000000,1
1531214484065,1531214484061,2009804,0.00000868,316.00000000,0
1531214488204,1531214488200,2009805,0.00000866,4375.00000000,1
1531214488228,1531214488225,2009806,0.00000866,9210.00000000,1
1531214489251,1531214489247,2009807,0.00000866,108.00000000,0
1531214490733,1531214490729,2009808,0.00000866,109.00000000,0
1531214503132,1531214503127,2009809,0.00000865,1.00000000,1
1531214506557,1531214506554,2009810,0.00000866,1.00000000,0
1531214511036,1531214511032,2009811,0.00000866,110.00000000,0
1531214511163,1531214511158,2009812,0.00000865,23000.00000000,1
1531214512204,1531214512200,2009813,0.00000866,111.00000000,0
1531214513158,1531214513154,2009814,0.00000865,95.00000000,1
1531214513307,1531214513303,2009815,0.00000864,150.00000000,1
1531214516276,1531214516270,2009816,0.00000864,12050.00000000,1
1531214536363,1531214536360,2009817,0.00000864,2073.00000000,1
1531214538488,1531214538485,2009818,0.00000864,117.00000000,1
1531214538901,1531214538898,2009819,0.00000864,117.00000000,1
1531214539899,1531214539896,2009820,0.00000864,211.00000000,1
1531214545696,1531214545691,2009821,0.00000864,3325.00000000,1
1531214548537,1531214548533,2009822,0.00000864,375.00000000,0
1531214548537,1531214548533,2009823,0.00000865,4859.00000000,0
1531214553608,1531214553602,2009824,0.00000863,23358.00000000,1
1531214553608,1531214553602,2009825,0.00000862,9267.00000000,1
1531214564862,1531214564858,2009826,0.00000863,459.00000000,0
1531214569762,1531214569758,2009827,0.00000862,5403.00000000,1
1531214569762,1531214569758,2009828,0.00000861,21691.00000000,1
1531214576833,1531214576828,2009829,0.00000861,32574.00000000,1
1531214576833,1531214576828,2009830,0.00000860,77426.00000000,1
1531214582410,1531214582406,2009831,0.00000861,352.00000000,0
1531214585133,1531214585130,2009832,0.00000860,2737.00000000,1
1531214590228,1531214590223,2009833,0.00000863,639.00000000,0
1531214590403,1531214590398,2009834,0.00000863,80.00000000,0
1531214590467,1531214590463,2009835,0.00000863,235.00000000,0
1531214590613,1531214590608,2009836,0.00000863,29.00000000,0
1531214590689,1531214590684,2009837,0.00000863,35.00000000,0
1531214590862,1531214590858,2009838,0.00000863,53.00000000,0
1531214591049,1531214591045,2009839,0.00000863,32.00000000,0
1531214591261,1531214591255,2009840,0.00000863,377.00000000,0
1531214591545,1531214591542,2009841,0.00000863,26.00000000,0
1531214591737,1531214591734,2009842,0.00000863,69.00000000,0
1531214591982,1531214591978,2009843,0.00000863,93.00000000,0
1531214592145,1531214592141,2009844,0.00000861,3407.00000000,1
1531214592171,1531214592168,2009845,0.00000861,10357.00000000,1
1531214592199,1531214592194,2009846,0.00000863,34.00000000,0
1531214592422,1531214592418,2009847,0.00000863,32.00000000,0
1531214592681,1531214592676,2009848,0.00000863,72.00000000,0
1531214592801,1531214592797,2009849,0.00000863,117.00000000,0
1531214592971,1531214592967,2009850,0.00000863,62.00000000,0
1531214593255,1531214593252,2009851,0.00000863,53.00000000,0
1531214593276,1531214593270,2009852,0.00000863,107.00000000,0
1531214593550,1531214593547,2009853,0.00000863,228.00000000,0
1531214594076,1531214594070,2009854,0.00000861,29.00000000,0
1531214594260,1531214594257,2009855,0.00000861,537.00000000,0
1531214594416,1531214594412,2009856,0.00000861,78.00000000,0
1531214594568,1531214594565,2009857,0.00000861,33.00000000,0
1531214594786,1531214594781,2009858,0.00000859,683.00000000,0
1531214594788,1531214594784,2009859,0.00000859,1.00000000,0
1531214594788,1531214594784,2009860,0.00000861,7.00000000,0
1531214594788,1531214594784,2009861,0.00000863,21.00000000,0
1531214594943,1531214594940,2009862,0.00000862,29.00000000,0
1531214595050,1531214595046,2009863,0.00000862,38.00000000,0
1531214595222,1531214595218,2009864,0.00000862,31.00000000,0
1531214595321,1531214595317,2009865,0.00000862,96.00000000,0
1531214595480,1531214595477,2009866,0.00000862,36.00000000,0
1531214595480,1531214595477,2009867,0.00000863,44.00000000,0
1531214595569,1531214595566,2009868,0.00000863,66.00000000,0
1531214595621,1531214595616,2009869,0.00000863,61.00000000,0
1531214595811,1531214595809,2009870,0.00000863,23.00000000,0
1531214595866,1531214595862,2009871,0.00000863,52.00000000,0
1531214595959,1531214595955,2009872,0.00000863,25.00000000,0
1531214596044,1531214596040,2009873,0.00000863,97.00000000,0
1531214596117,1531214596114,2009874,0.00000863,41.00000000,0
1531214596172,1531214596168,2009875,0.00000863,32.00000000,0
1531214596284,1531214596281,2009876,0.00000863,66.00000000,0
1531214596385,1531214596380,2009877,0.00000863,74.00000000,0
1531214596456,1531214596452,2009878,0.00000863,64.00000000,0
1531214596524,1531214596519,2009879,0.00000863,5248.00000000,0
1531214606445,1531214606439,2009880,0.00000858,20.00000000,1
1531214618874,1531214618870,2009881,0.00000858,97.00000000,1
1531214618874,1531214618870,2009882,0.00000857,21.00000000,1
1531214621302,1531214621298,2009883,0.00000863,22.00000000,0
1531214622224,1531214622221,2009884,0.00000858,227.00000000,1
1531214624725,1531214624722,2009885,0.00000858,227.00000000,1
1531214630519,1531214630515,2009886,0.00000859,6985.00000000,1
1531214630541,1531214630536,2009887,0.00000859,2394.00000000,1
1531214633876,1531214633871,2009888,0.00000862,454.00000000,0
1531214634010,1531214634005,2009889,0.00000862,46.00000000,1
1531214634010,1531214634005,2009890,0.00000858,1230.00000000,1
1531214638695,1531214638691,2009891,0.00000858,236.00000000,1
1531214638798,1531214638793,2009892,0.00000858,3422.00000000,1
1531214643096,1531214643093,2009893,0.00000862,500.00000000,1
1531214643096,1531214643093,2009894,0.00000858,12000.00000000,1
1531214644463,1531214644460,2009895,0.00000862,128.00000000,0
1531214644463,1531214644460,2009896,0.00000863,5137.00000000,0
1531214673085,1531214673081,2009897,0.00000860,3960.00000000,0
1531214673100,1531214673096,2009898,0.00000859,8270.00000000,1
1531214673120,1531214673117,2009899,0.00000859,1375.00000000,1
1531214679536,1531214679533,2009900,0.00000859,118.00000000,0
1531214692162,1531214692157,2009901,0.00000861,5261.00000000,0
1531214706522,1531214706518,2009902,0.00000860,5148.00000000,0
1531214706534,1531214706530,2009903,0.00000859,1980.00000000,1
1531214721446,1531214721443,2009904,0.00000860,230.00000000,0
1531214735197,1531214735193,2009905,0.00000860,500.00000000,0
1531214735362,1531214735357,2009906,0.00000860,4270.00000000,0
1531214741826,1531214741820,2009907,0.00000861,8299.00000000,0
1531214741834,1531214741830,2009908,0.00000859,5438.00000000,1
1531214741849,1531214741846,2009909,0.00000859,7685.00000000,1
1531214750022,1531214750017,2009910,0.00000863,30.00000000,0
1531214753435,1531214753431,2009911,0.00000863,9.00000000,0
1531214759436,1531214759432,2009912,0.00000858,594.00000000,1
1531214759499,1531214759495,2009913,0.00000858,747.00000000,0
1531214759501,1531214759497,2009914,0.00000858,347.00000000,0
1531214760382,1531214760376,2009915,0.00000858,11412.00000000,0
1531214767174,1531214767170,2009916,0.00000858,3488.00000000,1
1531214767443,1531214767438,2009917,0.00000858,507.00000000,0
1531214768317,1531214768314,2009918,0.00000858,5779.00000000,0
1531214776071,1531214776066,2009919,0.00000858,13100.00000000,1
1531214777766,1531214777762,2009920,0.00000861,1249.00000000,0
1531214780426,1531214780422,2009921,0.00000858,3398.00000000,1
1531214781274,1531214781269,2009922,0.00000858,3309.00000000,0
1531214792426,1531214792420,2009923,0.00000859,27733.00000000,0
1531214792440,1531214792434,2009924,0.00000858,11852.00000000,1
1531214793696,1531214793692,2009925,0.00000860,149.00000000,0
1531214796223,1531214796219,2009926,0.00000857,3460.00000000,1
1531214799971,1531214799966,2009927,0.00000860,2851.00000000,0
1531214806587,1531214806581,2009928,0.00000858,1087.00000000,1
1531214808554,1531214808550,2009929,0.00000860,2295.00000000,0
1531214811943,1531214811938,2009930,0.00000858,4564.00000000,1
1531214811965,1531214811962,2009931,0.00000858,560.00000000,1
1531214812299,1531214812296,2009932,0.00000858,1087.00000000,0
1531214814835,1531214814832,2009933,0.00000860,26.00000000,0
1531214825330,1531214825325,2009934,0.00000858,16456.00000000,0
1531214825342,1531214825339,2009935,0.00000859,10871.00000000,0
1531214825358,1531214825352,2009936,0.00000859,8228.00000000,0
1531214829903,1531214829899,2009937,0.00000857,143.00000000,1
1531214834857,1531214834851,2009938,0.00000860,7186.00000000,0
1531214841035,1531214841029,2009939,0.00000858,6147.00000000,0
1531214841056,1531214841052,2009940,0.00000859,2077.00000000,0
1531214856590,1531214856587,2009941,0.00000858,9668.00000000,1
1531214862280,1531214862275,2009942,0.00000857,118.00000000,1
1531214871118,1531214871113,2009943,0.00000858,16231.00000000,0
1531214871134,1531214871130,2009944,0.00000859,5839.00000000,0
1531214871153,1531214871148,2009945,0.00000859,10967.00000000,0
1531214878880,1531214878875,2009946,0.00000860,3551.00000000,0
1531214881600,1531214881595,2009947,0.00000860,62942.00000000,0
1531214884388,1531214884384,2009948,0.00000859,500.00000000,1
1531214895345,1531214895340,2009949,0.00000858,11845.00000000,0
1531214899547,1531214899542,2009950,0.00000859,732.00000000,0
1531214900413,1531214900408,2009951,0.00000859,357.00000000,1
1531214902319,1531214902315,2009952,0.00000859,421.00000000,1
1531214904592,1531214904588,2009953,0.00000859,871.00000000,1
1531214914018,1531214914011,2009954,0.00000860,633.00000000,0
1531214918573,1531214918570,2009955,0.00000859,41.00000000,1
1531214918573,1531214918570,2009956,0.00000857,25.00000000,1
1531214923991,1531214923986,2009957,0.00000859,20133.00000000,0
1531214924010,1531214924005,2009958,0.00000858,9321.00000000,1
1531214955182,1531214955179,2009959,0.00000858,581.00000000,0
1531214955545,1531214955540,2009960,0.00000858,3379.00000000,0
1531214955553,1531214955550,2009961,0.00000857,3146.00000000,1
1531214971258,1531214971254,2009962,0.00000857,2723.00000000,1
1531214971487,1531214971482,2009963,0.00000857,246.00000000,0
1531214972964,1531214972960,2009964,0.00000856,20.00000000,1
1531214976695,1531214976691,2009965,0.00000856,1029.00000000,1
1531214976740,1531214976734,2009966,0.00000855,17.00000000,1
1531214981004,1531214981000,2009967,0.00000857,301.00000000,0
1531214982218,1531214982212,2009968,0.00000855,1964.00000000,1
1531214989512,1531214989508,2009969,0.00000857,116.00000000,0
1531214991025,1531214991020,2009970,0.00000855,747.00000000,1
1531214991498,1531214991495,2009971,0.00000855,938.00000000,1
1531214994948,1531214994942,2009972,0.00000854,20.00000000,1
1531214997017,1531214997013,2009973,0.00000854,1.00000000,1
1531215001192,1531215001188,2009974,0.00000855,506.00000000,0
1531215001202,1531215001198,2009975,0.00000855,70.00000000,0
1531215001211,1531215001205,2009976,0.00000855,10076.00000000,0
1531215003342,1531215003338,2009977,0.00000854,2791.00000000,1
1531215007879,1531215007875,2009978,0.00000854,213.00000000,1
1531215009762,1531215009759,2009979,0.00000855,1136.00000000,0
1531215013793,1531215013788,2009980,0.00000854,1074.00000000,1
1531215016498,1531215016494,2009981,0.00000854,1052.00000000,1
1531215025253,1531215025250,2009982,0.00000855,1169.00000000,0
1531215039674,1531215039671,2009983,0.00000855,8954.00000000,0
1531215043217,1531215043212,2009984,0.00000854,355.00000000,1
1531215043349,1531215043345,2009985,0.00000854,119.00000000,1
1531215063650,1531215063646,2009986,0.00000854,129.00000000,1
1531215063682,1531215063677,2009987,0.00000854,129.00000000,1
1531215064430,1531215064425,2009988,0.00000854,129.00000000,1
1531215077125,1531215077119,2009989,0.00000855,147.00000000,0
1531215079758,1531215079752,2009990,0.00000855,23757.00000000,0
1531215090612,1531215090608,2009991,0.00000855,3223.00000000,0
1531215093110,1531215093105,2009992,0.00000857,316.00000000,0
1531215094657,1531215094652,2009993,0.00000857,1756.00000000,0
1531215094996,1531215094992,2009994,0.00000857,285.00000000,0
1531215109166,1531215109162,2009995,0.00000856,6767.00000000,1
1531215109185,1531215109180,2009996,0.00000856,7414.00000000,1
1531215109196,1531215109191,2009997,0.00000856,6042.00000000,1
1531215115810,1531215115806,2009998,0.00000856,8411.00000000,1
1531215135523,1531215135518,2009999,0.00000857,3000.00000000,0
1531215140685,1531215140680,2010000,0.00000856,6400.00000000,0
1531215143551,1531215143546,2010001,0.00000856,1256.00000000,0
1531215176933,1531215176930,2010002,0.00000856,459.00000000,0
1531215183883,1531215183875,2010003,0.00000855,703.00000000,1
1531215183883,1531215183875,2010004,0.00000853,1144.00000000,1
1531215183883,1531215183875,2010005,0.00000852,354.00000000,1
1531215183883,1531215183875,2010006,0.00000851,3295.00000000,1
1531215183988,1531215183983,2010007,0.00000856,1065.00000000,0
1531215186608,1531215186604,2010008,0.00000851,20.00000000,1
1531215209528,1531215209522,2010009,0.00000851,5164.00000000,1
1531215209545,1531215209541,2010010,0.00000851,538.00000000,0
1531215209581,1531215209577,2010011,0.00000851,538.00000000,0
1531215213019,1531215213015,2010012,0.00000851,411.00000000,0
1531215216027,1531215216023,2010013,0.00000850,134.00000000,1
1531215216028,1531215216023,2010014,0.00000850,4397.00000000,1
1531215216028,1531215216023,2010015,0.00000849,473.00000000,1
1531215216029,1531215216023,2010016,0.00000848,258.00000000,1
1531215216029,1531215216023,2010017,0.00000847,1042.00000000,1
1531215216030,1531215216023,2010018,0.00000847,5000.00000000,1
1531215216379,1531215216376,2010019,0.00000849,1450.00000000,0
1531215216882,1531215216878,2010020,0.00000849,617.00000000,0
1531215221780,1531215221776,2010021,0.00000849,75.00000000,0
1531215221829,1531215221824,2010022,0.00000847,20.00000000,1
1531215227008,1531215227005,2010023,0.00000849,8452.00000000,0
1531215227243,1531215227239,2010024,0.00000849,230.00000000,1
1531215233123,1531215233117,2010025,0.00000849,1001.00000000,1
1531215233509,1531215233504,2010026,0.00000849,1070.00000000,1
1531215234241,1531215234237,2010027,0.00000849,213.00000000,1
1531215234269,1531215234265,2010028,0.00000849,131.00000000,1
1531215235521,1531215235516,2010029,0.00000849,229.00000000,1
1531215239754,1531215239750,2010030,0.00000849,581.00000000,1
1531215242372,1531215242368,2010031,0.00000849,119.00000000,1
1531215243152,1531215243146,2010032,0.00000849,119.00000000,1
1531215243792,1531215243788,2010033,0.00000849,119.00000000,1
1531215243851,1531215243848,2010034,0.00000849,119.00000000,1
1531215244220,1531215244216,2010035,0.00000849,99.00000000,1
1531215252264,1531215252260,2010036,0.00000849,139.00000000,0
1531215252264,1531215252260,2010037,0.00000850,183.00000000,0
1531215252348,1531215252344,2010038,0.00000851,3745.00000000,0
1531215252348,1531215252344,2010039,0.00000854,19812.00000000,0
1531215255542,1531215255538,2010040,0.00000854,1873.00000000,0
1531215255542,1531215255538,2010041,0.00000857,15687.00000000,0
1531215255542,1531215255538,2010042,0.00000858,40988.00000000,0
1531215258205,1531215258202,2010043,0.00000854,118.00000000,1
1531215258756,1531215258752,2010044,0.00000858,819.00000000,0
1531215260399,1531215260395,2010045,0.00000857,819.00000000,0
1531215263264,1531215263260,2010046,0.00000857,380.00000000,0
1531215263264,1531215263260,2010047,0.00000858,556.00000000,0
1531215263628,1531215263622,2010048,0.00000858,67135.00000000,0
1531215263628,1531215263622,2010049,0.00000861,17569.00000000,0
1531215263628,1531215263622,2010050,0.00000862,1600.00000000,0
1531215263628,1531215263622,2010051,0.00000863,2123.00000000,0
1531215264026,1531215264021,2010052,0.00000854,3434.00000000,1
1531215264368,1531215264362,2010053,0.00000854,237.00000000,1
1531215264734,1531215264730,2010054,0.00000862,29650.00000000,0
1531215264771,1531215264768,2010055,0.00000854,356.00000000,1
1531215266160,1531215266155,2010056,0.00000862,590.00000000,0
1531215266873,1531215266867,2010057,0.00000857,157.00000000,0
1531215266873,1531215266867,2010058,0.00000864,4476.00000000,0
1531215267911,1531215267906,2010059,0.00000863,1322.00000000,0
1531215267911,1531215267906,2010060,0.00000864,29966.00000000,0
1531215267911,1531215267906,2010061,0.00000865,72360.00000000,0
1531215286059,1531215286053,2010062,0.00000862,117.00000000,0
1531215286059,1531215286053,2010063,0.00000863,3709.00000000,0
1531215286059,1531215286053,2010064,0.00000865,1954.00000000,0
1531215286070,1531215286064,2010065,0.00000865,9391.00000000,0
1531215286070,1531215286064,2010066,0.00000866,30606.00000000,0
1531215286070,1531215286064,2010067,0.00000867,5457.00000000,0
1531215286070,1531215286064,2010068,0.00000869,402.00000000,0
1531215286070,1531215286064,2010069,0.00000871,11947.00000000,0
1531215286144,1531215286138,2010070,0.00000871,1596.00000000,0
1531215286144,1531215286138,2010071,0.00000872,3432.00000000,0
1531215286144,1531215286138,2010072,0.00000873,10038.00000000,0
1531215286144,1531215286138,2010073,0.00000874,10592.00000000,0
1531215286144,1531215286138,2010074,0.00000875,6020.00000000,0
1531215286144,1531215286138,2010075,0.00000876,8784.00000000,0
1531215286158,1531215286154,2010076,0.00000876,11560.00000000,0
1531215286264,1531215286259,2010077,0.00000876,578.00000000,0
1531215286309,1531215286304,2010078,0.00000876,1734.00000000,0
1531215286431,1531215286427,2010079,0.00000876,136.00000000,0
1531215288647,1531215288643,2010080,0.00000867,315.00000000,1
1531215297576,1531215297573,2010081,0.00000870,354.00000000,1
1531215298575,1531215298571,2010082,0.00000870,117.00000000,1
1531215298815,1531215298810,2010083,0.00000870,115.00000000,1
1531215299748,1531215299743,2010084,0.00000870,1909.00000000,1
1531215300410,1531215300404,2010085,0.00000867,1355.00000000,1
1531215300843,1531215300839,2010086,0.00000866,116.00000000,1
1531215301921,1531215301917,2010087,0.00000868,315.00000000,0
1531215302833,1531215302830,2010088,0.00000869,612.00000000,0
1531215309043,1531215309038,2010089,0.00000869,378.00000000,0
1531215309354,1531215309349,2010090,0.00000869,1555.00000000,1
1531215309395,1531215309390,2010091,0.00000869,3062.00000000,0
1531215340385,1531215340382,2010092,0.00000865,2312.00000000,1
1531215350009,1531215350004,2010093,0.00000864,8794.00000000,1
1531215365053,1531215365050,2010094,0.00000863,2658.00000000,1
1531215368379,1531215368372,2010095,0.00000862,165.00000000,0
1531215385802,1531215385799,2010096,0.00000864,128.00000000,0
1531215385802,1531215385799,2010097,0.00000868,94.00000000,0
1531215392056,1531215392051,2010098,0.00000861,6631.00000000,1
1531215395889,1531215395885,2010099,0.00000868,2728.00000000,0
1531215395889,1531215395885,2010100,0.00000869,35686.00000000,0
1531215435708,1531215435704,2010101,0.00000868,230.00000000,0
1531215450045,1531215450038,2010102,0.00000865,500.00000000,1
1531215450045,1531215450038,2010103,0.00000862,502.00000000,1
1531215450045,1531215450038,2010104,0.00000861,15172.00000000,1
1531215450045,1531215450038,2010105,0.00000860,22240.00000000,1
1531215452626,1531215452622,2010106,0.00000864,41.00000000,0
1531215455661,1531215455656,2010107,0.00000864,1.00000000,0
1531215470949,1531215470943,2010108,0.00000861,11258.00000000,1
1531215487438,1531215487430,2010109,0.00000860,230.00000000,1
1531215495250,1531215495245,2010110,0.00000860,591.00000000,1
1531215512372,1531215512368,2010111,0.00000861,4108.00000000,1
1531215512398,1531215512395,2010112,0.00000861,7763.00000000,1
1531215512643,1531215512639,2010113,0.00000860,1.00000000,1
1531215518606,1531215518601,2010114,0.00000862,1.00000000,0
1531215584912,1531215584907,2010115,0.00000861,62.00000000,0
1531215602077,1531215602073,2010116,0.00000860,15666.00000000,1
1531215602525,1531215602521,2010117,0.00000858,128.00000000,1
1531215602525,1531215602521,2010118,0.00000857,424.00000000,1
1531215602952,1531215602945,2010119,0.00000856,589.00000000,1
1531215602952,1531215602945,2010120,0.00000855,1580.00000000,1
1531215604374,1531215604370,2010121,0.00000856,15000.00000000,1
1531215604374,1531215604370,2010122,0.00000855,64463.00000000,1
1531215604971,1531215604967,2010123,0.00000855,165.00000000,1
1531215616200,1531215616196,2010124,0.00000856,299.00000000,1
1531215616200,1531215616196,2010125,0.00000855,4423.00000000,1
1531215635431,1531215635426,2010126,0.00000856,11609.00000000,1
1531215635653,1531215635443,2010127,0.00000856,1746.00000000,1
1531215645032,1531215645027,2010128,0.00000859,165.00000000,0
1531215645032,1531215645027,2010129,0.00000860,1176.00000000,0
1531215648844,1531215648840,2010130,0.00000858,118.00000000,1
1531215649902,1531215649898,2010131,0.00000858,8328.00000000,1
1531215664625,1531215664622,2010132,0.00000857,129.00000000,1
1531215664984,1531215664980,2010133,0.00000857,129.00000000,1
1531215669605,1531215669601,2010134,0.00000857,355.00000000,1
1531215670250,1531215670246,2010135,0.00000857,119.00000000,1
1531215680836,1531215680831,2010136,0.00000857,5699.00000000,1
1531215680863,1531215680859,2010137,0.00000858,118.00000000,0
1531215685154,1531215685149,2010138,0.00000858,7000.00000000,1
1531215692129,1531215692125,2010139,0.00000858,1328.00000000,1
1531215692129,1531215692125,2010140,0.00000857,8847.00000000,1
1531215698485,1531215698480,2010141,0.00000857,583.00000000,1
1531215710186,1531215710182,2010142,0.00000858,8157.00000000,1
1531215710203,1531215710200,2010143,0.00000858,8908.00000000,1
1531215710227,1531215710224,2010144,0.00000857,5699.00000000,1
1531215732577,1531215732572,2010145,0.00000857,530.00000000,0
1531215736270,1531215736267,2010146,0.00000857,475.00000000,0
1531215757411,1531215757408,2010147,0.00000856,9997.00000000,0
1531215757424,1531215757418,2010148,0.00000855,9801.00000000,1
1531215771747,1531215771742,2010149,0.00000853,1931.00000000,1
1531215797234,1531215797230,2010150,0.00000853,2391.00000000,1
1531215800744,1531215800740,2010151,0.00000858,90.00000000,0
1531215809374,1531215809370,2010152,0.00000853,119.00000000,1
1531215849405,1531215849399,2010153,0.00000855,1178.00000000,0
1531215853099,1531215853095,2010154,0.00000855,176.00000000,0
1531215865764,1531215865760,2010155,0.00000855,84.00000000,0
1531215865833,1531215865830,2010156,0.00000855,69.00000000,0
1531215869817,1531215869813,2010157,0.00000855,69.00000000,0
1531215869845,1531215869841,2010158,0.00000855,73.00000000,0
1531215886503,1531215886500,2010159,0.00000855,62.00000000,0
1531215886605,1531215886600,2010160,0.00000855,72.00000000,0
1531215895309,1531215895305,2010161,0.00000855,73.00000000,0
1531215896881,1531215896876,2010162,0.00000855,116.00000000,0
1531215911884,1531215911881,2010163,0.00000855,87.00000000,0
1531215960266,1531215960262,2010164,0.00000855,2270.00000000,0
1531216007508,1531216007503,2010165,0.00000854,307.00000000,1
1531216015614,1531216015609,2010166,0.00000855,1000.00000000,0
1531216030354,1531216030351,2010167,0.00000855,1.00000000,0
1531216032778,1531216032775,2010168,0.00000855,1.00000000,0
1531216034647,1531216034641,2010169,0.00000855,1.00000000,0
1531216036254,1531216036250,2010170,0.00000855,1.00000000,0
1531216046541,1531216046538,2010171,0.00000855,544.00000000,0
1531216051135,1531216051130,2010172,0.00000854,7941.00000000,1
1531216051413,1531216051408,2010173,0.00000854,4529.00000000,0
1531216051413,1531216051408,2010174,0.00000855,20582.00000000,0
1531216066470,1531216066467,2010175,0.00000855,1.00000000,0
1531216068637,1531216068634,2010176,0.00000855,1.00000000,0
1531216071500,1531216071495,2010177,0.00000854,8226.00000000,1
1531216071518,1531216071514,2010178,0.00000854,7732.00000000,0
1531216071526,1531216071522,2010179,0.00000854,8226.00000000,1
1531216078005,1531216077999,2010180,0.00000854,7054.00000000,1
1531216078016,1531216078012,2010181,0.00000854,6657.00000000,0
1531216078026,1531216078023,2010182,0.00000854,1525.00000000,1
1531216078049,1531216078044,2010183,0.00000854,5529.00000000,1
1531216095784,1531216095779,2010184,0.00000854,1.00000000,1
1531216101531,1531216101526,2010185,0.00000855,1.00000000,0
1531216101991,1531216101987,2010186,0.00000854,8558.00000000,1
1531216102017,1531216102014,2010187,0.00000854,8325.00000000,1
1531216127728,1531216127724,2010188,0.00000854,1.00000000,0
1531216127728,1531216127724,2010189,0.00000855,3438.00000000,0
1531216131020,1531216131016,2010190,0.00000857,68.00000000,0
1531216143857,1531216143852,2010191,0.00000856,3842.00000000,1
1531216143873,1531216143870,2010192,0.00000856,3457.00000000,0
1531216143888,1531216143882,2010193,0.00000856,3842.00000000,1
1531216175173,1531216175168,2010194,0.00000856,1524.00000000,1
1531216175192,1531216175188,2010195,0.00000856,548.00000000,0
1531216175201,1531216175196,2010196,0.00000856,1524.00000000,1
1531216221692,1531216221688,2010197,0.00000856,1518.00000000,1
1531216221705,1531216221700,2010198,0.00000856,10394.00000000,1
1531216255377,1531216255372,2010199,0.00000857,12.00000000,0
1531216265973,1531216265969,2010200,0.00000856,2750.00000000,1
1531216265993,1531216265988,2010201,0.00000856,715.00000000,0
1531216266010,1531216266005,2010202,0.00000856,2750.00000000,1
1531216269040,1531216269034,2010203,0.00000857,445.00000000,0
1531216367732,1531216367728,2010204,0.00000858,281.00000000,0
1531216407195,1531216407191,2010205,0.00000858,164.00000000,0
1531216458659,1531216458654,2010206,0.00000858,627.00000000,0
1531216458659,1531216458654,2010207,0.00000859,1552.00000000,0
1531216476284,1531216476281,2010208,0.00000858,1943.00000000,1
1531216476296,1531216476292,2010209,0.00000858,3575.00000000,0
1531216476310,1531216476306,2010210,0.00000858,1943.00000000,1
1531216498085,1531216498081,2010211,0.00000859,30992.00000000,0
1531216506933,1531216506929,2010212,0.00000859,1133.00000000,0
1531216513655,1531216513650,2010213,0.00000858,2858.00000000,1
1531216513674,1531216513669,2010214,0.00000858,4515.00000000,0
1531216513684,1531216513680,2010215,0.00000858,2858.00000000,1
1531216524110,1531216524105,2010216,0.00000857,719.00000000,1
1531216535818,1531216535812,2010217,0.00000858,481.00000000,1
1531216535837,1531216535833,2010218,0.00000858,894.00000000,0
1531216535847,1531216535842,2010219,0.00000858,481.00000000,1
1531216572592,1531216572586,2010220,0.00000858,2106.00000000,1
1531216596486,1531216596481,2010221,0.00000858,3146.00000000,1
1531216596506,1531216596502,2010222,0.00000858,5583.00000000,1
1531216615783,1531216615779,2010223,0.00000858,5947.00000000,1
1531216615799,1531216615795,2010224,0.00000858,7306.00000000,1
1531216622275,1531216622271,2010225,0.00000858,5962.00000000,1
1531216622275,1531216622271,2010226,0.00000857,1212.00000000,1
1531216622275,1531216622271,2010227,0.00000856,13915.00000000,1
1531216622275,1531216622271,2010228,0.00000853,38851.00000000,1
1531216638339,1531216638335,2010229,0.00000853,175.00000000,1
1531216666535,1531216666531,2010230,0.00000854,371.00000000,1
1531216685899,1531216685894,2010231,0.00000853,10000.00000000,1
1531216700658,1531216700655,2010232,0.00000854,5172.00000000,1
1531216700685,1531216700682,2010233,0.00000854,4992.00000000,1
1531216713708,1531216713703,2010234,0.00000853,30992.00000000,1
1531216740328,1531216740324,2010235,0.00000856,16269.00000000,0
1531216740341,1531216740336,2010236,0.00000855,6894.00000000,1
1531216775029,1531216775023,2010237,0.00000856,2923.00000000,0
1531216775046,1531216775043,2010238,0.00000855,2281.00000000,1
1531216775069,1531216775063,2010239,0.00000855,2658.00000000,1
1531216799623,1531216799618,2010240,0.00000855,5648.00000000,0
1531216799638,1531216799634,2010241,0.00000857,10900.00000000,0
1531216799665,1531216799660,2010242,0.00000857,5329.00000000,0
1531216802229,1531216802223,2010243,0.00000856,1141.00000000,0
1531216802229,1531216802223,2010244,0.00000858,3000.00000000,0
1531216802229,1531216802223,2010245,0.00000861,1693.00000000,0
1531216826684,1531216826680,2010246,0.00000855,48.00000000,1
1531216827716,1531216827712,2010247,0.00000855,67.00000000,1
1531216828355,1531216828351,2010248,0.00000855,65.00000000,1
1531216828922,1531216828917,2010249,0.00000854,29.00000000,1
1531216829628,1531216829623,2010250,0.00000854,228.00000000,1
1531216830253,1531216830250,2010251,0.00000854,32.00000000,1
1531216831301,1531216831297,2010252,0.00000854,60.00000000,1
1531216831721,1531216831715,2010253,0.00000854,36.00000000,1
1531216831985,1531216831979,2010254,0.00000855,24.00000000,1
1531216832279,1531216832275,2010255,0.00000855,80.00000000,1
1531216832865,1531216832861,2010256,0.00000855,52.00000000,1
1531216833341,1531216833336,2010257,0.00000855,51.00000000,1
1531216834607,1531216834603,2010258,0.00000855,50.00000000,1
1531216834899,1531216834895,2010259,0.00000855,33.00000000,1
1531216835253,1531216835249,2010260,0.00000855,50.00000000,1
1531216835742,1531216835736,2010261,0.00000855,29.00000000,1
1531216836358,1531216836355,2010262,0.00000855,47.00000000,1
1531216836848,1531216836844,2010263,0.00000855,170.00000000,1
1531216837451,1531216837447,2010264,0.00000855,44.00000000,1
1531216838045,1531216838041,2010265,0.00000855,65.00000000,1
1531216838539,1531216838534,2010266,0.00000855,62.00000000,1
1531216839063,1531216839060,2010267,0.00000855,56.00000000,1
1531216839543,1531216839539,2010268,0.00000855,30.00000000,1
1531216840044,1531216840040,2010269,0.00000855,155.00000000,1
1531216840600,1531216840596,2010270,0.00000855,54.00000000,1
1531216841134,1531216841131,2010271,0.00000855,29.00000000,1
1531216841594,1531216841590,2010272,0.00000855,38.00000000,1
1531216842056,1531216842052,2010273,0.00000855,116.00000000,1
1531216842606,1531216842602,2010274,0.00000855,66.00000000,1
1531216843182,1531216843178,2010275,0.00000855,63.00000000,1
1531216843702,1531216843698,2010276,0.00000855,30.00000000,1
1531216844270,1531216844266,2010277,0.00000855,41.00000000,1
1531216844874,1531216844870,2010278,0.00000855,69.00000000,1
1531216845748,1531216845744,2010279,0.00000855,63.00000000,1
1531216846289,1531216846285,2010280,0.00000855,37.00000000,1
1531216846809,1531216846805,2010281,0.00000855,59.00000000,1
1531216847367,1531216847362,2010282,0.00000855,389.00000000,1
1531216847867,1531216847862,2010283,0.00000855,41.00000000,1
1531216848227,1531216848223,2010284,0.00000855,110.00000000,1
1531216851624,1531216851620,2010285,0.00000860,736.00000000,0
1531216851650,1531216851645,2010286,0.00000860,3572.00000000,0
1531216856898,1531216856895,2010287,0.00000856,35.00000000,1
1531216858186,1531216858182,2010288,0.00000856,74.00000000,1
1531216858485,1531216858481,2010289,0.00000856,34.00000000,1
1531216858771,1531216858766,2010290,0.00000856,57.00000000,1
1531216859507,1531216859503,2010291,0.00000856,116.00000000,1
1531216859507,1531216859503,2010292,0.00000855,421.00000000,1
1531216860131,1531216860127,2010293,0.00000855,422.00000000,1
1531216860713,1531216860709,2010294,0.00000855,45.00000000,1
1531216861300,1531216861295,2010295,0.00000855,32.00000000,1
1531216861798,1531216861795,2010296,0.00000855,72.00000000,1
1531216862342,1531216862339,2010297,0.00000855,26.00000000,1
1531216863144,1531216863138,2010298,0.00000855,68.00000000,1
1531216863714,1531216863710,2010299,0.00000855,64.00000000,1
1531216864342,1531216864339,2010300,0.00000855,29.00000000,1
1531216864730,1531216864727,2010301,0.00000855,62.00000000,1
1531216865307,1531216865302,2010302,0.00000855,26.00000000,1
1531216865761,1531216865758,2010303,0.00000855,28.00000000,1
1531216866299,1531216866293,2010304,0.00000855,32.00000000,1
1531216866866,1531216866860,2010305,0.00000855,33.00000000,1
1531216867572,1531216867567,2010306,0.00000855,93.00000000,1
1531216868310,1531216868307,2010307,0.00000855,61.00000000,1
1531216868861,1531216868857,2010308,0.00000855,61.00000000,1
1531216869345,1531216869341,2010309,0.00000855,97.00000000,1
1531216869735,1531216869731,2010310,0.00000855,109.00000000,1
1531216869861,1531216869857,2010311,0.00000855,639.00000000,1
1531216870420,1531216870416,2010312,0.00000855,56.00000000,1
1531216871090,1531216871086,2010313,0.00000855,50.00000000,1
1531216871627,1531216871622,2010314,0.00000855,117.00000000,1
1531216872225,1531216872221,2010315,0.00000855,49.00000000,1
1531216872720,1531216872716,2010316,0.00000855,45.00000000,1
1531216873194,1531216873190,2010317,0.00000855,67.00000000,1
1531216873824,1531216873820,2010318,0.00000855,55.00000000,1
1531216874600,1531216874596,2010319,0.00000855,31.00000000,1
1531216875976,1531216875971,2010320,0.00000855,34.00000000,1
1531216877505,1531216877501,2010321,0.00000855,29.00000000,1
1531216878543,1531216878540,2010322,0.00000855,105.00000000,1
1531216879940,1531216879935,2010323,0.00000855,53.00000000,1
1531216881769,1531216881765,2010324,0.00000855,52.00000000,1
1531216882616,1531216882611,2010325,0.00000859,496.00000000,0
1531216882616,1531216882611,2010326,0.00000860,3253.00000000,0
1531216882616,1531216882611,2010327,0.00000861,1132.00000000,0
1531216882616,1531216882611,2010328,0.00000862,2101.00000000,0
1531216882885,1531216882880,2010329,0.00000855,120.00000000,1
1531216883836,1531216883831,2010330,0.00000856,54.00000000,1
1531216884854,1531216884850,2010331,0.00000856,66.00000000,1
1531216923096,1531216923092,2010332,0.00000858,1315.00000000,0
1531216923104,1531216923098,2010333,0.00000857,8745.00000000,1
1531216923128,1531216923125,2010334,0.00000857,522.00000000,1
1531216955603,1531216955598,2010335,0.00000858,11057.00000000,0
1531216991377,1531216991374,2010336,0.00000857,1036.00000000,1
1531216996611,1531216996608,2010337,0.00000857,3000.00000000,1
1531217015966,1531217015962,2010338,0.00000858,6899.00000000,0
1531217015991,1531217015987,2010339,0.00000858,8278.00000000,0
1531217020909,1531217020905,2010340,0.00000858,17925.00000000,1
1531217020924,1531217020921,2010341,0.00000858,1019.00000000,0
1531217020938,1531217020935,2010342,0.00000858,11301.00000000,1
1531217020951,1531217020946,2010343,0.00000858,6624.00000000,1
1531217090050,1531217090045,2010344,0.00000858,1539.00000000,0
1531217090050,1531217090045,2010345,0.00000859,8607.00000000,0
1531217107308,1531217107304,2010346,0.00000858,977.00000000,1
1531217107330,1531217107326,2010347,0.00000858,3317.00000000,1
1531217114313,1531217114310,2010348,0.00000857,21240.00000000,1
1531217135616,1531217135612,2010349,0.00000857,12684.00000000,1
1531217135640,1531217135636,2010350,0.00000858,4264.00000000,0
1531217135654,1531217135651,2010351,0.00000858,7207.00000000,0
1531217144146,1531217144142,2010352,0.00000859,2150.00000000,0
1531217165418,1531217165414,2010353,0.00000858,2071.00000000,1
1531217169940,1531217169936,2010354,0.00000858,7093.00000000,1
1531217169957,1531217169952,2010355,0.00000858,10923.00000000,0
1531217169965,1531217169961,2010356,0.00000858,7093.00000000,1
1531217225844,1531217225840,2010357,0.00000857,371.00000000,1
1531217264210,1531217264205,2010358,0.00000859,1485.00000000,0
1531217266889,1531217266883,2010359,0.00000857,2657.00000000,1
1531217269645,1531217269639,2010360,0.00000856,543.00000000,1
1531217300460,1531217300457,2010361,0.00000859,300.00000000,0
1531217300460,1531217300457,2010362,0.00000862,8253.00000000,0
1531217302004,1531217302000,2010363,0.00000862,2773.00000000,0
1531217314660,1531217314655,2010364,0.00000860,5723.00000000,0
1531217314677,1531217314673,2010365,0.00000859,9353.00000000,1
1531217314695,1531217314691,2010366,0.00000859,3448.00000000,1
1531217336080,1531217336075,2010367,0.00000857,200.00000000,1
1531217345992,1531217345987,2010368,0.00000858,3749.00000000,1
1531217346014,1531217346011,2010369,0.00000858,2867.00000000,1
1531217389575,1531217389570,2010370,0.00000860,8852.00000000,0
1531217389582,1531217389579,2010371,0.00000858,2597.00000000,1
1531217389605,1531217389599,2010372,0.00000858,6606.00000000,1
1531217413387,1531217413383,2010373,0.00000860,28229.00000000,0
1531217413404,1531217413400,2010374,0.00000858,9940.00000000,1
1531217415412,1531217415408,2010375,0.00000862,10.00000000,0
1531217435679,1531217435673,2010376,0.00000859,8570.00000000,1
1531217472998,1531217472995,2010377,0.00000859,11349.00000000,1
1531217511930,1531217511926,2010378,0.00000860,16842.00000000,0
1531217511949,1531217511944,2010379,0.00000859,6238.00000000,1
1531217523629,1531217523625,2010380,0.00000859,10524.00000000,1
1531217540941,1531217540935,2010381,0.00000859,1312.00000000,1
1531217540961,1531217540957,2010382,0.00000859,8361.00000000,1
1531217548708,1531217548703,2010383,0.00000861,10948.00000000,0
1531217548724,1531217548719,2010384,0.00000860,4055.00000000,1
1531217571216,1531217571210,2010385,0.00000861,5086.00000000,0
1531217571228,1531217571224,2010386,0.00000860,4102.00000000,1
1531217583391,1531217583388,2010387,0.00000859,747.00000000,1
1531217594529,1531217594524,2010388,0.00000859,389.00000000,1
1531217671092,1531217671086,2010389,0.00000858,150.00000000,1
1531217671092,1531217671086,2010390,0.00000857,537.00000000,1
1531217671092,1531217671086,2010391,0.00000856,866.00000000,1
1531217686342,1531217686338,2010392,0.00000857,11024.00000000,1
1531217686358,1531217686354,2010393,0.00000857,5396.00000000,1
1531217720184,1531217720180,2010394,0.00000859,15169.00000000,0
1531217720197,1531217720194,2010395,0.00000857,10573.00000000,1
1531217720217,1531217720212,2010396,0.00000857,11669.00000000,1
1531217740976,1531217740972,2010397,0.00000858,2457.00000000,0
1531217741068,1531217741064,2010398,0.00000857,2318.00000000,1
1531217781657,1531217781653,2010399,0.00000857,9372.00000000,1
1531217781674,1531217781671,2010400,0.00000857,8561.00000000,1
1531217799331,1531217799327,2010401,0.00000858,11088.00000000,1
1531217840418,1531217840415,2010402,0.00000857,2036.00000000,1
1531217840436,1531217840432,2010403,0.00000857,11763.00000000,1
1531217859449,1531217859445,2010404,0.00000856,103.00000000,1
1531217870267,1531217870264,2010405,0.00000857,4584.00000000,1
1531217870267,1531217870264,2010406,0.00000856,1235.00000000,1
1531217900088,1531217900082,2010407,0.00000858,7262.00000000,1
1531217900107,1531217900103,2010408,0.00000858,6367.00000000,1
1531217930353,1531217930349,2010409,0.00000860,13406.00000000,0
1531217930366,1531217930361,2010410,0.00000859,9919.00000000,1
1531217930392,1531217930388,2010411,0.00000859,7056.00000000,1
1531217934904,1531217934900,2010412,0.00000858,468.00000000,1
1531217961769,1531217961765,2010413,0.00000860,9686.00000000,0
1531217961781,1531217961775,2010414,0.00000859,8943.00000000,1
1531217961797,1531217961793,2010415,0.00000859,6290.00000000,1
1531217970442,1531217970438,2010416,0.00000860,4270.00000000,0
1531217970451,1531217970446,2010417,0.00000859,5748.00000000,1
1531217970472,1531217970468,2010418,0.00000859,2773.00000000,1
1531218006872,1531218006868,2010419,0.00000859,117.00000000,1
1531218039829,1531218039824,2010420,0.00000858,8527.00000000,0
1531218039841,1531218039837,2010421,0.00000857,5523.00000000,1
1531218039856,1531218039851,2010422,0.00000857,7227.00000000,1
1531218097184,1531218097180,2010423,0.00000857,10041.00000000,1
1531218097202,1531218097198,2010424,0.00000857,10461.00000000,1
1531218116429,1531218116424,2010425,0.00000858,10627.00000000,0
1531218116444,1531218116440,2010426,0.00000857,2190.00000000,1
1531218116470,1531218116467,2010427,0.00000857,6108.00000000,1
1531218170431,1531218170427,2010428,0.00000858,4341.00000000,0
1531218170449,1531218170445,2010429,0.00000857,8119.00000000,1
1531218170465,1531218170459,2010430,0.00000857,3015.00000000,1
1531218186010,1531218186005,2010431,0.00000858,8478.00000000,0
1531218186024,1531218186018,2010432,0.00000857,181.00000000,1
1531218186047,1531218186043,2010433,0.00000857,3072.00000000,1
1531218229852,1531218229847,2010434,0.00000859,4840.00000000,1
1531218229862,1531218229858,2010435,0.00000859,4080.00000000,0
1531218229878,1531218229874,2010436,0.00000859,710.00000000,1
1531218229894,1531218229889,2010437,0.00000859,4130.00000000,1
1531218258884,1531218258879,2010438,0.00000859,2297.00000000,1
1531218290749,1531218290744,2010439,0.00000859,16666.00000000,1
1531218290758,1531218290754,2010440,0.00000859,12551.00000000,0
1531218290777,1531218290773,2010441,0.00000859,6728.00000000,1
1531218290798,1531218290793,2010442,0.00000859,9938.00000000,1
1531218295345,1531218295340,2010443,0.00000858,1.00000000,1
1531218305355,1531218305351,2010444,0.00000859,1206.00000000,1
1531218311327,1531218311322,2010445,0.00000859,1737.00000000,1
1531218336444,1531218336440,2010446,0.00000858,4000.00000000,1
1531218336461,1531218336456,2010447,0.00000858,12770.00000000,0
1531218336478,1531218336474,2010448,0.00000859,1206.00000000,0
1531218358434,1531218358430,2010449,0.00000860,120.00000000,0
1531218364599,1531218364595,2010450,0.00000860,1618.00000000,0
1531218365578,1531218365575,2010451,0.00000859,1737.00000000,1
1531218412442,1531218412437,2010452,0.00000857,2528.00000000,1
1531218412462,1531218412458,2010453,0.00000857,4514.00000000,1
1531218412480,1531218412475,2010454,0.00000859,2943.00000000,0
1531218416706,1531218416702,2010455,0.00000856,2996.00000000,1
1531218433019,1531218433015,2010456,0.00000858,19257.00000000,0
1531218433030,1531218433026,2010457,0.00000857,10314.00000000,1
1531218433043,1531218433039,2010458,0.00000857,6506.00000000,1
1531218476397,1531218476390,2010459,0.00000856,16.00000000,1
1531218487346,1531218487341,2010460,0.00000858,30661.00000000,0
1531218487357,1531218487353,2010461,0.00000857,4926.00000000,1
1531218487380,1531218487375,2010462,0.00000857,11703.00000000,1
1531218496880,1531218496874,2010463,0.00000858,1457.00000000,1
1531218496899,1531218496895,2010464,0.00000858,2893.00000000,1
1531218496920,1531218496914,2010465,0.00000858,911.00000000,1
1531218517414,1531218517409,2010466,0.00000858,574.00000000,1
1531218517430,1531218517426,2010467,0.00000858,4272.00000000,1
1531218552777,1531218552772,2010468,0.00000858,11912.00000000,1
1531218552804,1531218552800,2010469,0.00000858,8800.00000000,1
1531218552821,1531218552817,2010470,0.00000858,6846.00000000,1
1531218586086,1531218586082,2010471,0.00000858,136.00000000,1
1531218597380,1531218597374,2010472,0.00000857,664.00000000,1
1531218611088,1531218611084,2010473,0.00000857,878.00000000,1
1531218639791,1531218639786,2010474,0.00000858,12167.00000000,1
1531218639813,1531218639808,2010475,0.00000858,8198.00000000,1
1531218639841,1531218639836,2010476,0.00000858,7901.00000000,1
1531218690511,1531218690505,2010477,0.00000858,203.00000000,1
1531218711331,1531218711326,2010478,0.00000859,1794.00000000,0
1531218770138,1531218770133,2010479,0.00000859,909.00000000,1
1531218775204,1531218775200,2010480,0.00000860,1086.00000000,0
1531218798816,1531218798813,2010481,0.00000860,1162.00000000,0
1531218802101,1531218802096,2010482,0.00000860,1000.00000000,0
1531218977768,1531218977764,2010483,0.00000860,8592.00000000,1
1531218977792,1531218977788,2010484,0.00000860,8792.00000000,1
1531218995391,1531218995386,2010485,0.00000859,627.00000000,1
1531219026961,1531219026956,2010486,0.00000860,5249.00000000,1
1531219026974,1531219026969,2010487,0.00000860,6104.00000000,1
1531219032903,1531219032899,2010488,0.00000861,9932.00000000,0
1531219032915,1531219032910,2010489,0.00000860,9197.00000000,1
1531219085131,1531219085126,2010490,0.00000858,2546.00000000,1
1531219095431,1531219095426,2010491,0.00000860,6859.00000000,0
1531219095440,1531219095435,2010492,0.00000859,3330.00000000,1
1531219103835,1531219103829,2010493,0.00000858,112.00000000,1
1531219147493,1531219147488,2010494,0.00000859,3546.00000000,1
1531219168789,1531219168784,2010495,0.00000861,10754.00000000,1
1531219168804,1531219168798,2010496,0.00000861,1655.00000000,0
1531219168819,1531219168814,2010497,0.00000861,2696.00000000,1
1531219168833,1531219168828,2010498,0.00000861,8058.00000000,1
1531219188045,1531219188040,2010499,0.00000862,19164.00000000,0
1531219206461,1531219206457,2010500,0.00000862,16090.00000000,0
1531219206475,1531219206471,2010501,0.00000861,6554.00000000,1
1531219206498,1531219206492,2010502,0.00000861,7590.00000000,1
1531219218912,1531219218907,2010503,0.00000861,584.00000000,1
1531219227266,1531219227259,2010504,0.00000861,551.00000000,0
1531219261276,1531219261270,2010505,0.00000863,116.00000000,0
1531219265725,1531219265721,2010506,0.00000862,903.00000000,1
1531219265736,1531219265730,2010507,0.00000862,354.00000000,1
1531219289817,1531219289811,2010508,0.00000863,558.00000000,1
1531219292241,1531219292236,2010509,0.00000863,2800.00000000,1
1531219293309,1531219293304,2010510,0.00000863,53.00000000,0
1531219317707,1531219317701,2010511,0.00000862,32.00000000,1
1531219318078,1531219318073,2010512,0.00000862,26.00000000,1
1531219318716,1531219318711,2010513,0.00000862,153.00000000,1
1531219319482,1531219319477,2010514,0.00000862,79.00000000,1
1531219321086,1531219321081,2010515,0.00000863,94.00000000,1
1531219321316,1531219321312,2010516,0.00000863,59.00000000,1
1531219321768,1531219321764,2010517,0.00000863,373.00000000,1
1531219322890,1531219322884,2010518,0.00000863,145.00000000,1
1531219323462,1531219323458,2010519,0.00000863,53.00000000,1
1531219324327,1531219324320,2010520,0.00000863,25.00000000,1
1531219324909,1531219324904,2010521,0.00000863,36.00000000,1
1531219325598,1531219325595,2010522,0.00000863,96.00000000,1
1531219326294,1531219326288,2010523,0.00000863,89.00000000,1
1531219326996,1531219326991,2010524,0.00000863,7038.00000000,1
1531219327217,1531219327212,2010525,0.00000863,970.00000000,0
1531219327256,1531219327249,2010526,0.00000862,51.00000000,1
1531219328084,1531219328078,2010527,0.00000862,66.00000000,1
1531219328487,1531219328481,2010528,0.00000862,98.00000000,1
1531219329126,1531219329122,2010529,0.00000862,68.00000000,1
1531219329551,1531219329547,2010530,0.00000865,7557.00000000,0
1531219329974,1531219329972,2010531,0.00000865,80.00000000,1
1531219330298,1531219330291,2010532,0.00000866,1075.00000000,0
1531219330582,1531219330578,2010533,0.00000865,62.00000000,1
1531219331116,1531219331111,2010534,0.00000865,78.00000000,1
1531219331879,1531219331875,2010535,0.00000865,32.00000000,1
1531219332360,1531219332356,2010536,0.00000866,369.00000000,0
1531219332569,1531219332565,2010537,0.00000865,40.00000000,1
1531219333462,1531219333459,2010538,0.00000865,91.00000000,1
1531219334258,1531219334253,2010539,0.00000865,50.00000000,1
1531219334361,1531219334355,2010540,0.00000866,403.00000000,0
1531219335218,1531219335213,2010541,0.00000865,24.00000000,1
1531219335687,1531219335683,2010542,0.00000865,854.00000000,1
1531219335893,1531219335889,2010543,0.00000865,53.00000000,1
1531219336262,1531219336258,2010544,0.00000866,450.00000000,0
1531219336655,1531219336651,2010545,0.00000865,52.00000000,1
1531219337373,1531219337366,2010546,0.00000866,379.00000000,0
1531219337832,1531219337827,2010547,0.00000866,24.00000000,1
1531219338276,1531219338271,2010548,0.00000867,25514.00000000,0
