event_time,trade_time,trade_id,price,quantity,maker
1531210559449,1531210559445,2643537,0.00000269,3717.00000000,0
1531210613961,1531210613957,2643538,0.00000269,6551.00000000,0
1531210657491,1531210657486,2643539,0.00000268,6148.00000000,1
1531210747630,1531210747625,2643540,0.00000268,3968.00000000,1
1531210761060,1531210761057,2643541,0.00000268,419.00000000,1
1531210763730,1531210763725,2643542,0.00000269,2500.00000000,0
1531210770722,1531210770718,2643543,0.00000269,7473.00000000,1
1531210785851,1531210785847,2643544,0.00000269,8805.00000000,1
1531210814822,1531210814818,2643545,0.00000269,711.00000000,1
1531210886764,1531210886760,2643546,0.00000269,71.00000000,1
1531210889918,1531210889913,2643547,0.00000269,3.00000000,1
1531211091592,1531211091588,2643548,0.00000269,21.00000000,1
1531211103699,1531211103695,2643549,0.00000269,34396.00000000,1
1531211103719,1531211103716,2643550,0.00000269,9385.00000000,0
1531211354576,1531211354571,2643551,0.00000269,3466.00000000,1
1531211377600,1531211377595,2643552,0.00000268,3508.00000000,1
1531211592371,1531211592366,2643553,0.00000268,6222.00000000,1
1531211592724,1531211592720,2643554,0.00000269,9016.00000000,1
1531211652902,1531211652898,2643555,0.00000269,18627.00000000,0
1531211662964,1531211662961,2643556,0.00000269,4907.00000000,0
1531211866558,1531211866553,2643557,0.00000268,16024.00000000,1
1531211878554,1531211878550,2643558,0.00000269,241798.00000000,0
1531211883483,1531211883479,2643559,0.00000269,30580.00000000,1
1531211913198,1531211913193,2643560,0.00000268,275133.00000000,1
1531211916559,1531211916556,2643561,0.00000269,5655.00000000,0
1531211930562,1531211930557,2643562,0.00000268,208530.00000000,1
1531211930562,1531211930557,2643563,0.00000267,220323.00000000,1
1531211930578,1531211930575,2643564,0.00000267,6875.00000000,0
1531211930578,1531211930575,2643565,0.00000267,27615.00000000,0
1531211930584,1531211930580,2643566,0.00000267,6965.00000000,0
1531211930590,1531211930585,2643567,0.00000267,6921.00000000,0
1531211930594,1531211930590,2643568,0.00000267,18568.00000000,0
1531211930598,1531211930594,2643569,0.00000267,3745.00000000,0
1531211930599,1531211930595,2643570,0.00000267,742.00000000,0
1531211930606,1531211930602,2643571,0.00000267,6927.00000000,0
1531211930678,1531211930673,2643572,0.00000267,9095.00000000,0
1531211930818,1531211930814,2643573,0.00000267,27615.00000000,0
1531211932680,1531211932676,2643574,0.00000267,196688.00000000,0
1531211932680,1531211932676,2643575,0.00000268,28312.00000000,0
1531211934365,1531211934359,2643576,0.00000268,73122.00000000,0
1531211974175,1531211974171,2643577,0.00000268,55000.00000000,0
1531212049278,1531212049274,2643578,0.00000267,7589.00000000,1
1531212049290,1531212049286,2643579,0.00000267,2536.00000000,1
1531212069851,1531212069847,2643580,0.00000267,7942.00000000,1
1531212104895,1531212104890,2643581,0.00000267,419.00000000,1
1531212118282,1531212118276,2643582,0.00000267,2752.00000000,1
1531212149510,1531212149506,2643583,0.00000266,3815.00000000,1
1531212149822,1531212149818,2643584,0.00000266,223.00000000,1
1531212153040,1531212153035,2643585,0.00000267,2988.00000000,0
1531212153040,1531212153035,2643586,0.00000268,97012.00000000,0
1531212189023,1531212189017,2643587,0.00000267,3247.00000000,1
1531212202549,1531212202544,2643588,0.00000267,10012.00000000,1
1531212392191,1531212392188,2643589,0.00000267,79.00000000,1
1531212403698,1531212403694,2643590,0.00000267,27.00000000,1
1531212432741,1531212432737,2643591,0.00000267,5388.00000000,1
1531212436686,1531212436681,2643592,0.00000267,6559.00000000,1
1531212454642,1531212454638,2643593,0.00000268,3340.00000000,0
1531212515615,1531212515611,2643594,0.00000267,8.00000000,1
1531212677585,1531212677578,2643595,0.00000268,76382.00000000,0
1531212677585,1531212677578,2643596,0.00000269,317582.00000000,0
1531212677606,1531212677602,2643597,0.00000269,774.00000000,1
1531212677613,1531212677609,2643598,0.00000269,10415.00000000,1
1531212677661,1531212677657,2643599,0.00000269,25922.00000000,1
1531212687719,1531212687715,2643600,0.00000269,7521.00000000,1
1531212694608,1531212694602,2643601,0.00000270,14805.00000000,0
1531212695047,1531212695043,2643602,0.00000270,218.00000000,0
1531212771433,1531212771428,2643603,0.00000269,7402.00000000,1
1531212783301,1531212783295,2643604,0.00000269,7.00000000,1
1531212798051,1531212798047,2643605,0.00000269,93.00000000,1
1531212807326,1531212807324,2643606,0.00000270,1465.00000000,0
1531212810756,1531212810753,2643607,0.00000269,6.00000000,1
1531212813917,1531212813913,2643608,0.00000269,17504.00000000,1
1531212835920,1531212835917,2643609,0.00000269,1314.00000000,1
1531212836068,1531212836063,2643610,0.00000271,3975.00000000,0
1531212954733,1531212954729,2643611,0.00000271,1933.00000000,0
1531213156202,1531213156197,2643612,0.00000270,9897.00000000,1
1531213159849,1531213159846,2643613,0.00000270,1.00000000,1
1531213178211,1531213178206,2643614,0.00000270,679.00000000,1
1531213215562,1531213215556,2643615,0.00000270,22737.00000000,1
1531213291367,1531213291362,2643616,0.00000269,10000.00000000,1
1531213317561,1531213317555,2643617,0.00000269,96318.00000000,1
1531213402416,1531213402413,2643618,0.00000269,1561.00000000,1
1531213413805,1531213413800,2643619,0.00000269,6.00000000,1
1531213449952,1531213449949,2643620,0.00000269,1116.00000000,1
1531213467535,1531213467530,2643621,0.00000270,75.00000000,0
1531213507956,1531213507953,2643622,0.00000269,2705.00000000,1
1531213766264,1531213766260,2643623,0.00000269,391.00000000,1
1531213836537,1531213836533,2643624,0.00000270,7.00000000,0
1531213876441,1531213876438,2643625,0.00000269,110000.00000000,1
1531213878366,1531213878363,2643626,0.00000269,55000.00000000,1
1531213880312,1531213880305,2643627,0.00000269,55000.00000000,1
1531213922017,1531213922011,2643628,0.00000269,91414.00000000,1
1531213942799,1531213942793,2643629,0.00000268,12.00000000,1
1531213948975,1531213948970,2643630,0.00000268,2331.00000000,1
1531213999391,1531213999386,2643631,0.00000268,30442.00000000,1
1531214085289,1531214085284,2643632,0.00000268,686.00000000,1
1531214108898,1531214108892,2643633,0.00000268,3731.00000000,0
1531214114661,1531214114656,2643634,0.00000267,444.00000000,1
1531214169979,1531214169975,2643635,0.00000268,8407.00000000,0
1531214180000,1531214179996,2643636,0.00000268,9122.00000000,0
1531214211336,1531214211331,2643637,0.00000267,8458.00000000,1
1531214234710,1531214234706,2643638,0.00000267,11029.00000000,1
1531214282141,1531214282136,2643639,0.00000267,9060.00000000,1
1531214317993,1531214317989,2643640,0.00000268,7627.00000000,0
1531214384072,1531214384068,2643641,0.00000267,419.00000000,1
1531214445254,1531214445250,2643642,0.00000267,20934.00000000,1
1531214484597,1531214484593,2643643,0.00000266,1931.00000000,1
1531214484894,1531214484890,2643644,0.00000266,217.00000000,1
1531214485284,1531214485278,2643645,0.00000266,33863.00000000,1
1531214488313,1531214488310,2643646,0.00000267,5742.00000000,0
1531214488318,1531214488315,2643647,0.00000267,5752.00000000,0
1531214495486,1531214495483,2643648,0.00000267,15.00000000,0
1531214496573,1531214496569,2643649,0.00000266,3731.00000000,1
1531214496853,1531214496848,2643650,0.00000266,8.00000000,1
1531214510235,1531214510232,2643651,0.00000267,2149.00000000,0
1531214518521,1531214518516,2643652,0.00000266,380.00000000,1
1531214518537,1531214518534,2643653,0.00000266,380.00000000,1
1531214534126,1531214534121,2643654,0.00000267,1.00000000,0
1531214538608,1531214538603,2643655,0.00000266,4937.00000000,1
1531214559678,1531214559672,2643656,0.00000266,14938.00000000,1
1531214559678,1531214559672,2643657,0.00000265,47499.00000000,1
1531214568536,1531214568532,2643658,0.00000266,101.00000000,0
1531214596277,1531214596273,2643659,0.00000266,8918.00000000,0
1531214618679,1531214618672,2643660,0.00000265,1144.00000000,1
1531214638134,1531214638131,2643661,0.00000265,64337.00000000,1
1531214643543,1531214643537,2643662,0.00000265,416.00000000,1
1531214643625,1531214643622,2643663,0.00000265,416.00000000,1
1531214643819,1531214643814,2643664,0.00000265,453.00000000,1
1531214644402,1531214644398,2643665,0.00000265,416.00000000,1
1531214652602,1531214652599,2643666,0.00000265,8688.00000000,1
1531214654737,1531214654732,2643667,0.00000266,102139.00000000,0
1531214654737,1531214654732,2643668,0.00000267,38080.00000000,0
1531214654737,1531214654732,2643669,0.00000268,31692.00000000,0
1531214654761,1531214654757,2643670,0.00000268,28521.00000000,1
1531214654770,1531214654765,2643671,0.00000268,3829.00000000,1
1531214655031,1531214655028,2643672,0.00000268,8495.00000000,1
1531214655230,1531214655225,2643673,0.00000268,225000.00000000,1
1531214655971,1531214655966,2643674,0.00000268,11029.00000000,1
1531214656051,1531214656048,2643675,0.00000268,162429.00000000,1
1531214665205,1531214665201,2643676,0.00000267,101.00000000,0
1531214665402,1531214665397,2643677,0.00000267,111.00000000,0
1531214665421,1531214665418,2643678,0.00000267,109.00000000,0
1531214665528,1531214665524,2643679,0.00000267,108.00000000,0
1531214665570,1531214665565,2643680,0.00000267,156.00000000,0
1531214665615,1531214665610,2643681,0.00000267,250.00000000,0
1531214665685,1531214665680,2643682,0.00000267,188.00000000,0
1531214665754,1531214665751,2643683,0.00000267,85.00000000,0
1531214669336,1531214669332,2643684,0.00000267,61.00000000,0
1531214670068,1531214670064,2643685,0.00000267,7075.00000000,1
1531214694848,1531214694844,2643686,0.00000267,222.00000000,0
1531214694988,1531214694983,2643687,0.00000267,205.00000000,0
1531214695155,1531214695151,2643688,0.00000267,210.00000000,0
1531214695204,1531214695201,2643689,0.00000267,320.00000000,0
1531214695326,1531214695323,2643690,0.00000267,213.00000000,0
1531214695394,1531214695390,2643691,0.00000267,237.00000000,0
1531214697744,1531214697740,2643692,0.00000267,175.00000000,0
1531214697800,1531214697794,2643693,0.00000267,191.00000000,0
1531214697869,1531214697864,2643694,0.00000267,199.00000000,0
1531214698097,1531214698094,2643695,0.00000267,354.00000000,0
1531214698167,1531214698162,2643696,0.00000267,207.00000000,0
1531214763831,1531214763826,2643697,0.00000267,2907.00000000,0
1531214786659,1531214786656,2643698,0.00000266,22.00000000,1
1531214834709,1531214834706,2643699,0.00000266,1237.00000000,1
1531214880634,1531214880629,2643700,0.00000266,16437.00000000,1
1531214940322,1531214940318,2643701,0.00000266,3119.00000000,1
1531214974379,1531214974375,2643702,0.00000266,36879.00000000,1
1531214974392,1531214974385,2643703,0.00000265,138967.00000000,1
1531214974399,1531214974394,2643704,0.00000265,13131.00000000,1
1531214974416,1531214974412,2643705,0.00000265,77094.00000000,1
1531214974422,1531214974416,2643706,0.00000265,1800.00000000,1
1531214974422,1531214974416,2643707,0.00000264,5740.00000000,1
1531214974428,1531214974424,2643708,0.00000264,36879.00000000,1
1531214974437,1531214974427,2643709,0.00000264,295752.00000000,1
1531214974534,1531214974528,2643710,0.00000263,10879.00000000,1
1531214975633,1531214975629,2643711,0.00000264,3977.00000000,0
1531214976131,1531214976127,2643712,0.00000264,2238.00000000,0
1531214977435,1531214977431,2643713,0.00000263,19318.00000000,1
1531214977976,1531214977971,2643714,0.00000264,5.00000000,0
1531214982932,1531214982927,2643715,0.00000263,62679.00000000,1
1531214983514,1531214983510,2643716,0.00000264,4.00000000,0
1531214984319,1531214984314,2643717,0.00000264,84.00000000,0
1531214984382,1531214984379,2643718,0.00000263,3992.00000000,1
1531214984412,1531214984407,2643719,0.00000264,245.00000000,0
1531214984465,1531214984460,2643720,0.00000264,296.00000000,0
1531214984531,1531214984527,2643721,0.00000264,99.00000000,0
1531214986504,1531214986498,2643722,0.00000264,32.00000000,0
1531214987279,1531214987276,2643723,0.00000262,1627.00000000,1
1531214987280,1531214987276,2643724,0.00000262,4116.00000000,1
1531214989477,1531214989474,2643725,0.00000264,3443.00000000,0
1531214990615,1531214990610,2643726,0.00000265,6.00000000,0
1531214991402,1531214991398,2643727,0.00000263,6.00000000,1
1531214993272,1531214993268,2643728,0.00000265,288.00000000,0
1531214993422,1531214993419,2643729,0.00000265,266.00000000,0
1531214993445,1531214993441,2643730,0.00000265,115000.00000000,0
1531214993504,1531214993499,2643731,0.00000265,168.00000000,0
1531214993707,1531214993702,2643732,0.00000265,219.00000000,0
1531214993729,1531214993726,2643733,0.00000265,240.00000000,0
1531214993785,1531214993781,2643734,0.00000265,335.00000000,0
1531214993900,1531214993893,2643735,0.00000265,108.00000000,0
1531214993959,1531214993955,2643736,0.00000265,114.00000000,0
1531214994017,1531214994012,2643737,0.00000265,227.00000000,0
1531214994495,1531214994490,2643738,0.00000264,193.00000000,0
1531214994544,1531214994540,2643739,0.00000264,105.00000000,0
1531214994558,1531214994553,2643740,0.00000264,166.00000000,0
1531214994743,1531214994740,2643741,0.00000264,109.00000000,0
1531214994775,1531214994771,2643742,0.00000264,690.00000000,0
1531214994882,1531214994876,2643743,0.00000264,219.00000000,0
1531214994966,1531214994961,2643744,0.00000264,224.00000000,0
1531214995000,1531214994995,2643745,0.00000264,103.00000000,0
1531214995172,1531214995169,2643746,0.00000264,465.00000000,0
1531214995205,1531214995200,2643747,0.00000264,1711.00000000,0
1531214995205,1531214995200,2643748,0.00000265,1331.00000000,0
1531214995232,1531214995227,2643749,0.00000265,81.00000000,0
1531214995537,1531214995531,2643750,0.00000265,238.00000000,0
1531214995600,1531214995597,2643751,0.00000265,106.00000000,0
1531214995687,1531214995682,2643752,0.00000265,77.00000000,0
1531214995734,1531214995730,2643753,0.00000265,249.00000000,0
1531214995784,1531214995780,2643754,0.00000265,217.00000000,0
1531214995872,1531214995869,2643755,0.00000265,181.00000000,0
1531214995936,1531214995933,2643756,0.00000265,220.00000000,0
1531214996088,1531214996085,2643757,0.00000265,178.00000000,0
1531214996156,1531214996152,2643758,0.00000265,248.00000000,0
1531214996218,1531214996214,2643759,0.00000265,183.00000000,0
1531214996319,1531214996316,2643760,0.00000265,184.00000000,0
1531214996456,1531214996451,2643761,0.00000265,140.00000000,0
1531214996521,1531214996515,2643762,0.00000265,112.00000000,0
1531214996572,1531214996567,2643763,0.00000265,112.00000000,0
1531214996615,1531214996611,2643764,0.00000265,219.00000000,0
1531214996687,1531214996683,2643765,0.00000265,157.00000000,0
1531214996786,1531214996782,2643766,0.00000265,439.00000000,0
1531214996864,1531214996860,2643767,0.00000265,390.00000000,0
1531214996926,1531214996922,2643768,0.00000265,395.00000000,0
1531214997032,1531214997027,2643769,0.00000265,242.00000000,0
1531214997143,1531214997139,2643770,0.00000265,191.00000000,0
1531214997174,1531214997170,2643771,0.00000265,222.00000000,0
1531214997229,1531214997224,2643772,0.00000265,184.00000000,0
1531214997236,1531214997232,2643773,0.00000265,87.00000000,0
1531214997416,1531214997411,2643774,0.00000265,216.00000000,0
1531214997469,1531214997464,2643775,0.00000265,181.00000000,0
1531214997515,1531214997512,2643776,0.00000265,211.00000000,0
1531214997543,1531214997539,2643777,0.00000265,91.00000000,0
1531214997571,1531214997566,2643778,0.00000265,237.00000000,0
1531214997628,1531214997623,2643779,0.00000265,408.00000000,0
1531214997674,1531214997670,2643780,0.00000265,372.00000000,0
1531214997723,1531214997719,2643781,0.00000265,200.00000000,0
1531214997791,1531214997787,2643782,0.00000265,295.00000000,0
1531214997924,1531214997920,2643783,0.00000265,148.00000000,0
1531214997972,1531214997968,2643784,0.00000265,367.00000000,0
1531214998074,1531214998069,2643785,0.00000265,463.00000000,0
1531214998168,1531214998163,2643786,0.00000265,266.00000000,0
1531214998230,1531214998226,2643787,0.00000265,82.00000000,0
1531214998366,1531214998363,2643788,0.00000265,196.00000000,0
1531214998462,1531214998458,2643789,0.00000265,218.00000000,0
1531214998571,1531214998567,2643790,0.00000265,215.00000000,0
1531214998632,1531214998628,2643791,0.00000265,104.00000000,0
1531214998709,1531214998705,2643792,0.00000265,253.00000000,0
1531214998764,1531214998759,2643793,0.00000265,122.00000000,0
1531214998817,1531214998812,2643794,0.00000265,315.00000000,0
1531214998983,1531214998980,2643795,0.00000265,266.00000000,0
1531214999029,1531214999026,2643796,0.00000265,216.00000000,0
1531214999037,1531214999034,2643797,0.00000265,222.00000000,0
1531214999193,1531214999189,2643798,0.00000265,88.00000000,0
1531214999248,1531214999244,2643799,0.00000265,286.00000000,0
1531214999300,1531214999295,2643800,0.00000265,224.00000000,0
1531214999406,1531214999403,2643801,0.00000265,218.00000000,0
1531214999663,1531214999658,2643802,0.00000265,228.00000000,0
1531214999743,1531214999739,2643803,0.00000265,118.00000000,0
1531214999750,1531214999746,2643804,0.00000265,154.00000000,0
1531214999782,1531214999777,2643805,0.00000265,230.00000000,0
1531214999842,1531214999838,2643806,0.00000265,147.00000000,0
1531214999888,1531214999885,2643807,0.00000265,1471.00000000,0
1531215000020,1531215000014,2643808,0.00000265,224.00000000,0
1531215000158,1531215000153,2643809,0.00000265,355.00000000,0
1531215000222,1531215000219,2643810,0.00000265,128.00000000,0
1531215000237,1531215000233,2643811,0.00000265,425.00000000,0
1531215000267,1531215000264,2643812,0.00000265,184.00000000,0
1531215000307,1531215000303,2643813,0.00000265,435.00000000,0
1531215000455,1531215000452,2643814,0.00000265,178.00000000,0
1531215000560,1531215000555,2643815,0.00000265,260.00000000,0
1531215000592,1531215000587,2643816,0.00000265,246.00000000,0
1531215000684,1531215000679,2643817,0.00000265,90.00000000,0
1531215000729,1531215000725,2643818,0.00000265,105.00000000,0
1531215000784,1531215000781,2643819,0.00000265,109.00000000,0
1531215000928,1531215000925,2643820,0.00000265,275.00000000,0
1531215007357,1531215007353,2643821,0.00000264,5617.00000000,0
1531215016363,1531215016357,2643822,0.00000263,3980.00000000,1
1531215021343,1531215021339,2643823,0.00000264,966.00000000,0
1531215022923,1531215022919,2643824,0.00000263,1153.00000000,1
1531215023115,1531215023110,2643825,0.00000263,4993.00000000,1
1531215023312,1531215023309,2643826,0.00000263,385.00000000,1
1531215023618,1531215023613,2643827,0.00000263,385.00000000,1
1531215025892,1531215025888,2643828,0.00000263,2665.00000000,1
1531215025920,1531215025916,2643829,0.00000263,1327.00000000,0
1531215033892,1531215033887,2643830,0.00000263,2233.00000000,0
1531215034492,1531215034487,2643831,0.00000263,5.00000000,0
1531215043042,1531215043039,2643832,0.00000263,386.00000000,1
1531215047604,1531215047599,2643833,0.00000263,385.00000000,1
1531215052759,1531215052756,2643834,0.00000264,11222.00000000,0
1531215052759,1531215052756,2643835,0.00000265,43778.00000000,0
1531215060166,1531215060161,2643836,0.00000263,2211.00000000,1
1531215060678,1531215060673,2643837,0.00000263,2193.00000000,1
1531215064333,1531215064328,2643838,0.00000263,419.00000000,1
1531215064355,1531215064350,2643839,0.00000263,457.00000000,1
1531215064450,1531215064446,2643840,0.00000263,1141.00000000,1
1531215065023,1531215065019,2643841,0.00000264,580.00000000,0
1531215129273,1531215129269,2643842,0.00000263,425.00000000,1
1531215147647,1531215147642,2643843,0.00000263,26325.00000000,1
1531215147647,1531215147642,2643844,0.00000262,57175.00000000,1
1531215152745,1531215152741,2643845,0.00000264,4139.00000000,0
1531215223595,1531215223592,2643846,0.00000263,807.00000000,1
1531215244022,1531215244018,2643847,0.00000263,519.00000000,1
1531215244195,1531215244191,2643848,0.00000263,471.00000000,0
1531215272591,1531215272585,2643849,0.00000264,10914.00000000,0
1531215272591,1531215272585,2643850,0.00000265,44086.00000000,0
1531215284363,1531215284359,2643851,0.00000262,798.00000000,1
1531215304606,1531215304602,2643852,0.00000262,1335.00000000,1
1531215307741,1531215307736,2643853,0.00000264,1326.00000000,0
1531215307741,1531215307736,2643854,0.00000265,53674.00000000,0
1531215309298,1531215309293,2643855,0.00000263,434.00000000,1
1531215315592,1531215315586,2643856,0.00000263,54.00000000,0
1531215315592,1531215315586,2643857,0.00000264,45693.00000000,0
1531215315592,1531215315586,2643858,0.00000265,9253.00000000,0
1531215323734,1531215323729,2643859,0.00000265,1551.00000000,0
1531215423576,1531215423573,2643860,0.00000263,3649.00000000,1
1531215428118,1531215428114,2643861,0.00000263,10000.00000000,1
1531215453254,1531215453249,2643862,0.00000264,5679.00000000,0
1531215453254,1531215453249,2643863,0.00000265,49321.00000000,0
1531215493329,1531215493324,2643864,0.00000264,7434.00000000,1
1531215496988,1531215496983,2643865,0.00000264,2.00000000,1
1531215501690,1531215501684,2643866,0.00000265,10999.00000000,0
1531215501690,1531215501684,2643867,0.00000266,44001.00000000,0
1531215503308,1531215503302,2643868,0.00000266,55000.00000000,0
1531215516087,1531215516079,2643869,0.00000265,9082.00000000,1
1531215516945,1531215516941,2643870,0.00000265,5867.00000000,1
1531215543804,1531215543801,2643871,0.00000264,10000.00000000,1
1531215545274,1531215545269,2643872,0.00000265,578.00000000,1
1531215600269,1531215600264,2643873,0.00000266,55000.00000000,0
1531215601174,1531215601170,2643874,0.00000266,55000.00000000,0
1531215603249,1531215603241,2643875,0.00000266,31719.00000000,0
1531215635034,1531215635030,2643876,0.00000265,2000.00000000,1
1531215638158,1531215638154,2643877,0.00000265,5010.00000000,1
1531215690733,1531215690729,2643878,0.00000264,15630.00000000,1
1531215705630,1531215705626,2643879,0.00000264,15629.00000000,1
1531215723011,1531215723007,2643880,0.00000264,10420.00000000,1
1531215770913,1531215770909,2643881,0.00000264,6928.00000000,1
1531215792244,1531215792241,2643882,0.00000264,7077.00000000,1
1531215808310,1531215808307,2643883,0.00000264,7768.00000000,1
1531215808327,1531215808321,2643884,0.00000264,327.00000000,1
1531215808331,1531215808328,2643885,0.00000263,2536.00000000,1
1531215877613,1531215877610,2643886,0.00000263,4494.00000000,1
1531215893875,1531215893870,2643887,0.00000264,301.00000000,0
1531215902544,1531215902539,2643888,0.00000264,667.00000000,0
1531215933377,1531215933374,2643889,0.00000264,229.00000000,0
1531216007426,1531216007422,2643890,0.00000263,20000.00000000,1
1531216009161,1531216009154,2643891,0.00000263,22685.00000000,1
1531216037187,1531216037182,2643892,0.00000264,47.00000000,0
1531216038680,1531216038676,2643893,0.00000262,13265.00000000,1
1531216041151,1531216041147,2643894,0.00000263,608.00000000,1
1531216056217,1531216056214,2643895,0.00000263,385.00000000,0
1531216066034,1531216066030,2643896,0.00000263,6933.00000000,0
1531216077423,1531216077419,2643897,0.00000263,14.00000000,0
1531216077423,1531216077419,2643898,0.00000264,114986.00000000,0
1531216085018,1531216085015,2643899,0.00000262,420.00000000,1
1531216085315,1531216085193,2643900,0.00000262,459.00000000,1
1531216089977,1531216089974,2643901,0.00000263,1750.00000000,0
1531216091415,1531216091410,2643902,0.00000264,55000.00000000,0
1531216092247,1531216092243,2643903,0.00000264,22667.00000000,0
1531216092577,1531216092572,2643904,0.00000263,267.00000000,1
1531216093316,1531216093313,2643905,0.00000263,1153.00000000,1
1531216106357,1531216106352,2643906,0.00000265,380.00000000,0
1531216236667,1531216236663,2643907,0.00000264,3432.00000000,0
1531216236692,1531216236688,2643908,0.00000264,7.00000000,0
1531216300619,1531216300614,2643909,0.00000264,55000.00000000,0
1531216308408,1531216308400,2643910,0.00000264,45519.00000000,0
1531216308408,1531216308400,2643911,0.00000265,9481.00000000,0
1531216310284,1531216310277,2643912,0.00000265,55000.00000000,0
1531216375801,1531216375797,2643913,0.00000265,113200.00000000,0
1531216375801,1531216375797,2643914,0.00000266,1800.00000000,0
1531216401898,1531216401895,2643915,0.00000266,3759.00000000,0
1531216404287,1531216404282,2643916,0.00000264,4834.00000000,1
1531216437703,1531216437698,2643917,0.00000266,37594.00000000,0
1531216444542,1531216444538,2643918,0.00000265,1887.00000000,0
1531216456175,1531216456169,2643919,0.00000265,6750.00000000,1
1531216466655,1531216466652,2643920,0.00000266,5.00000000,0
1531216493558,1531216493554,2643921,0.00000266,3759.00000000,0
1531216504598,1531216504594,2643922,0.00000265,3823.00000000,1
1531216521562,1531216521559,2643923,0.00000265,45.00000000,0
1531216624440,1531216624437,2643924,0.00000264,791.00000000,1
1531216624923,1531216624919,2643925,0.00000265,2.00000000,0
1531216731907,1531216731903,2643926,0.00000265,7708.00000000,0
1531216811572,1531216811567,2643927,0.00000264,200.00000000,1
1531216819160,1531216819157,2643928,0.00000264,403.00000000,1
1531216885717,1531216885712,2643929,0.00000264,12843.00000000,1
1531216885717,1531216885712,2643930,0.00000263,68715.00000000,1
1531216899548,1531216899543,2643931,0.00000263,160238.00000000,1
1531216900988,1531216900983,2643932,0.00000264,19000.00000000,0
1531216900988,1531216900983,2643933,0.00000265,36000.00000000,0
1531216901756,1531216901751,2643934,0.00000263,385.00000000,1
1531216901907,1531216901903,2643935,0.00000264,24299.00000000,0
1531216901907,1531216901903,2643936,0.00000265,30701.00000000,0
1531216916977,1531216916973,2643937,0.00000265,55000.00000000,0
1531216945852,1531216945846,2643938,0.00000264,3432.00000000,0
1531216945863,1531216945859,2643939,0.00000264,7.00000000,0
1531216963185,1531216963180,2643940,0.00000263,1153.00000000,1
1531216969548,1531216969543,2643941,0.00000265,55000.00000000,0
1531216970324,1531216970318,2643942,0.00000265,55000.00000000,0
1531216990696,1531216990692,2643943,0.00000264,417.00000000,0
1531216990740,1531216990736,2643944,0.00000264,2529.00000000,0
1531216992189,1531216992185,2643945,0.00000264,377.00000000,0
1531217016271,1531217016267,2643946,0.00000263,37556.00000000,1
1531217108737,1531217108733,2643947,0.00000264,116.00000000,0
1531217108737,1531217108733,2643948,0.00000265,174884.00000000,0
1531217109990,1531217109985,2643949,0.00000265,115000.00000000,0
1531217118886,1531217118881,2643950,0.00000265,740.00000000,0
1531217149421,1531217149415,2643951,0.00000265,882.00000000,0
1531217155015,1531217155011,2643952,0.00000265,1000.00000000,0
1531217181953,1531217181948,2643953,0.00000263,7712.00000000,1
1531217200082,1531217200078,2643954,0.00000265,1.00000000,0
1531217235472,1531217235468,2643955,0.00000265,55000.00000000,0
1531217236439,1531217236434,2643956,0.00000265,22759.00000000,0
1531217262027,1531217262022,2643957,0.00000266,5.00000000,0
1531217336833,1531217336828,2643958,0.00000264,9041.00000000,1
1531217354400,1531217354396,2643959,0.00000264,7843.00000000,1
1531217432422,1531217432418,2643960,0.00000264,3520.00000000,0
1531217603871,1531217603867,2643961,0.00000263,7277.00000000,1
1531217647606,1531217647601,2643962,0.00000264,29.00000000,0
1531217658814,1531217658811,2643963,0.00000264,37.00000000,0
1531217689104,1531217689099,2643964,0.00000263,444.00000000,1
1531217693504,1531217693500,2643965,0.00000264,55000.00000000,0
1531217706333,1531217706328,2643966,0.00000263,444.00000000,1
1531217740583,1531217740579,2643967,0.00000264,18939.00000000,0
1531217755695,1531217755691,2643968,0.00000263,444.00000000,1
1531217800413,1531217800408,2643969,0.00000263,10835.00000000,1
1531217827880,1531217827876,2643970,0.00000263,7113.00000000,1
1531217844619,1531217844615,2643971,0.00000264,55000.00000000,0
1531217845618,1531217845612,2643972,0.00000264,54097.00000000,0
1531217851106,1531217851102,2643973,0.00000262,1157.00000000,1
1531217884187,1531217884182,2643974,0.00000262,420.00000000,1
1531217892871,1531217892866,2643975,0.00000263,3445.00000000,0
1531217925606,1531217925602,2643976,0.00000263,7.00000000,0
1531217925606,1531217925602,2643977,0.00000264,54993.00000000,0
1531218064079,1531218064074,2643978,0.00000263,162838.00000000,1
1531218080038,1531218080031,2643979,0.00000263,811.00000000,1
1531218080038,1531218080031,2643980,0.00000262,202154.00000000,1
1531218080055,1531218080051,2643981,0.00000262,7656.00000000,0
1531218080057,1531218080053,2643982,0.00000262,7625.00000000,0
1531218080062,1531218080059,2643983,0.00000262,7625.00000000,0
1531218080080,1531218080075,2643984,0.00000262,7625.00000000,0
1531218080684,1531218080679,2643985,0.00000262,8349.00000000,0
1531218081921,1531218081916,2643986,0.00000262,355000.00000000,0
1531218083105,1531218083101,2643987,0.00000262,99677.00000000,0
1531218083105,1531218083101,2643988,0.00000263,59712.00000000,0
1531218083105,1531218083101,2643989,0.00000264,15611.00000000,0
1531218083994,1531218083991,2643990,0.00000262,3033.00000000,0
1531218086960,1531218086954,2643991,0.00000264,3460.00000000,0
1531218086960,1531218086954,2643992,0.00000265,45308.00000000,0
1531218087407,1531218087403,2643993,0.00000265,452.00000000,0
1531218097204,1531218097199,2643994,0.00000264,7682.00000000,1
1531218101021,1531218101017,2643995,0.00000264,4423.00000000,1
1531218101036,1531218101032,2643996,0.00000264,2536.00000000,1
1531218112823,1531218112819,2643997,0.00000264,6083.00000000,1
1531218121584,1531218121580,2643998,0.00000264,55.00000000,1
1531218124666,1531218124662,2643999,0.00000264,417.00000000,1
1531218130199,1531218130194,2644000,0.00000264,3038.00000000,1
1531218130842,1531218130838,2644001,0.00000264,2965.00000000,1
1531218133450,1531218133446,2644002,0.00000264,1382.00000000,1
1531218134936,1531218134932,2644003,0.00000264,794.00000000,1
1531218154497,1531218154493,2644004,0.00000264,1148.00000000,1
1531218184745,1531218184741,2644005,0.00000264,1326.00000000,1
1531218201979,1531218201971,2644006,0.00000265,3.00000000,0
1531218244813,1531218244809,2644007,0.00000264,1894.00000000,1
1531218249452,1531218249448,2644008,0.00000265,1591.00000000,0
1531218313334,1531218313330,2644009,0.00000265,881.00000000,0
1531218343729,1531218343724,2644010,0.00000264,4092.00000000,1
1531218392320,1531218392316,2644011,0.00000264,1552.00000000,1
1531218416054,1531218416049,2644012,0.00000264,2035.00000000,1
1531218439184,1531218439179,2644013,0.00000265,3029.00000000,0
1531218443124,1531218443119,2644014,0.00000265,1366.00000000,0
1531218443768,1531218443763,2644015,0.00000265,768.00000000,0
1531218443852,1531218443848,2644016,0.00000265,531.00000000,0
1531218446563,1531218446559,2644017,0.00000266,879.00000000,0
1531218458391,1531218458387,2644018,0.00000265,407.00000000,1
1531218467186,1531218467180,2644019,0.00000264,220.00000000,1
1531218469074,1531218469070,2644020,0.00000264,108.00000000,1
1531218470929,1531218470925,2644021,0.00000264,183.00000000,1
1531218472239,1531218472235,2644022,0.00000264,250.00000000,1
1531218473384,1531218473379,2644023,0.00000264,31.00000000,1
1531218474123,1531218474117,2644024,0.00000264,266.00000000,1
1531218475522,1531218475517,2644025,0.00000264,266.00000000,1
1531218476990,1531218476984,2644026,0.00000264,114.00000000,1
1531218479346,1531218479342,2644027,0.00000264,361.00000000,1
1531218481780,1531218481775,2644028,0.00000264,106.00000000,1
1531218483700,1531218483696,2644029,0.00000264,242.00000000,1
1531218485044,1531218485039,2644030,0.00000264,188.00000000,1
1531218485560,1531218485557,2644031,0.00000264,249.00000000,1
1531218486108,1531218486103,2644032,0.00000264,222.00000000,1
1531218486570,1531218486566,2644033,0.00000264,518.00000000,1
1531218487160,1531218487157,2644034,0.00000264,196.00000000,1
1531218487834,1531218487829,2644035,0.00000264,217.00000000,1
1531218488309,1531218488304,2644036,0.00000264,435.00000000,1
1531218488761,1531218488756,2644037,0.00000264,219.00000000,1
1531218489399,1531218489393,2644038,0.00000264,237.00000000,1
1531218490041,1531218490037,2644039,0.00000264,85.00000000,1
1531218490628,1531218490623,2644040,0.00000264,184.00000000,1
1531218491100,1531218491095,2644041,0.00000264,222.00000000,1
1531218491677,1531218491671,2644042,0.00000264,118.00000000,1
1531218492168,1531218492164,2644043,0.00000264,463.00000000,1
1531218492663,1531218492659,2644044,0.00000264,157.00000000,1
1531218493058,1531218493053,2644045,0.00000264,109.00000000,1
1531218493559,1531218493554,2644046,0.00000264,222.00000000,1
1531218493912,1531218493907,2644047,0.00000264,205.00000000,1
1531218494629,1531218494624,2644048,0.00000264,260.00000000,1
1531218495115,1531218495110,2644049,0.00000264,175.00000000,1
1531218495693,1531218495689,2644050,0.00000264,168.00000000,1
1531218496218,1531218496215,2644051,0.00000264,109.00000000,1
1531218497129,1531218497123,2644052,0.00000264,253.00000000,1
1531218497722,1531218497717,2644053,0.00000264,103.00000000,1
1531218498449,1531218498445,2644054,0.00000264,690.00000000,1
1531218498917,1531218498912,2644055,0.00000264,354.00000000,1
1531218499509,1531218499503,2644056,0.00000264,215.00000000,1
1531218500121,1531218500117,2644057,0.00000264,181.00000000,1
1531218500617,1531218500612,2644058,0.00000264,238.00000000,1
1531218500944,1531218500938,2644059,0.00000264,315.00000000,1
1531218527030,1531218527026,2644060,0.00000265,5290.00000000,0
1531218563266,1531218563261,2644061,0.00000265,6697.00000000,0
1531218572147,1531218572142,2644062,0.00000265,153766.00000000,0
1531218598418,1531218598414,2644063,0.00000265,211198.00000000,0
1531218607901,1531218607897,2644064,0.00000266,2118.00000000,0
1531218619977,1531218619971,2644065,0.00000264,108.00000000,1
1531218620461,1531218620456,2644066,0.00000264,213.00000000,1
1531218620998,1531218620993,2644067,0.00000264,266.00000000,1
1531218621528,1531218621520,2644068,0.00000264,224.00000000,1
1531218622304,1531218622299,2644069,0.00000264,395.00000000,1
1531218622863,1531218622859,2644070,0.00000264,228.00000000,1
1531218623583,1531218623577,2644071,0.00000264,224.00000000,1
1531218624012,1531218624006,2644072,0.00000264,237.00000000,1
1531218624992,1531218624988,2644073,0.00000264,193.00000000,1
1531218625385,1531218625380,2644074,0.00000264,112.00000000,1
1531218626054,1531218626047,2644075,0.00000264,439.00000000,1
1531218626414,1531218626408,2644076,0.00000264,216.00000000,1
1531218626819,1531218626814,2644077,0.00000264,105.00000000,1
1531218628169,1531218628162,2644078,0.00000264,112.00000000,1
1531218628650,1531218628646,2644079,0.00000264,425.00000000,1
1531218629032,1531218629027,2644080,0.00000264,184.00000000,1
1531218629682,1531218629676,2644081,0.00000264,295.00000000,1
1531218630316,1531218630311,2644082,0.00000264,184.00000000,1
1531218630437,1531218630434,2644083,0.00000264,2907.00000000,1
1531218631045,1531218631041,2644084,0.00000264,465.00000000,1
1531218631493,1531218631488,2644085,0.00000264,3168.00000000,1
1531218632154,1531218632148,2644086,0.00000264,367.00000000,1
1531218632647,1531218632642,2644087,0.00000264,335.00000000,1
1531218633384,1531218633380,2644088,0.00000264,88.00000000,1
1531218634032,1531218634028,2644089,0.00000264,194.00000000,1
1531218634536,1531218634531,2644090,0.00000264,104.00000000,1
1531218635329,1531218635324,2644091,0.00000264,81.00000000,1
1531218636080,1531218636076,2644092,0.00000264,286.00000000,1
1531218636722,1531218636717,2644093,0.00000264,227.00000000,1
1531218637182,1531218637177,2644094,0.00000264,408.00000000,1
1531218637714,1531218637709,2644095,0.00000264,559.00000000,1
1531218638327,1531218638320,2644096,0.00000264,372.00000000,1
1531218639487,1531218639481,2644097,0.00000264,307.00000000,1
1531218640014,1531218640008,2644098,0.00000264,275.00000000,1
1531218641162,1531218641155,2644099,0.00000264,218.00000000,1
1531218642006,1531218642001,2644100,0.00000264,200.00000000,1
1531218642735,1531218642729,2644101,0.00000264,248.00000000,1
1531218643879,1531218643875,2644102,0.00000264,219.00000000,1
1531218644659,1531218644654,2644103,0.00000264,288.00000000,1
1531218645648,1531218645644,2644104,0.00000264,355.00000000,1
1531218674268,1531218674262,2644105,0.00000265,7642.00000000,1
1531218688405,1531218688400,2644106,0.00000265,42067.00000000,1
1531218689580,1531218689577,2644107,0.00000265,4474.00000000,0
1531218694977,1531218694972,2644108,0.00000264,14498.00000000,1
1531218718635,1531218718631,2644109,0.00000264,97980.00000000,1
1531219019088,1531219019083,2644110,0.00000264,5.00000000,1
1531219303004,1531219302999,2644111,0.00000264,874.00000000,1
1531219343121,1531219343115,2644112,0.00000265,512.00000000,0
1531219360938,1531219360932,2644113,0.00000264,7359.00000000,1
1531219370973,1531219370968,2644114,0.00000264,8414.00000000,1
1531219387324,1531219387320,2644115,0.00000265,380.00000000,0
1531219400395,1531219400389,2644116,0.00000265,2000.00000000,0
1531219406373,1531219406370,2644117,0.00000264,251.00000000,1
1531219406972,1531219406966,2644118,0.00000264,610.00000000,1
1531219407938,1531219407933,2644119,0.00000264,246.00000000,1
1531219408486,1531219408482,2644120,0.00000264,207.00000000,1
1531219408779,1531219408775,2644121,0.00000264,240.00000000,1
1531219409640,1531219409636,2644122,0.00000264,122.00000000,1
1531219410150,1531219410144,2644123,0.00000264,199.00000000,1
1531219410913,1531219410909,2644124,0.00000264,269.00000000,1
1531219411451,1531219411447,2644125,0.00000264,218.00000000,1
1531219412331,1531219412327,2644126,0.00000264,154.00000000,1
1531219412852,1531219412848,2644127,0.00000264,140.00000000,1
1531219413384,1531219413379,2644128,0.00000264,191.00000000,1
1531219413486,1531219413481,2644129,0.00000264,224.00000000,1
1531219414607,1531219414601,2644130,0.00000264,245.00000000,1
1531219415047,1531219415042,2644131,0.00000264,291.00000000,1
1531219415258,1531219415253,2644132,0.00000264,178.00000000,1
1531219415827,1531219415823,2644133,0.00000264,101.00000000,1
1531219416384,1531219416378,2644134,0.00000264,147.00000000,1
1531219417068,1531219417062,2644135,0.00000264,166.00000000,1
1531219417683,1531219417678,2644136,0.00000264,91.00000000,1
1531219418196,1531219418190,2644137,0.00000264,229.00000000,1
1531219418906,1531219418900,2644138,0.00000264,87.00000000,1
1531219419344,1531219419338,2644139,0.00000264,230.00000000,1
1531219419961,1531219419958,2644140,0.00000264,99.00000000,1
1531219420674,1531219420669,2644141,0.00000264,128.00000000,1
1531219421302,1531219421298,2644142,0.00000264,156.00000000,1
1531219421876,1531219421874,2644143,0.00000264,105.00000000,1
1531219422500,1531219422496,2644144,0.00000264,178.00000000,1
1531219423263,1531219423258,2644145,0.00000264,90.00000000,1
1531219423833,1531219423829,2644146,0.00000264,84.00000000,1
1531219424691,1531219424686,2644147,0.00000264,320.00000000,1
1531219425167,1531219425162,2644148,0.00000264,181.00000000,1
1531219425808,1531219425803,2644149,0.00000264,296.00000000,1
1531219426249,1531219426243,2644150,0.00000264,1148.00000000,1
1531219426909,1531219426905,2644151,0.00000264,82.00000000,1
1531219427595,1531219427591,2644152,0.00000264,216.00000000,1
1531219428121,1531219428117,2644153,0.00000264,191.00000000,1
1531219428676,1531219428671,2644154,0.00000264,1471.00000000,1
1531219429190,1531219429184,2644155,0.00000264,148.00000000,1
1531219429881,1531219429877,2644156,0.00000264,219.00000000,1
1531219430405,1531219430399,2644157,0.00000264,111.00000000,1
1531219459062,1531219459058,2644158,0.00000264,6910.00000000,1
1531219492994,1531219492991,2644159,0.00000264,9860.00000000,1
1531219492996,1531219492991,2644160,0.00000264,9860.00000000,1
1531219509940,1531219509935,2644161,0.00000265,404.00000000,0
1531219512177,1531219512172,2644162,0.00000264,390.00000000,1
1531219512746,1531219512741,2644163,0.00000264,210.00000000,1
1531219627921,1531219627917,2644164,0.00000264,5256.00000000,1
1531219690815,1531219690810,2644165,0.00000264,2.00000000,1
1531219732330,1531219732326,2644166,0.00000264,113.00000000,1
1531219787378,1531219787373,2644167,0.00000265,370.00000000,1
1531219894485,1531219894480,2644168,0.00000265,1.00000000,1
1531219915691,1531219915686,2644169,0.00000266,3759.00000000,0
1531219934851,1531219934846,2644170,0.00000265,7.00000000,1
1531219957937,1531219957935,2644171,0.00000265,4508.00000000,1
1531220069899,1531220069894,2644172,0.00000266,17.00000000,0
1531220114447,1531220114442,2644173,0.00000266,1135.00000000,0
1531220131539,1531220131534,2644174,0.00000266,1013.00000000,0
1531220134232,1531220134228,2644175,0.00000266,3.00000000,0
1531220153895,1531220153889,2644176,0.00000266,1.00000000,0
1531220188496,1531220188492,2644177,0.00000266,20.00000000,0
1531220200008,1531220200004,2644178,0.00000265,40.00000000,1
1531220221987,1531220221982,2644179,0.00000265,1054.00000000,1
1531220260075,1531220260070,2644180,0.00000265,7645.00000000,1
1531220310445,1531220310441,2644181,0.00000266,377.00000000,0
1531220342429,1531220342426,2644182,0.00000266,1637.00000000,0
1531220390120,1531220390115,2644183,0.00000265,5431.00000000,1
1531220407597,1531220407592,2644184,0.00000265,1755.00000000,1
1531220479900,1531220479895,2644185,0.00000265,777.00000000,1
1531220624857,1531220624851,2644186,0.00000265,10383.00000000,1
1531220634963,1531220634957,2644187,0.00000265,641.00000000,1
1531220651015,1531220651010,2644188,0.00000265,1164.00000000,1
1531220735036,1531220735034,2644189,0.00000266,3759.00000000,0
1531220772051,1531220772045,2644190,0.00000265,100.00000000,1
1531220801241,1531220801235,2644191,0.00000265,3794.00000000,1
1531220829840,1531220829834,2644192,0.00000264,11.00000000,1
1531220909023,1531220909018,2644193,0.00000266,4000.00000000,0
1531220920783,1531220920778,2644194,0.00000264,2188.00000000,1
1531220931127,1531220931122,2644195,0.00000265,4388.00000000,0
1531220931142,1531220931137,2644196,0.00000265,5864.00000000,1
1531220931163,1531220931157,2644197,0.00000264,2536.00000000,1
1531220934790,1531220934784,2644198,0.00000264,3368.00000000,1
1531221094683,1531221094679,2644199,0.00000266,3759.00000000,0
1531221191169,1531221191164,2644200,0.00000264,3000.00000000,1
1531221210935,1531221210930,2644201,0.00000265,12.00000000,0
1531221242480,1531221242475,2644202,0.00000265,494.00000000,0
1531221389881,1531221389876,2644203,0.00000265,570.00000000,0
1531221397576,1531221397571,2644204,0.00000265,7098.00000000,0
1531221407298,1531221407294,2644205,0.00000265,5820.00000000,0
1531221446791,1531221446786,2644206,0.00000265,6927.00000000,1
1531221450779,1531221450775,2644207,0.00000265,928.00000000,1
1531221530114,1531221530106,2644208,0.00000266,16901.00000000,0
1531221530114,1531221530106,2644209,0.00000267,63589.00000000,0
1531221543214,1531221543207,2644210,0.00000266,10611.00000000,0
1531221588892,1531221588888,2644211,0.00000266,7549.00000000,1
1531221614898,1531221614893,2644212,0.00000266,564.00000000,1
1531221700477,1531221700473,2644213,0.00000266,23.00000000,1
1531221704311,1531221704308,2644214,0.00000266,3.00000000,1
1531221771871,1531221771865,2644215,0.00000266,7175.00000000,1
1531221800690,1531221800686,2644216,0.00000266,2522.00000000,1
1531221826493,1531221826488,2644217,0.00000266,759.00000000,1
1531221907768,1531221907763,2644218,0.00000266,15.00000000,1
1531221919957,1531221919952,2644219,0.00000266,459.00000000,1
1531221924495,1531221924490,2644220,0.00000266,2593.00000000,1
1531221924495,1531221924490,2644221,0.00000265,8653.00000000,1
1531221946665,1531221946661,2644222,0.00000265,26972.00000000,1
1531221997061,1531221997056,2644223,0.00000265,15634.00000000,1
1531222008074,1531222008069,2644224,0.00000265,10816.00000000,0
1531222008076,1531222008072,2644225,0.00000265,10816.00000000,0
1531222008106,1531222008102,2644226,0.00000265,2536.00000000,0
1531222058324,1531222058320,2644227,0.00000265,1000.00000000,0
1531222072435,1531222072431,2644228,0.00000265,7950.00000000,0
1531222141081,1531222141075,2644229,0.00000264,232295.00000000,1
1531222141760,1531222141755,2644230,0.00000264,43253.00000000,1
1531222143666,1531222143665,2644231,0.00000264,75000.00000000,1
1531222157022,1531222157017,2644232,0.00000265,10.00000000,0
1531222196182,1531222196177,2644233,0.00000263,1153.00000000,1
1531222197054,1531222197048,2644234,0.00000263,4993.00000000,1
1531222204586,1531222204583,2644235,0.00000263,419.00000000,1
1531222263901,1531222263896,2644236,0.00000263,1331.00000000,1
1531222281032,1531222281027,2644237,0.00000264,22108.00000000,0
1531222281032,1531222281027,2644238,0.00000265,32892.00000000,0
1531222282769,1531222282767,2644239,0.00000265,55000.00000000,0
1531222330418,1531222330415,2644240,0.00000263,444.00000000,1
1531222377231,1531222377226,2644241,0.00000264,4000.00000000,0
1531222377755,1531222377750,2644242,0.00000263,1058.00000000,1
1531222444354,1531222444350,2644243,0.00000264,556.00000000,1
1531222444354,1531222444350,2644244,0.00000263,1980.00000000,1
1531222492767,1531222492763,2644245,0.00000263,13830.00000000,1
1531222529086,1531222529083,2644246,0.00000263,8400.00000000,1
1531222548466,1531222548460,2644247,0.00000263,86757.00000000,1
1531222549311,1531222549307,2644248,0.00000264,55000.00000000,0
1531222550983,1531222550978,2644249,0.00000263,717.00000000,0
1531222552322,1531222552319,2644250,0.00000263,9283.00000000,0
1531222552322,1531222552319,2644251,0.00000264,45717.00000000,0
1531222559498,1531222559493,2644252,0.00000264,23766.00000000,0
1531222559498,1531222559493,2644253,0.00000265,31234.00000000,0
1531222572501,1531222572495,2644254,0.00000263,4940.00000000,1
1531222599850,1531222599845,2644255,0.00000265,55000.00000000,0
1531222657789,1531222657784,2644256,0.00000265,15.00000000,0
1531222689329,1531222689324,2644257,0.00000264,7000.00000000,0
1531222689329,1531222689324,2644258,0.00000265,32247.00000000,0
1531222694063,1531222694060,2644259,0.00000265,5484.00000000,0
1531222704460,1531222704455,2644260,0.00000263,854.00000000,1
1531222731109,1531222731105,2644261,0.00000265,55000.00000000,0
1531222740376,1531222740371,2644262,0.00000265,55000.00000000,0
1531222750501,1531222750496,2644263,0.00000263,52285.00000000,1
1531222751705,1531222751701,2644264,0.00000263,8887.00000000,1
1531222755873,1531222755869,2644265,0.00000264,40757.00000000,0
1531222755873,1531222755869,2644266,0.00000265,14243.00000000,0
1531222771919,1531222771913,2644267,0.00000262,120708.00000000,1
1531222772081,1531222772078,2644268,0.00000262,11163.00000000,0
1531222773726,1531222773722,2644269,0.00000262,73837.00000000,1
1531222777317,1531222777311,2644270,0.00000262,63045.00000000,0
1531222777317,1531222777311,2644271,0.00000263,20485.00000000,0
1531222777317,1531222777311,2644272,0.00000264,31470.00000000,0
1531222782594,1531222782592,2644273,0.00000264,55000.00000000,0
1531222786387,1531222786382,2644274,0.00000264,4991.00000000,0
1531222786387,1531222786382,2644275,0.00000265,50009.00000000,0
1531222786809,1531222786804,2644276,0.00000263,447.00000000,1
1531222788711,1531222788706,2644277,0.00000263,58747.00000000,1
1531222789341,1531222789336,2644278,0.00000262,3796.00000000,1
1531222799482,1531222799477,2644279,0.00000264,2309.00000000,0
1531222801489,1531222801485,2644280,0.00000262,1157.00000000,1
1531222805530,1531222805526,2644281,0.00000262,5307.00000000,1
1531222813379,1531222813374,2644282,0.00000262,6242.00000000,1
1531222823707,1531222823703,2644283,0.00000262,408.00000000,1
1531222846975,1531222846972,2644284,0.00000264,7461.00000000,0
1531222846975,1531222846972,2644285,0.00000265,47539.00000000,0
1531222847128,1531222847124,2644286,0.00000263,449.00000000,1
1531222855442,1531222855439,2644287,0.00000264,546.00000000,1
1531222855494,1531222855490,2644288,0.00000264,587.00000000,1
1531222855553,1531222855550,2644289,0.00000264,524.00000000,1
1531222855960,1531222855955,2644290,0.00000264,42435.00000000,1
1531222864825,1531222864820,2644291,0.00000263,4118.00000000,1
1531222865303,1531222865299,2644292,0.00000263,536.00000000,0
1531222869474,1531222869471,2644293,0.00000263,14.00000000,0
1531222883582,1531222883579,2644294,0.00000263,38.00000000,0
1531222908174,1531222908170,2644295,0.00000263,3586.00000000,0
1531222908174,1531222908170,2644296,0.00000264,51414.00000000,0
1531222908974,1531222908970,2644297,0.00000264,9076.00000000,0
1531222919928,1531222919925,2644298,0.00000264,2608.00000000,1
1531222919997,1531222919993,2644299,0.00000264,655.00000000,1
1531222921992,1531222921989,2644300,0.00000264,259.00000000,1
1531222925155,1531222925151,2644301,0.00000264,15478.00000000,1
1531222937388,1531222937384,2644302,0.00000264,4751.00000000,0
1531222937388,1531222937384,2644303,0.00000265,110249.00000000,0
1531222952027,1531222952023,2644304,0.00000266,51490.00000000,0
1531222964677,1531222964672,2644305,0.00000265,536.00000000,1
1531223044044,1531223044041,2644306,0.00000266,510.00000000,0
1531223117886,1531223117883,2644307,0.00000266,5000.00000000,0
1531223146303,1531223146298,2644308,0.00000265,5378.00000000,1
1531223146919,1531223146914,2644309,0.00000266,43433.00000000,0
1531223146919,1531223146914,2644310,0.00000267,11567.00000000,0
1531223147724,1531223147718,2644311,0.00000267,54441.00000000,0
1531223148364,1531223148360,2644312,0.00000266,2598.00000000,1
1531223148366,1531223148362,2644313,0.00000266,27740.00000000,1
1531223148366,1531223148362,2644314,0.00000265,1425.00000000,1
1531223167033,1531223167029,2644315,0.00000268,3731.00000000,0
1531223167034,1531223167029,2644316,0.00000268,5197.00000000,0
1531223167456,1531223167452,2644317,0.00000268,230.00000000,0
1531223168851,1531223168850,2644318,0.00000266,455.00000000,1
1531223177402,1531223177397,2644319,0.00000266,7293.00000000,1
1531223208482,1531223208477,2644320,0.00000265,141718.00000000,1
1531223208500,1531223208496,2644321,0.00000265,2540.00000000,0
1531223208537,1531223208536,2644322,0.00000265,2540.00000000,0
1531223208775,1531223208772,2644323,0.00000264,230.00000000,1
1531223212539,1531223212536,2644324,0.00000265,1678.00000000,0
1531223217837,1531223217834,2644325,0.00000265,7320.00000000,0
1531223262329,1531223262324,2644326,0.00000265,3773.00000000,0
1531223287697,1531223287695,2644327,0.00000265,11136.00000000,0
1531223290518,1531223290514,2644328,0.00000264,2166.00000000,1
1531223315061,1531223315058,2644329,0.00000264,4090.00000000,1
1531223334919,1531223334916,2644330,0.00000265,93000.00000000,1
1531223355100,1531223355095,2644331,0.00000266,1569.00000000,0
1531223356705,1531223356702,2644332,0.00000266,1569.00000000,1
1531223394254,1531223394252,2644333,0.00000265,47471.00000000,1
1531223428514,1531223428509,2644334,0.00000267,4466.00000000,0
1531223436951,1531223436948,2644335,0.00000265,4474.00000000,1
1531223467834,1531223467830,2644336,0.00000267,6138.00000000,0
1531223489214,1531223489212,2644337,0.00000266,3542.00000000,0
1531223506700,1531223506695,2644338,0.00000267,5813.00000000,0
1531223548219,1531223548215,2644339,0.00000266,82.00000000,1
1531223548827,1531223548822,2644340,0.00000266,611.00000000,1
1531223549355,1531223549351,2644341,0.00000266,280.00000000,1
1531223549833,1531223549829,2644342,0.00000266,392.00000000,1
1531223550502,1531223550498,2644343,0.00000266,279.00000000,1
1531223551188,1531223551184,2644344,0.00000266,290.00000000,1
1531223551967,1531223551964,2644345,0.00000266,231.00000000,1
1531223552814,1531223552812,2644346,0.00000266,562.00000000,1
1531223553542,1531223553538,2644347,0.00000266,248.00000000,1
1531223554220,1531223554216,2644348,0.00000266,309.00000000,1
1531223554961,1531223554960,2644349,0.00000266,280.00000000,1
1531223555624,1531223555622,2644350,0.00000266,248.00000000,1
1531223556382,1531223556378,2644351,0.00000266,317.00000000,1
1531223556732,1531223556729,2644352,0.00000266,423.00000000,1
1531223557495,1531223557491,2644353,0.00000266,235.00000000,1
1531223558047,1531223558041,2644354,0.00000266,244.00000000,1
1531223558656,1531223558656,2644355,0.00000266,287.00000000,1
1531223559319,1531223559314,2644356,0.00000266,289.00000000,1
1531223560079,1531223560075,2644357,0.00000266,280.00000000,1
1531223560548,1531223560544,2644358,0.00000266,272.00000000,1
1531223561257,1531223561254,2644359,0.00000266,320.00000000,1
1531223561974,1531223561971,2644360,0.00000266,330.00000000,1
1531223562633,1531223562630,2644361,0.00000266,544.00000000,1
1531223563107,1531223563104,2644362,0.00000266,221.00000000,1
1531223599652,1531223599651,2644363,0.00000266,8.00000000,1
1531223653296,1531223653292,2644364,0.00000268,24000.00000000,0
1531223653713,1531223653710,2644365,0.00000268,231.00000000,0
1531223668680,1531223668676,2644366,0.00000266,5000.00000000,1
1531223671775,1531223671773,2644367,0.00000266,60.00000000,1
1531223671942,1531223671938,2644368,0.00000266,3.00000000,1
1531223687987,1531223687984,2644369,0.00000266,24332.00000000,1
1531223688001,1531223687997,2644370,0.00000266,17700.00000000,0
1531223777357,1531223777354,2644371,0.00000266,780.00000000,0
1531223835567,1531223835563,2644372,0.00000265,2462.00000000,1
1531223835866,1531223835862,2644373,0.00000265,231.00000000,1
1531223952290,1531223952287,2644374,0.00000265,23620.00000000,1
1531223964210,1531223964208,2644375,0.00000265,26.00000000,1
1531224001817,1531224001814,2644376,0.00000265,950.00000000,1
1531224191182,1531224191179,2644377,0.00000268,500.00000000,0
1531224217956,1531224217953,2644378,0.00000268,1127.00000000,0
1531224222585,1531224222581,2644379,0.00000267,1124.00000000,1
1531224222586,1531224222582,2644380,0.00000266,393.00000000,1
1531224222615,1531224222612,2644381,0.00000266,1124.00000000,1
1531224222651,1531224222647,2644382,0.00000266,1124.00000000,0
1531224249627,1531224249623,2644383,0.00000266,393.00000000,0
1531224250783,1531224250779,2644384,0.00000266,3157.00000000,0
1531224253671,1531224253666,2644385,0.00000266,6.00000000,0
1531224293596,1531224293590,2644386,0.00000267,4000.00000000,1
1531224293858,1531224293854,2644387,0.00000267,4000.00000000,0
1531224300232,1531224300230,2644388,0.00000267,15051.00000000,1
1531224303663,1531224303660,2644389,0.00000267,5.00000000,1
1531224323716,1531224323712,2644390,0.00000267,8262.00000000,1
1531224365554,1531224365549,2644391,0.00000268,3731.00000000,0
1531224371129,1531224371127,2644392,0.00000267,8.00000000,1
1531224371610,1531224371606,2644393,0.00000267,86951.00000000,1
1531224372643,1531224372639,2644394,0.00000267,8.00000000,0
1531224372643,1531224372639,2644395,0.00000268,3723.00000000,0
1531224455986,1531224455983,2644396,0.00000267,3745.00000000,0
1531224500386,1531224500382,2644397,0.00000267,31748.00000000,0
1531224501494,1531224501489,2644398,0.00000267,5113.00000000,1
1531224501512,1531224501508,2644399,0.00000267,2536.00000000,1
1531224516194,1531224516190,2644400,0.00000267,144087.00000000,1
1531224523070,1531224523067,2644401,0.00000267,55000.00000000,0
1531224524323,1531224524318,2644402,0.00000267,55000.00000000,0
1531224552722,1531224552723,2644403,0.00000267,7441.00000000,0
1531224552745,1531224552742,2644404,0.00000267,7445.00000000,0
1531224566926,1531224566922,2644405,0.00000266,23.00000000,1
1531224582669,1531224582665,2644406,0.00000267,2982.00000000,0
1531224582678,1531224582672,2644407,0.00000267,6.00000000,0
1531224588753,1531224588750,2644408,0.00000268,114740.00000000,0
1531224588782,1531224588779,2644409,0.00000268,756.00000000,1
1531224592280,1531224592276,2644410,0.00000268,56159.00000000,1
1531224597079,1531224597075,2644411,0.00000268,881.00000000,1
1531224602222,1531224602220,2644412,0.00000268,883.00000000,1
1531224605090,1531224605087,2644413,0.00000268,1805.00000000,1
1531224612579,1531224612574,2644414,0.00000268,1567.00000000,1
1531224615767,1531224615762,2644415,0.00000268,568.00000000,1
1531224621039,1531224621035,2644416,0.00000268,10754.00000000,1
1531224668333,1531224668330,2644417,0.00000267,10977.00000000,1
1531224681587,1531224681583,2644418,0.00000268,175038.00000000,0
1531224681627,1531224681624,2644419,0.00000268,8267.00000000,1
1531224687653,1531224687647,2644420,0.00000269,43578.00000000,0
1531224694207,1531224694204,2644421,0.00000269,1064.00000000,0
1531224695265,1531224695263,2644422,0.00000268,2977.00000000,1
1531224702468,1531224702471,2644423,0.00000269,562.00000000,0
1531224702798,1531224702796,2644424,0.00000269,562.00000000,0
1531224715170,1531224715167,2644425,0.00000267,5833.00000000,1
1531224732833,1531224732827,2644426,0.00000269,17507.00000000,0
1531224732833,1531224732827,2644427,0.00000270,2493.00000000,0
1531224780862,1531224780858,2644428,0.00000268,17684.00000000,1
1531224780862,1531224780858,2644429,0.00000267,9289.00000000,1
1531224808739,1531224808735,2644430,0.00000267,4361.00000000,1
1531224919619,1531224919616,2644431,0.00000267,56.00000000,1
1531224934323,1531224934320,2644432,0.00000267,20000.00000000,1
1531224935885,1531224935881,2644433,0.00000269,1123.00000000,0
1531225018513,1531225018509,2644434,0.00000268,600.00000000,0
1531225048782,1531225048779,2644435,0.00000268,743.00000000,0
1531225062652,1531225062649,2644436,0.00000268,6441.00000000,0
1531225188107,1531225188105,2644437,0.00000268,4033.00000000,0
1531225188127,1531225188125,2644438,0.00000268,1784.00000000,0
1531225189255,1531225189249,2644439,0.00000267,30110.00000000,1
1531225189255,1531225189249,2644440,0.00000266,40833.00000000,1
1531225192194,1531225192191,2644441,0.00000266,43578.00000000,1
1531225208143,1531225208140,2644442,0.00000268,7148.00000000,0
1531225289492,1531225289493,2644443,0.00000268,6044.00000000,0
1531225312449,1531225312444,2644444,0.00000268,32065.00000000,0
1531225354958,1531225354955,2644445,0.00000268,29867.00000000,0
1531225374910,1531225374908,2644446,0.00000268,5963.00000000,0
1531225442415,1531225442412,2644447,0.00000268,33388.00000000,0
1531225456597,1531225456594,2644448,0.00000268,104.00000000,1
1531225467107,1531225467104,2644449,0.00000268,3085.00000000,1
1531225496718,1531225496720,2644450,0.00000268,4488.00000000,0
1531225512370,1531225512367,2644451,0.00000267,3.00000000,1
1531225532862,1531225532859,2644452,0.00000268,37635.00000000,0
1531225617691,1531225617686,2644453,0.00000267,26.00000000,1
1531225626788,1531225626785,2644454,0.00000267,134580.00000000,1
1531225632099,1531225632094,2644455,0.00000266,10825.00000000,1
1531225723880,1531225723876,2644456,0.00000266,25207.00000000,1
1531225753692,1531225753689,2644457,0.00000266,400.00000000,1
1531225758267,1531225758264,2644458,0.00000266,2423.00000000,1
1531225781312,1531225781308,2644459,0.00000266,5422.00000000,0
1531225783157,1531225783153,2644460,0.00000265,420.00000000,1
1531225827215,1531225827217,2644461,0.00000266,55000.00000000,0
1531225827761,1531225827758,2644462,0.00000266,5000.00000000,0
1531225828690,1531225828687,2644463,0.00000266,6785.00000000,0
1531225841211,1531225841205,2644464,0.00000266,19417.00000000,0
1531225841211,1531225841205,2644465,0.00000267,35583.00000000,0
1531225842060,1531225842057,2644466,0.00000267,13771.00000000,0
1531225863248,1531225863243,2644467,0.00000266,9340.00000000,1
1531225885457,1531225885453,2644468,0.00000267,55000.00000000,0
1531225968820,1531225968817,2644469,0.00000266,8787.00000000,1
1531226033770,1531226033766,2644470,0.00000266,9802.00000000,1
1531226066377,1531226066374,2644471,0.00000266,1500.00000000,1
1531226230892,1531226230894,2644472,0.00000266,100.00000000,1
1531226254075,1531226254076,2644473,0.00000267,3745.00000000,0
1531226278727,1531226278725,2644474,0.00000267,377.00000000,0
1531226332882,1531226332879,2644475,0.00000266,7494.00000000,1
1531226513254,1531226513249,2644476,0.00000267,15356.00000000,0
1531226513254,1531226513249,2644477,0.00000268,39644.00000000,0
1531226514173,1531226514165,2644478,0.00000268,55000.00000000,0
1531226539672,1531226539667,2644479,0.00000267,7703.00000000,1
1531226551289,1531226551286,2644480,0.00000267,800.00000000,1
1531226554843,1531226554841,2644481,0.00000267,4896.00000000,1
1531226646609,1531226646606,2644482,0.00000267,1440.00000000,1
1531226678101,1531226678097,2644483,0.00000267,394.00000000,1
1531226727134,1531226727117,2644484,0.00000267,139227.00000000,1
1531226727134,1531226727117,2644485,0.00000266,299251.00000000,1
1531226727134,1531226727117,2644486,0.00000265,377887.00000000,1
1531226727134,1531226727117,2644487,0.00000264,355412.00000000,1
1531226727134,1531226727117,2644488,0.00000264,3996.00000000,1
1531226727411,1531226727407,2644489,0.00000265,32260.00000000,0
1531226727680,1531226727677,2644490,0.00000265,58227.00000000,0
1531226727692,1531226727687,2644491,0.00000265,61427.00000000,0
1531226727738,1531226727734,2644492,0.00000265,18540.00000000,0
1531226728382,1531226728377,2644493,0.00000266,32995.00000000,0
1531226728382,1531226728377,2644494,0.00000267,42005.00000000,0
1531226729305,1531226729307,2644495,0.00000265,3481.00000000,1
1531226730340,1531226730338,2644496,0.00000265,8262.00000000,0
1531226730402,1531226730396,2644497,0.00000265,7502.00000000,0
1531226730402,1531226730396,2644498,0.00000266,30148.00000000,0
1531226730402,1531226730396,2644499,0.00000267,17350.00000000,0
1531226731412,1531226731409,2644500,0.00000267,55000.00000000,0
1531226732333,1531226732329,2644501,0.00000266,1425.00000000,1
1531226733425,1531226733421,2644502,0.00000266,46068.00000000,0
1531226733425,1531226733421,2644503,0.00000267,8932.00000000,0
1531226735363,1531226735355,2644504,0.00000266,2999.00000000,0
1531226735363,1531226735355,2644505,0.00000267,26986.00000000,0
1531226771702,1531226771697,2644506,0.00000266,565.00000000,0
1531226818701,1531226818697,2644507,0.00000265,2130.00000000,1
1531226842630,1531226842627,2644508,0.00000265,1144.00000000,1
1531226853365,1531226853364,2644509,0.00000265,609.00000000,1
1531226853365,1531226853364,2644510,0.00000264,26891.00000000,1
1531226853446,1531226853443,2644511,0.00000264,6778.00000000,1
1531226855912,1531226855907,2644512,0.00000264,3999.00000000,1
1531226858513,1531226858510,2644513,0.00000265,3509.00000000,0
1531226865223,1531226865218,2644514,0.00000265,3964.00000000,0
1531226865223,1531226865218,2644515,0.00000266,51036.00000000,0
1531226866028,1531226866026,2644516,0.00000266,3130.00000000,0
1531226867905,1531226867901,2644517,0.00000266,55000.00000000,0
1531226874421,1531226874417,2644518,0.00000266,21149.00000000,0
1531226874421,1531226874417,2644519,0.00000267,33851.00000000,0
1531226875322,1531226875318,2644520,0.00000267,44283.00000000,0
1531226883251,1531226883252,2644521,0.00000266,3964.00000000,0
1531226886393,1531226886389,2644522,0.00000266,1316.00000000,0
1531226887468,1531226887464,2644523,0.00000267,2557.00000000,0
1531226893082,1531226893078,2644524,0.00000266,3963.00000000,0
1531226902753,1531226902749,2644525,0.00000266,2736.00000000,1
1531226902753,1531226902749,2644526,0.00000265,127264.00000000,1
1531226987230,1531226987225,2644527,0.00000265,143000.00000000,1
1531227027696,1531227027693,2644528,0.00000265,900.00000000,1
1531227032933,1531227032922,2644529,0.00000265,801.00000000,1
1531227032933,1531227032922,2644530,0.00000264,225820.00000000,1
1531227032933,1531227032922,2644531,0.00000263,162159.00000000,1
1531227033882,1531227033878,2644532,0.00000264,1467.00000000,0
1531227033981,1531227033978,2644533,0.00000264,2239.00000000,0
1531227034654,1531227034651,2644534,0.00000265,55000.00000000,0
1531227034942,1531227034938,2644535,0.00000264,1425.00000000,0
1531227035442,1531227035438,2644536,0.00000265,23494.00000000,0
1531227035442,1531227035438,2644537,0.00000266,17679.00000000,0
1531227035442,1531227035438,2644538,0.00000267,13827.00000000,0
1531227035828,1531227035825,2644539,0.00000266,750.00000000,1
1531227036237,1531227036232,2644540,0.00000266,3725.00000000,0
1531227036237,1531227036232,2644541,0.00000267,51275.00000000,0
1531227036471,1531227036467,2644542,0.00000266,52264.00000000,1
1531227036483,1531227036479,2644543,0.00000265,478.00000000,1
1531227036483,1531227036479,2644544,0.00000264,457.00000000,1
1531227036483,1531227036479,2644545,0.00000263,51329.00000000,1
1531227038381,1531227038377,2644546,0.00000264,1127.00000000,0
1531227038528,1531227038524,2644547,0.00000264,2067.00000000,0
1531227038677,1531227038672,2644548,0.00000264,160958.00000000,0
1531227038677,1531227038672,2644549,0.00000266,14042.00000000,0
1531227046613,1531227046609,2644550,0.00000265,400.00000000,1
1531227046871,1531227046868,2644551,0.00000265,778.00000000,1
1531227046871,1531227046868,2644552,0.00000264,370.00000000,1
1531227051425,1531227051420,2644553,0.00000266,55000.00000000,0
1531227052863,1531227052857,2644554,0.00000267,10405.00000000,0
1531227060969,1531227060966,2644555,0.00000265,20202.00000000,1
1531227074427,1531227074419,2644556,0.00000266,39136.00000000,0
1531227074427,1531227074419,2644557,0.00000267,15864.00000000,0
1531227075776,1531227075773,2644558,0.00000267,55000.00000000,0
1531227087051,1531227087047,2644559,0.00000265,382.00000000,1
1531227090164,1531227090163,2644560,0.00000266,3852.00000000,1
1531227090278,1531227090275,2644561,0.00000266,9967.00000000,1
1531227090306,1531227090303,2644562,0.00000266,2536.00000000,1
1531227091266,1531227091259,2644563,0.00000266,3754.00000000,1
1531227092036,1531227092033,2644564,0.00000266,3921.00000000,1
1531227106868,1531227106863,2644565,0.00000266,400.00000000,1
1531227111420,1531227111416,2644566,0.00000266,9585.00000000,1
1531227113943,1531227113940,2644567,0.00000266,5131.00000000,1
1531227113943,1531227113940,2644568,0.00000265,20792.00000000,1
1531227129931,1531227129927,2644569,0.00000265,5679.00000000,1
1531227148503,1531227148499,2644570,0.00000266,21207.00000000,0
1531227221484,1531227221479,2644571,0.00000266,54614.00000000,0
1531227221484,1531227221479,2644572,0.00000267,386.00000000,0
1531227254565,1531227254561,2644573,0.00000267,1.00000000,0
1531227279611,1531227279606,2644574,0.00000267,43.00000000,0
1531227302238,1531227302237,2644575,0.00000266,10913.00000000,1
1531227302920,1531227302917,2644576,0.00000266,10843.00000000,1
1531227304181,1531227304175,2644577,0.00000266,10698.00000000,1
1531227304674,1531227304670,2644578,0.00000266,632782.00000000,1
1531227305408,1531227305402,2644579,0.00000265,63466.00000000,1
1531227307410,1531227307405,2644580,0.00000265,7877.00000000,1
1531227314608,1531227314604,2644581,0.00000264,30.00000000,1
1531227323135,1531227323132,2644582,0.00000265,3410.00000000,0
1531227338122,1531227338117,2644583,0.00000266,6140.00000000,0
1531227342978,1531227342974,2644584,0.00000266,10.00000000,0
1531227352709,1531227352706,2644585,0.00000266,55000.00000000,0
1531227364520,1531227364516,2644586,0.00000265,416.00000000,1
1531227364832,1531227364828,2644587,0.00000265,416.00000000,1
1531227364906,1531227364903,2644588,0.00000265,1321.00000000,1
1531227389937,1531227389932,2644589,0.00000265,4955.00000000,1
1531227402468,1531227402463,2644590,0.00000266,55000.00000000,0
1531227403733,1531227403729,2644591,0.00000266,10894.00000000,0
1531227461754,1531227461752,2644592,0.00000267,20.00000000,0
1531227497125,1531227497121,2644593,0.00000267,18.00000000,0
1531227732486,1531227732478,2644594,0.00000266,1346.00000000,0
1531227732486,1531227732478,2644595,0.00000267,53654.00000000,0
1531227762396,1531227762393,2644596,0.00000266,11101.00000000,1
1531227962116,1531227962111,2644597,0.00000266,16097.00000000,1
1531227983146,1531227983143,2644598,0.00000267,1.00000000,0
1531228035197,1531228035194,2644599,0.00000266,90407.00000000,1
1531228058053,1531228058049,2644600,0.00000267,9460.00000000,0
1531228119383,1531228119378,2644601,0.00000267,9850.00000000,0
1531228175834,1531228175829,2644602,0.00000268,5.00000000,0
1531228201545,1531228201540,2644603,0.00000267,640.00000000,0
1531228305826,1531228305825,2644604,0.00000268,3.00000000,0
1531228400953,1531228400949,2644605,0.00000267,2988.00000000,1
1531228584588,1531228584584,2644606,0.00000266,1496.00000000,1
1531228694112,1531228694108,2644607,0.00000267,7273.00000000,1
1531228705216,1531228705212,2644608,0.00000267,8087.00000000,1
1531228705248,1531228705244,2644609,0.00000267,2536.00000000,1
1531228874982,1531228874974,2644610,0.00000268,29258.00000000,0
1531228874982,1531228874974,2644611,0.00000269,25742.00000000,0
1531228876004,1531228876000,2644612,0.00000269,55000.00000000,0
1531228876831,1531228876827,2644613,0.00000268,3896.00000000,1
1531228903839,1531228903835,2644614,0.00000268,4066.00000000,1
1531228905367,1531228905363,2644615,0.00000269,562.00000000,0
1531228906019,1531228906015,2644616,0.00000269,562.00000000,0
1531228909992,1531228909985,2644617,0.00000269,9128.00000000,0
1531228909992,1531228909985,2644618,0.00000270,13302.00000000,0
1531228921712,1531228921708,2644619,0.00000268,2.00000000,1
1531228959194,1531228959190,2644620,0.00000270,8.00000000,0
1531229066094,1531229066090,2644621,0.00000268,750.00000000,1
1531229090440,1531229090435,2644622,0.00000269,12787.00000000,0
1531229090448,1531229090444,2644623,0.00000269,2536.00000000,0
1531229090501,1531229090496,2644624,0.00000269,10822.00000000,0
1531229090783,1531229090781,2644625,0.00000268,1366.00000000,1
1531229091678,1531229091675,2644626,0.00000268,1591.00000000,1
1531229091959,1531229091953,2644627,0.00000268,768.00000000,1
1531229093453,1531229093450,2644628,0.00000268,879.00000000,1
1531229093527,1531229093523,2644629,0.00000268,2118.00000000,1
1531229103091,1531229103085,2644630,0.00000270,7.00000000,0
1531229106840,1531229106836,2644631,0.00000268,3029.00000000,1
1531229256578,1531229256572,2644632,0.00000269,4017.00000000,0
1531229280378,1531229280374,2644633,0.00000268,89.00000000,1
1531229286432,1531229286428,2644634,0.00000268,3756.00000000,1
1531229309161,1531229309159,2644635,0.00000268,11575.00000000,1
1531229309287,1531229309255,2644636,0.00000268,102479.00000000,1
1531229353523,1531229353519,2644637,0.00000269,4.00000000,0
1531229357141,1531229357139,2644638,0.00000268,8147.00000000,1
1531229357555,1531229357551,2644639,0.00000268,2674.00000000,1
1531229363282,1531229363278,2644640,0.00000269,29381.00000000,0
1531229363321,1531229363315,2644641,0.00000269,1301.00000000,1
1531229363327,1531229363323,2644642,0.00000269,2536.00000000,1
1531229363940,1531229363936,2644643,0.00000269,9328.00000000,1
1531229369419,1531229369414,2644644,0.00000269,8559.00000000,1
1531229379327,1531229379321,2644645,0.00000269,5135.00000000,1
1531229380472,1531229380466,2644646,0.00000269,5135.00000000,1
1531229413503,1531229413497,2644647,0.00000269,476.00000000,1
1531229423220,1531229423216,2644648,0.00000269,49247.00000000,1
1531229434577,1531229434573,2644649,0.00000269,9238.00000000,1
1531229434672,1531229434668,2644650,0.00000269,99911.00000000,1
1531229541874,1531229541870,2644651,0.00000269,2750.00000000,0
1531229613499,1531229613494,2644652,0.00000268,59826.00000000,1
1531229616570,1531229616565,2644653,0.00000268,2338.00000000,1
1531229904150,1531229904146,2644654,0.00000267,2050.00000000,1
1531229987240,1531229987236,2644655,0.00000268,7570.00000000,0
1531229987281,1531229987275,2644656,0.00000268,2536.00000000,0
1531229987490,1531229987486,2644657,0.00000268,7570.00000000,0
1531230022563,1531230022557,2644658,0.00000267,6797.00000000,1
1531230026740,1531230026735,2644659,0.00000268,6983.00000000,0
1531230026886,1531230026881,2644660,0.00000268,5704.00000000,0
1531230033432,1531230033425,2644661,0.00000267,4989.00000000,1
1531230074181,1531230074177,2644662,0.00000268,11.00000000,0
1531230086944,1531230086939,2644663,0.00000269,2814.00000000,0
1531230218178,1531230218175,2644664,0.00000269,680588.00000000,0
1531230229640,1531230229635,2644665,0.00000269,8226.00000000,1
1531230229677,1531230229672,2644666,0.00000269,2536.00000000,1
1531230248879,1531230248874,2644667,0.00000269,7947.00000000,1
1531230269926,1531230269922,2644668,0.00000269,8717.00000000,1
1531230273762,1531230273757,2644669,0.00000269,1.00000000,1
1531230309298,1531230309297,2644670,0.00000269,5882.00000000,1
1531230320392,1531230320388,2644671,0.00000269,22304.00000000,1
1531230439890,1531230439887,2644672,0.00000270,4209.00000000,0
1531230442678,1531230442675,2644673,0.00000270,411.00000000,1
1531230442682,1531230442678,2644674,0.00000270,618.00000000,1
1531230613183,1531230613178,2644675,0.00000270,4679.00000000,1
1531230688122,1531230688120,2644676,0.00000270,4895.00000000,1
1531230688706,1531230688702,2644677,0.00000270,2115.00000000,1
1531230688916,1531230688910,2644678,0.00000270,4894.00000000,1
1531230691833,1531230691831,2644679,0.00000270,5218.00000000,1
1531230711730,1531230711725,2644680,0.00000270,26452.00000000,1
1531230714066,1531230714061,2644681,0.00000271,1000.00000000,0
1531230716393,1531230716389,2644682,0.00000270,117.00000000,1
1531230749435,1531230749430,2644683,0.00000270,67.00000000,1
1531230755705,1531230755701,2644684,0.00000270,4.00000000,1
1531230848082,1531230848079,2644685,0.00000270,1639.00000000,1
1531230914496,1531230914492,2644686,0.00000270,1302.00000000,1
1531230953366,1531230953356,2644687,0.00000271,123524.00000000,0
1531230953366,1531230953356,2644688,0.00000272,8708.00000000,0
1531230959820,1531230959816,2644689,0.00000270,381.00000000,1
1531230964805,1531230964802,2644690,0.00000271,555.00000000,0
1531230965122,1531230965117,2644691,0.00000271,555.00000000,0
1531231114398,1531231114393,2644692,0.00000270,32.00000000,1
1531231161187,1531231161183,2644693,0.00000271,2391.00000000,0
1531231164509,1531231164504,2644694,0.00000271,6.00000000,0
1531231219148,1531231219143,2644695,0.00000271,100.00000000,0
1531231266208,1531231266202,2644696,0.00000270,7439.00000000,1
1531231266627,1531231266619,2644697,0.00000270,14065.00000000,1
1531231267971,1531231267966,2644698,0.00000270,7439.00000000,1
1531231274340,1531231274334,2644699,0.00000270,7439.00000000,1
1531231275312,1531231275306,2644700,0.00000270,4937.00000000,1
1531231276261,1531231276256,2644701,0.00000270,4937.00000000,1
1531231277146,1531231277141,2644702,0.00000270,5706.00000000,1
1531231277792,1531231277787,2644703,0.00000270,6670.00000000,0
1531231278175,1531231278171,2644704,0.00000270,2788.00000000,0
1531231289252,1531231289248,2644705,0.00000269,37942.00000000,1
1531231302108,1531231302103,2644706,0.00000270,4579.00000000,1
1531231302108,1531231302103,2644707,0.00000269,309.00000000,1
1531231312621,1531231312613,2644708,0.00000270,3738.00000000,0
1531231350325,1531231350320,2644709,0.00000269,2.00000000,1
1531231491413,1531231491407,2644710,0.00000269,1.00000000,1
1531231613326,1531231613322,2644711,0.00000269,30442.00000000,1
1531231666867,1531231666862,2644712,0.00000269,5500.00000000,1
1531231810887,1531231810882,2644713,0.00000268,1695.00000000,1
1531231960079,1531231960075,2644714,0.00000268,2.00000000,1
1531232114615,1531232114611,2644715,0.00000268,405.00000000,1
1531232125087,1531232125083,2644716,0.00000269,424.00000000,0
1531232248342,1531232248336,2644717,0.00000268,8961.00000000,1
1531232299340,1531232299336,2644718,0.00000267,3392.00000000,1
1531232321017,1531232321012,2644719,0.00000269,4.00000000,0
1531232335922,1531232335916,2644720,0.00000267,1135.00000000,1
1531232346364,1531232346358,2644721,0.00000267,2257.00000000,1
1531232353894,1531232353889,2644722,0.00000268,3213.00000000,0
1531232364891,1531232364887,2644723,0.00000268,7.00000000,0
1531232378117,1531232378112,2644724,0.00000267,6853.00000000,1
1531232390273,1531232390268,2644725,0.00000267,20759.00000000,1
1531232390294,1531232390289,2644726,0.00000267,30680.00000000,0
1531232390304,1531232390300,2644727,0.00000267,30680.00000000,0
1531232390305,1531232390301,2644728,0.00000267,30746.00000000,0
1531232390321,1531232390315,2644729,0.00000267,30680.00000000,0
1531232391169,1531232391165,2644730,0.00000267,6763.00000000,0
1531232391317,1531232391312,2644731,0.00000267,2062.00000000,0
1531232399047,1531232399043,2644732,0.00000266,2062.00000000,1
1531232412227,1531232412223,2644733,0.00000267,411.00000000,0
1531232419534,1531232419529,2644734,0.00000266,380.00000000,1
1531232442552,1531232442550,2644735,0.00000266,30680.00000000,1
1531232470502,1531232470497,2644736,0.00000267,115000.00000000,0
1531232473029,1531232473024,2644737,0.00000267,55000.00000000,0
1531232473822,1531232473818,2644738,0.00000267,55000.00000000,0
1531232476417,1531232476412,2644739,0.00000267,55000.00000000,0
1531232491978,1531232491974,2644740,0.00000267,50.00000000,0
1531232498681,1531232498678,2644741,0.00000266,5414.00000000,1
1531232498690,1531232498687,2644742,0.00000266,5415.00000000,1
1531232515310,1531232515306,2644743,0.00000267,115000.00000000,0
1531232519355,1531232519351,2644744,0.00000267,5.00000000,0
1531232524657,1531232524653,2644745,0.00000266,414.00000000,1
1531232527207,1531232527202,2644746,0.00000267,55000.00000000,0
1531232528222,1531232528216,2644747,0.00000267,6997.00000000,0
1531232565932,1531232565928,2644748,0.00000266,4653.00000000,1
1531232593290,1531232593285,2644749,0.00000266,4158.00000000,1
1531232675719,1531232675716,2644750,0.00000267,8504.00000000,1
1531232688466,1531232688461,2644751,0.00000267,5599.00000000,1
1531232697778,1531232697774,2644752,0.00000268,57.00000000,0
1531232700782,1531232700778,2644753,0.00000268,1.00000000,0
1531232706082,1531232706078,2644754,0.00000268,838.00000000,0
1531232784674,1531232784670,2644755,0.00000267,700.00000000,1
1531232839984,1531232839979,2644756,0.00000267,2800.00000000,1
1531232955737,1531232955733,2644757,0.00000267,1490.00000000,1
1531233017458,1531233017455,2644758,0.00000267,187.00000000,1
1531233054166,1531233054162,2644759,0.00000268,250.00000000,0
1531233130504,1531233130501,2644760,0.00000267,25489.00000000,1
1531233200865,1531233200862,2644761,0.00000267,22086.00000000,1
1531233216315,1531233216311,2644762,0.00000267,7967.00000000,1
1531233331333,1531233331329,2644763,0.00000267,3002.00000000,1
1531233331338,1531233331334,2644764,0.00000266,2536.00000000,1
1531233337489,1531233337485,2644765,0.00000266,1153.00000000,1
1531233349881,1531233349875,2644766,0.00000268,10.00000000,0
1531233394140,1531233394137,2644767,0.00000267,19572.00000000,1
1531233401795,1531233401792,2644768,0.00000267,4520.00000000,1
1531233410715,1531233410712,2644769,0.00000267,2157.00000000,1
1531233427702,1531233427697,2644770,0.00000266,4937.00000000,1
1531233432513,1531233432509,2644771,0.00000267,2298.00000000,0
1531233524191,1531233524187,2644772,0.00000266,419.00000000,1
1531233529295,1531233529292,2644773,0.00000267,7658.00000000,1
1531233605293,1531233605288,2644774,0.00000267,2820.00000000,1
1531233605293,1531233605288,2644775,0.00000266,1081.00000000,1
1531233741085,1531233741080,2644776,0.00000266,400.00000000,1
1531233741085,1531233741080,2644777,0.00000265,7550.00000000,1
1531233752319,1531233752315,2644778,0.00000267,679.00000000,0
1531233761612,1531233761609,2644779,0.00000267,679.00000000,0
1531233851156,1531233851152,2644780,0.00000267,552.00000000,0
1531233886402,1531233886402,2644781,0.00000267,10510.00000000,0
1531233889515,1531233889511,2644782,0.00000266,10510.00000000,1
1531233897077,1531233897074,2644783,0.00000266,2231.00000000,1
1531233897077,1531233897074,2644784,0.00000265,5269.00000000,1
1531234003360,1531234003357,2644785,0.00000265,838.00000000,1
1531234003580,1531234003575,2644786,0.00000266,2830.00000000,0
1531234024069,1531234024062,2644787,0.00000265,193812.00000000,1
1531234024085,1531234024082,2644788,0.00000265,35194.00000000,0
1531234024086,1531234024084,2644789,0.00000265,20541.00000000,0
1531234024103,1531234024101,2644790,0.00000265,453.00000000,0
1531234054544,1531234054540,2644791,0.00000266,380.00000000,1
1531234071512,1531234071507,2644792,0.00000266,549.00000000,1
1531234071512,1531234071507,2644793,0.00000265,134695.00000000,1
1531234071538,1531234071534,2644794,0.00000265,1022.00000000,0
1531234071567,1531234071564,2644795,0.00000265,1022.00000000,0
1531234071579,1531234071575,2644796,0.00000265,10109.00000000,0
1531234072152,1531234072149,2644797,0.00000265,1024.00000000,0
1531234072719,1531234072715,2644798,0.00000265,1659.00000000,0
1531234072741,1531234072738,2644799,0.00000265,756.00000000,0
1531234073932,1531234073929,2644800,0.00000265,7722.00000000,0
1531234074123,1531234074120,2644801,0.00000265,28942.00000000,0
1531234074123,1531234074120,2644802,0.00000266,26058.00000000,0
1531234075111,1531234075107,2644803,0.00000266,36436.00000000,0
1531234083967,1531234083964,2644804,0.00000265,416.00000000,0
1531234084507,1531234084503,2644805,0.00000264,417.00000000,1
1531234085844,1531234085838,2644806,0.00000265,1774.00000000,0
1531234085844,1531234085838,2644807,0.00000266,2830.00000000,0
1531234085844,1531234085838,2644808,0.00000267,55442.00000000,0
1531234085862,1531234085858,2644809,0.00000267,4255.00000000,1
1531234085876,1531234085873,2644810,0.00000267,2536.00000000,1
1531234087173,1531234087168,2644811,0.00000267,1169.00000000,1
1531234087185,1531234087181,2644812,0.00000267,4408.00000000,1
1531234087439,1531234087434,2644813,0.00000267,42699.00000000,1
1531234093715,1531234093711,2644814,0.00000267,5675.00000000,1
1531234098708,1531234098705,2644815,0.00000267,3057.00000000,1
1531234098708,1531234098705,2644816,0.00000266,137568.00000000,1
1531234099733,1531234099730,2644817,0.00000266,2535.00000000,1
1531234099811,1531234099808,2644818,0.00000266,5033.00000000,1
1531234101813,1531234101809,2644819,0.00000268,4937.00000000,0
1531234103235,1531234103230,2644820,0.00000268,7439.00000000,0
1531234104227,1531234104225,2644821,0.00000268,6627.00000000,0
1531234104371,1531234104367,2644822,0.00000268,812.00000000,1
1531234105249,1531234105245,2644823,0.00000268,2.00000000,0
1531234105284,1531234105280,2644824,0.00000268,5337.00000000,1
1531234105684,1531234105683,2644825,0.00000268,1723.00000000,1
1531234105760,1531234105752,2644826,0.00000268,377.00000000,1
1531234105805,1531234105802,2644827,0.00000267,385.00000000,0
1531234108496,1531234108492,2644828,0.00000267,814.00000000,0
1531234108505,1531234108502,2644829,0.00000267,503.00000000,0
1531234109549,1531234109545,2644830,0.00000266,48629.00000000,1
1531234110181,1531234110177,2644831,0.00000266,4020.00000000,0
1531234110209,1531234110206,2644832,0.00000266,4028.00000000,0
1531234119192,1531234119188,2644833,0.00000266,7439.00000000,0
1531234120094,1531234120091,2644834,0.00000266,4937.00000000,0
1531234120539,1531234120535,2644835,0.00000265,79101.00000000,1
1531234120873,1531234120870,2644836,0.00000266,4937.00000000,0
1531234121497,1531234121494,2644837,0.00000266,4937.00000000,0
1531234129001,1531234128998,2644838,0.00000265,604.00000000,0
1531234130279,1531234130276,2644839,0.00000265,1055.00000000,0
1531234139277,1531234139273,2644840,0.00000265,1055.00000000,0
1531234144834,1531234144831,2644841,0.00000265,570.00000000,0
1531234148996,1531234148993,2644842,0.00000265,1055.00000000,0
1531234153362,1531234153357,2644843,0.00000265,20888.00000000,0
1531234153362,1531234153357,2644844,0.00000266,34112.00000000,0
1531234165859,1531234165854,2644845,0.00000265,55000.00000000,0
1531234167357,1531234167353,2644846,0.00000265,55000.00000000,0
1531234172340,1531234172336,2644847,0.00000265,1055.00000000,0
1531234181621,1531234181617,2644848,0.00000265,1055.00000000,0
1531234190983,1531234190979,2644849,0.00000265,1055.00000000,0
1531234191483,1531234191479,2644850,0.00000265,6288.00000000,0
1531234200388,1531234200386,2644851,0.00000265,1055.00000000,0
1531234209717,1531234209715,2644852,0.00000265,1055.00000000,0
1531234214335,1531234214330,2644853,0.00000264,4500.00000000,1
1531234220007,1531234220003,2644854,0.00000265,1055.00000000,0
1531234229419,1531234229415,2644855,0.00000265,1055.00000000,0
1531234233639,1531234233635,2644856,0.00000265,4693.00000000,0
1531234238773,1531234238771,2644857,0.00000265,1055.00000000,0
1531234248527,1531234248523,2644858,0.00000265,1055.00000000,0
1531234249324,1531234249321,2644859,0.00000265,115000.00000000,0
1531234250259,1531234250257,2644860,0.00000265,3622.00000000,0
1531234256018,1531234256013,2644861,0.00000264,383.00000000,1
1531234276115,1531234276111,2644862,0.00000264,383.00000000,1
1531234362249,1531234362244,2644863,0.00000265,4020.00000000,1
1531234417503,1531234417498,2644864,0.00000266,79.00000000,0
1531234426621,1531234426619,2644865,0.00000266,6.00000000,0
1531234449397,1531234449393,2644866,0.00000265,3500.00000000,1
1531234457071,1531234457067,2644867,0.00000266,883.00000000,0
1531234478283,1531234478280,2644868,0.00000266,13834.00000000,0
1531234513776,1531234513769,2644869,0.00000266,54145.00000000,0
1531234514168,1531234514164,2644870,0.00000266,1141.00000000,0
1531234546228,1531234546225,2644871,0.00000267,3.00000000,0
1531234696931,1531234696928,2644872,0.00000267,56.00000000,0
1531235011465,1531235011465,2644873,0.00000267,1054.00000000,0
1531235121484,1531235121485,2644874,0.00000265,33.00000000,1
1531235158983,1531235158982,2644875,0.00000267,9.00000000,0
1531235207011,1531235207008,2644876,0.00000265,9.00000000,1
1531235237950,1531235237947,2644877,0.00000266,1584.00000000,0
1531235238102,1531235238102,2644878,0.00000266,23130.00000000,0
1531235248130,1531235248130,2644879,0.00000266,24714.00000000,0
1531235260106,1531235260105,2644880,0.00000266,16476.00000000,0
1531235345211,1531235345211,2644881,0.00000266,100215.00000000,1
1531235430213,1531235430211,2644882,0.00000267,23.00000000,0
1531235478413,1531235478412,2644883,0.00000267,17.00000000,0
1531235569039,1531235569037,2644884,0.00000267,7388.00000000,0
1531235594167,1531235594168,2644885,0.00000267,2536.00000000,1
1531235594178,1531235594177,2644886,0.00000267,4007.00000000,1
1531235607783,1531235607781,2644887,0.00000267,10.00000000,0
1531235657979,1531235657979,2644888,0.00000267,400.00000000,0
1531235881756,1531235881755,2644889,0.00000266,156.00000000,1
1531235910104,1531235910104,2644890,0.00000266,6573.00000000,1
1531235994780,1531235994780,2644891,0.00000266,1071.00000000,1
1531235994784,1531235994784,2644892,0.00000266,4169.00000000,1
1531235994857,1531235994853,2644893,0.00000266,4169.00000000,1
1531236113382,1531236113384,2644894,0.00000267,109.00000000,0
1531236116385,1531236116385,2644895,0.00000267,1.00000000,0
1531236119502,1531236119503,2644896,0.00000266,1174.00000000,1
1531236188612,1531236188612,2644897,0.00000267,1.00000000,0
1531236227393,1531236227396,2644898,0.00000267,1477.00000000,0
1531236239558,1531236239556,2644899,0.00000267,1330.00000000,0
1531236239558,1531236239556,2644900,0.00000268,2415.00000000,0
1531236259329,1531236259329,2644901,0.00000267,2138.00000000,0
1531236263131,1531236263132,2644902,0.00000267,560.00000000,0
1531236297188,1531236297186,2644903,0.00000266,33937.00000000,1
1531236299994,1531236299993,2644904,0.00000265,560.00000000,1
1531236306485,1531236306485,2644905,0.00000266,18.00000000,0
1531236311781,1531236311781,2644906,0.00000266,6327.00000000,0
1531236311781,1531236311781,2644907,0.00000267,48673.00000000,0
1531236313682,1531236313682,2644908,0.00000267,55000.00000000,0
1531236315173,1531236315173,2644909,0.00000267,2820.00000000,0
1531236327687,1531236327686,2644910,0.00000268,3731.00000000,0
1531236371121,1531236371120,2644911,0.00000268,3000.00000000,0
1531236462770,1531236462769,2644912,0.00000268,609.00000000,0
1531236513116,1531236513115,2644913,0.00000268,464.00000000,0
1531236528197,1531236528195,2644914,0.00000268,13383.00000000,0
1531236530318,1531236530319,2644915,0.00000268,8261.00000000,1
1531236532417,1531236532416,2644916,0.00000268,8214.00000000,1
1531236535945,1531236535946,2644917,0.00000268,2822.00000000,1
1531236547713,1531236547713,2644918,0.00000268,7835.00000000,1
1531236598818,1531236598818,2644919,0.00000268,1457.00000000,1
1531236614861,1531236614862,2644920,0.00000268,386.00000000,1
1531236637038,1531236637039,2644921,0.00000268,7626.00000000,1
1531236637042,1531236637042,2644922,0.00000268,7624.00000000,1
1531236637063,1531236637064,2644923,0.00000268,2536.00000000,1
1531236735525,1531236735526,2644924,0.00000268,2136.00000000,0
1531236851123,1531236851124,2644925,0.00000268,899.00000000,1
1531236884785,1531236884786,2644926,0.00000269,3717.00000000,0
1531236918997,1531236918995,2644927,0.00000268,1261.00000000,1
1531236947256,1531236947257,2644928,0.00000268,3298.00000000,1
1531236956157,1531236956156,2644929,0.00000268,15354.00000000,1
1531236973679,1531236973682,2644930,0.00000268,5361.00000000,0
1531237156946,1531237156944,2644931,0.00000267,17226.00000000,1
1531237268599,1531237268599,2644932,0.00000268,2807.00000000,0
1531237362107,1531237362107,2644933,0.00000268,1059.00000000,0
1531237378260,1531237378261,2644934,0.00000267,7928.00000000,1
1531237574971,1531237574971,2644935,0.00000268,2807.00000000,0
1531237706696,1531237706697,2644936,0.00000268,6.00000000,0
1531237744401,1531237744400,2644937,0.00000269,10430.00000000,0
1531237786693,1531237786694,2644938,0.00000269,4049.00000000,0
1531237815782,1531237815782,2644939,0.00000268,9549.00000000,1
1531237833761,1531237833760,2644940,0.00000268,9208.00000000,1
1531237950004,1531237950001,2644941,0.00000268,25.00000000,1
1531238015258,1531238015258,2644942,0.00000268,2.00000000,1
1531238083302,1531238083299,2644943,0.00000269,3.00000000,0
1531238104007,1531238104007,2644944,0.00000268,18929.00000000,1
1531238112689,1531238112687,2644945,0.00000268,498.00000000,1
1531238148390,1531238148389,2644946,0.00000268,454.00000000,1
1531238165867,1531238165866,2644947,0.00000269,375.00000000,0
1531238171228,1531238171228,2644948,0.00000269,79.00000000,0
1531238243245,1531238243245,2644949,0.00000268,164852.00000000,1
1531238309371,1531238309369,2644950,0.00000268,16364.00000000,1
1531238346488,1531238346486,2644951,0.00000269,13947.00000000,0
1531238354618,1531238354619,2644952,0.00000268,19.00000000,1
1531238363354,1531238363350,2644953,0.00000268,98836.00000000,1
1531238418539,1531238418538,2644954,0.00000268,394.00000000,1
1531238427546,1531238427546,2644955,0.00000268,4500.00000000,1
1531238428557,1531238428556,2644956,0.00000268,2813.00000000,1
1531238444214,1531238444211,2644957,0.00000267,1583.00000000,1
1531238469165,1531238469163,2644958,0.00000267,1492.00000000,1
1531238477660,1531238477658,2644959,0.00000267,1135.00000000,1
1531238512440,1531238512438,2644960,0.00000269,22977.00000000,0
1531238512440,1531238512438,2644961,0.00000270,10055.00000000,0
1531238513089,1531238513086,2644962,0.00000269,9933.00000000,0
1531238540774,1531238540771,2644963,0.00000268,8009.00000000,1
1531238668223,1531238668220,2644964,0.00000268,3.00000000,1
1531238707604,1531238707603,2644965,0.00000268,1000.00000000,1
1531238725531,1531238725532,2644966,0.00000269,1.00000000,0
1531238745790,1531238745787,2644967,0.00000269,5704.00000000,0
1531238791779,1531238791778,2644968,0.00000269,1957.00000000,0
1531238791779,1531238791778,2644969,0.00000270,1760.00000000,0
1531238819773,1531238819772,2644970,0.00000268,13.00000000,1
1531239133317,1531239133314,2644971,0.00000268,1670.00000000,1
1531239133611,1531239133609,2644972,0.00000268,1.00000000,1
1531239134388,1531239134386,2644973,0.00000267,9680.00000000,1
1531239135338,1531239135335,2644974,0.00000267,9680.00000000,1
1531239140485,1531239140483,2644975,0.00000267,12529.00000000,1
1531239140594,1531239140591,2644976,0.00000267,5222.00000000,1
1531239141401,1531239141399,2644977,0.00000267,740.00000000,1
1531239141622,1531239141620,2644978,0.00000267,10798.00000000,1
1531239142900,1531239142898,2644979,0.00000267,3230.00000000,1
1531239143379,1531239143377,2644980,0.00000267,11650.00000000,1
1531239144032,1531239144030,2644981,0.00000267,8081.00000000,1
1531239144720,1531239144719,2644982,0.00000267,3870.00000000,1
1531239145233,1531239145229,2644983,0.00000267,9340.00000000,1
1531239145371,1531239145368,2644984,0.00000267,19409.00000000,1
1531239146257,1531239146254,2644985,0.00000267,5851.00000000,1
1531239152894,1531239152890,2644986,0.00000267,2150.00000000,1
1531239152993,1531239152991,2644987,0.00000267,5104.00000000,1
1531239154120,1531239154118,2644988,0.00000267,1440.00000000,1
1531239154682,1531239154678,2644989,0.00000267,10773.00000000,1
1531239155186,1531239155181,2644990,0.00000267,11451.00000000,1
1531239155186,1531239155181,2644991,0.00000266,10542.00000000,1
1531239160021,1531239160019,2644992,0.00000267,1530.00000000,1
1531239162915,1531239162911,2644993,0.00000267,960.00000000,1
1531239163048,1531239163046,2644994,0.00000268,10.00000000,0
1531239164127,1531239164124,2644995,0.00000267,640.00000000,1
1531239168159,1531239168156,2644996,0.00000268,3278.00000000,0
1531239173080,1531239173078,2644997,0.00000267,420.00000000,1
1531239173893,1531239173890,2644998,0.00000267,430.00000000,1
1531239174018,1531239174017,2644999,0.00000267,430.00000000,1
1531239176357,1531239176353,2645000,0.00000267,1159.00000000,1
1531239176357,1531239176353,2645001,0.00000266,8583.00000000,1
1531239179980,1531239179978,2645002,0.00000266,1.00000000,1
1531239180016,1531239180012,2645003,0.00000266,16602.00000000,1
1531239180578,1531239180576,2645004,0.00000266,1979.00000000,0
1531239203804,1531239203801,2645005,0.00000265,4955.00000000,1
1531239204284,1531239204282,2645006,0.00000265,1144.00000000,1
1531239206476,1531239206472,2645007,0.00000267,4670.00000000,0
1531239206490,1531239206487,2645008,0.00000267,2536.00000000,0
1531239207127,1531239207125,2645009,0.00000267,2258.00000000,0
1531239209456,1531239209454,2645010,0.00000265,2258.00000000,1
1531239215595,1531239215591,2645011,0.00000267,3457.00000000,0
1531239216666,1531239216663,2645012,0.00000268,3457.00000000,0
1531239216751,1531239216749,2645013,0.00000267,3450.00000000,1
1531239217527,1531239217524,2645014,0.00000267,7.00000000,1
1531239218720,1531239218716,2645015,0.00000266,470.00000000,1
1531239222714,1531239222712,2645016,0.00000266,2830.00000000,1
1531239226733,1531239226728,2645017,0.00000266,1490.00000000,1
1531239243386,1531239243382,2645018,0.00000266,414.00000000,1
1531239244650,1531239244646,2645019,0.00000266,18430.00000000,1
1531239290073,1531239290070,2645020,0.00000267,6531.00000000,0
1531239290083,1531239290080,2645021,0.00000267,1408.00000000,0
1531239398459,1531239398456,2645022,0.00000267,34893.00000000,0
1531239398492,1531239398490,2645023,0.00000267,8244.00000000,1
1531239400788,1531239400785,2645024,0.00000267,10228.00000000,1
1531239412970,1531239412968,2645025,0.00000267,10316.00000000,1
1531239425399,1531239425396,2645026,0.00000267,1530.00000000,1
1531239442606,1531239442604,2645027,0.00000267,9990.00000000,1
1531239449401,1531239449398,2645028,0.00000267,1530.00000000,1
1531239473169,1531239473165,2645029,0.00000267,1250.00000000,1
1531239496529,1531239496524,2645030,0.00000267,3252.00000000,1
1531239566676,1531239566671,2645031,0.00000266,1489.00000000,1
1531239588670,1531239588667,2645032,0.00000266,380.00000000,1
1531239644686,1531239644683,2645033,0.00000267,10675.00000000,0
1531239677987,1531239677983,2645034,0.00000266,5.00000000,1
1531239758897,1531239758894,2645035,0.00000267,1.00000000,0
1531239782667,1531239782662,2645036,0.00000267,1073.00000000,0
1531239816238,1531239816231,2645037,0.00000267,3625.00000000,0
1531239817415,1531239817409,2645038,0.00000266,3000.00000000,1
1531239817674,1531239817670,2645039,0.00000266,6000.00000000,1
1531239817941,1531239817936,2645040,0.00000266,400.00000000,1
1531239818202,1531239818199,2645041,0.00000266,10000.00000000,1
1531239818461,1531239818457,2645042,0.00000266,2000.00000000,1
1531239818714,1531239818709,2645043,0.00000266,1000.00000000,1
1531239853470,1531239853467,2645044,0.00000266,400.00000000,1
1531239853736,1531239853731,2645045,0.00000266,3000.00000000,1
1531239854987,1531239854982,2645046,0.00000266,10000.00000000,1
1531239855256,1531239855253,2645047,0.00000266,2000.00000000,1
1531239855515,1531239855512,2645048,0.00000266,1000.00000000,1
1531239855768,1531239855760,2645049,0.00000266,6000.00000000,1
1531239881256,1531239881252,2645050,0.00000266,2000.00000000,1
1531239881511,1531239881507,2645051,0.00000266,10000.00000000,1
1531239881752,1531239881748,2645052,0.00000266,1000.00000000,1
1531239891495,1531239891490,2645053,0.00000266,400.00000000,1
1531239891781,1531239891776,2645054,0.00000266,6000.00000000,1
1531239892441,1531239892436,2645055,0.00000266,3000.00000000,1
1531239912120,1531239912116,2645056,0.00000266,2000.00000000,1
1531239912378,1531239912374,2645057,0.00000266,10000.00000000,1
1531239912621,1531239912617,2645058,0.00000266,1000.00000000,1
1531239923857,1531239923854,2645059,0.00000266,400.00000000,1
1531239924125,1531239924119,2645060,0.00000266,6000.00000000,1
1531239924689,1531239924683,2645061,0.00000266,3000.00000000,1
1531239930237,1531239930232,2645062,0.00000266,305.00000000,1
1531239938062,1531239938058,2645063,0.00000266,2000.00000000,1
1531239938328,1531239938324,2645064,0.00000266,10000.00000000,1
1531239938596,1531239938593,2645065,0.00000266,1000.00000000,1
1531239950642,1531239950638,2645066,0.00000267,7.00000000,0
1531239950642,1531239950638,2645067,0.00000268,13.00000000,0
1531239953665,1531239953660,2645068,0.00000268,1.00000000,0
1531239955999,1531239955995,2645069,0.00000266,400.00000000,1
1531239956244,1531239956240,2645070,0.00000266,6000.00000000,1
1531239957030,1531239957027,2645071,0.00000266,3000.00000000,1
1531239973006,1531239972982,2645072,0.00000266,10000.00000000,1
1531239973243,1531239973239,2645073,0.00000266,2000.00000000,1
1531239973510,1531239973505,2645074,0.00000266,1000.00000000,1
1531239985691,1531239985683,2645075,0.00000266,59551.00000000,1
1531239988407,1531239988404,2645076,0.00000266,400.00000000,1
1531239988669,1531239988663,2645077,0.00000266,6000.00000000,1
1531239989305,1531239989302,2645078,0.00000266,3000.00000000,1
1531239995493,1531239995489,2645079,0.00000266,10000.00000000,1
1531240020315,1531240020310,2645080,0.00000266,10000.00000000,1
1531240020560,1531240020556,2645081,0.00000266,2000.00000000,1
1531240020845,1531240020840,2645082,0.00000266,400.00000000,1
1531240021104,1531240021099,2645083,0.00000266,2990.00000000,1
1531240021132,1531240021128,2645084,0.00000266,3004.00000000,0
1531240021585,1531240021582,2645085,0.00000266,3000.00000000,0
1531240028934,1531240028928,2645086,0.00000266,3840.00000000,0
1531240052630,1531240052623,2645087,0.00000265,10000.00000000,1
1531240052873,1531240052870,2645088,0.00000265,2000.00000000,1
1531240053126,1531240053122,2645089,0.00000265,400.00000000,1
1531240053383,1531240053377,2645090,0.00000265,6000.00000000,1
1531240054087,1531240054082,2645091,0.00000265,3000.00000000,1
1531240054331,1531240054328,2645092,0.00000265,1000.00000000,1
1531240063159,1531240063155,2645093,0.00000265,1.00000000,1
1531240072008,1531240072005,2645094,0.00000265,1.00000000,1
1531240085301,1531240085296,2645095,0.00000266,376.00000000,1
1531240086906,1531240086901,2645096,0.00000266,21024.00000000,0
1531240086906,1531240086901,2645097,0.00000267,33976.00000000,0
1531240088226,1531240088220,2645098,0.00000266,1000.00000000,0
1531240088226,1531240088220,2645099,0.00000267,51359.00000000,0
1531240115694,1531240115686,2645100,0.00000266,6000.00000000,1
1531240115837,1531240115831,2645101,0.00000266,100.00000000,1
1531240115938,1531240115934,2645102,0.00000266,400.00000000,1
1531240116205,1531240116200,2645103,0.00000266,10000.00000000,1
1531240116462,1531240116456,2645104,0.00000266,3000.00000000,1
1531240116726,1531240116720,2645105,0.00000266,1306.00000000,1
1531240116726,1531240116720,2645106,0.00000265,694.00000000,1
1531240116997,1531240116994,2645107,0.00000265,1000.00000000,1
1531240149829,1531240149823,2645108,0.00000266,3397.00000000,1
1531240149829,1531240149823,2645109,0.00000265,6603.00000000,1
1531240150099,1531240150094,2645110,0.00000265,2000.00000000,1
1531240150365,1531240150361,2645111,0.00000265,400.00000000,1
1531240150623,1531240150618,2645112,0.00000265,6000.00000000,1
1531240150889,1531240150883,2645113,0.00000265,3000.00000000,1
1531240151147,1531240151142,2645114,0.00000265,1000.00000000,1
1531240163775,1531240163772,2645115,0.00000267,8306.00000000,1
1531240176932,1531240176927,2645116,0.00000267,6000.00000000,1
1531240177211,1531240177206,2645117,0.00000267,400.00000000,1
1531240177462,1531240177457,2645118,0.00000267,3000.00000000,1
1531240177715,1531240177709,2645119,0.00000267,1000.00000000,1
1531240177986,1531240177982,2645120,0.00000267,2000.00000000,1
1531240179244,1531240179239,2645121,0.00000267,1118.00000000,1
1531240179244,1531240179239,2645122,0.00000266,8882.00000000,1
1531240213090,1531240213085,2645123,0.00000266,400.00000000,1
1531240220930,1531240220925,2645124,0.00000266,21834.00000000,0
1531240220930,1531240220925,2645125,0.00000267,33166.00000000,0
1531240223129,1531240223124,2645126,0.00000267,25212.00000000,0
1531240269944,1531240269940,2645127,0.00000266,515.00000000,1
1531240357817,1531240357812,2645128,0.00000267,3224.00000000,0
1531240359255,1531240359250,2645129,0.00000267,8873.00000000,1
