event_time,trade_time,trade_id,price,quantity,maker
1531210369501,1531210369497,10038062,0.00015283,23.00000000,0
1531210371446,1531210371445,10038063,0.00015284,23.00000000,0
1531210372358,1531210372353,10038064,0.00015284,23.00000000,0
1531210374713,1531210374709,10038065,0.00015285,23.00000000,0
1531210374713,1531210374709,10038066,0.00015287,14.00000000,0
1531210384647,1531210384642,10038067,0.00015274,555.00000000,0
1531210384662,1531210384658,10038068,0.00015267,361.00000000,1
1531210392499,1531210392495,10038069,0.00015266,9.00000000,1
1531210395295,1531210395290,10038070,0.00015278,23.00000000,0
1531210395652,1531210395647,10038071,0.00015279,500.00000000,0
1531210396568,1531210396564,10038072,0.00015282,523.00000000,0
1531210398505,1531210398501,10038073,0.00015278,16.00000000,0
1531210398533,1531210398529,10038074,0.00015281,16.00000000,0
1531210404817,1531210404810,10038075,0.00015263,2.00000000,1
1531210405561,1531210405560,10038076,0.00015278,322.00000000,0
1531210405578,1531210405574,10038077,0.00015294,1488.00000000,0
1531210405596,1531210405592,10038078,0.00015294,662.00000000,0
1531210406436,1531210406432,10038079,0.00015294,343.00000000,1
1531210406510,1531210406504,10038080,0.00015294,319.00000000,1
1531210422520,1531210422516,10038081,0.00015263,7.00000000,1
1531210450500,1531210450496,10038082,0.00015293,220.00000000,0
1531210466313,1531210466307,10038083,0.00015309,3.00000000,0
1531210471362,1531210471358,10038084,0.00015267,132.00000000,1
1531210473248,1531210473246,10038085,0.00015306,19.00000000,0
1531210474570,1531210474565,10038086,0.00015266,1.00000000,1
1531210535521,1531210535517,10038087,0.00015291,28.00000000,0
1531210552731,1531210552727,10038088,0.00015272,21.00000000,1
1531210564211,1531210564206,10038089,0.00015309,6.00000000,0
1531210569317,1531210569313,10038090,0.00015275,1237.00000000,1
1531210623661,1531210623657,10038091,0.00015277,1.00000000,1
1531210678880,1531210678874,10038092,0.00015260,7.00000000,1
1531210684334,1531210684330,10038093,0.00015263,1649.00000000,1
1531210684528,1531210684524,10038094,0.00015279,31.00000000,0
1531210707537,1531210707532,10038095,0.00015303,1.00000000,0
1531210712401,1531210712398,10038096,0.00015307,6.00000000,0
1531210713380,1531210713376,10038097,0.00015307,6.00000000,0
1531210727051,1531210727047,10038098,0.00015264,1235.00000000,1
1531210727069,1531210727065,10038099,0.00015264,477.00000000,1
1531210748996,1531210748992,10038100,0.00015267,30.00000000,1
1531210752977,1531210752973,10038101,0.00015267,165.00000000,0
1531210759358,1531210759353,10038102,0.00015265,660.00000000,1
1531210759387,1531210759382,10038103,0.00015265,100.00000000,0
1531210759416,1531210759411,10038104,0.00015265,13.00000000,0
1531210759436,1531210759432,10038105,0.00015265,32.00000000,0
1531210760441,1531210760436,10038106,0.00015265,13.00000000,1
1531210760475,1531210760471,10038107,0.00015264,17.00000000,0
1531210766017,1531210766013,10038108,0.00015261,1.00000000,1
1531210814630,1531210814626,10038109,0.00015269,1390.00000000,1
1531210833775,1531210833769,10038110,0.00015262,853.00000000,1
1531210867544,1531210867539,10038111,0.00015257,36.00000000,1
1531210871537,1531210871533,10038112,0.00015256,52.00000000,1
1531210898948,1531210898944,10038113,0.00015290,247.00000000,0
1531210898948,1531210898944,10038114,0.00015291,20.00000000,0
1531210898948,1531210898944,10038115,0.00015292,220.00000000,0
1531210898948,1531210898944,10038116,0.00015293,52.00000000,0
1531210898948,1531210898944,10038117,0.00015307,650.00000000,0
1531210898948,1531210898944,10038118,0.00015309,247.00000000,0
1531210959123,1531210959117,10038119,0.00015262,192.00000000,1
1531210959123,1531210959117,10038120,0.00015247,12.00000000,1
1531210959123,1531210959117,10038121,0.00015238,421.00000000,1
1531210959123,1531210959117,10038122,0.00015235,234.00000000,1
1531211033038,1531211033034,10038123,0.00015293,1.00000000,0
1531211056553,1531211056549,10038124,0.00015272,522.00000000,0
1531211077550,1531211077544,10038125,0.00015259,50.00000000,1
1531211080022,1531211080017,10038126,0.00015257,13.00000000,1
1531211097940,1531211097935,10038127,0.00015238,1749.00000000,1
1531211124509,1531211124505,10038128,0.00015238,1324.00000000,1
1531211132554,1531211132554,10038129,0.00015253,52.00000000,0
1531211136405,1531211136401,10038130,0.00015235,125.00000000,1
1531211136448,1531211136424,10038131,0.00015235,708.00000000,1
1531211142314,1531211142309,10038132,0.00015253,25.00000000,0
1531211149773,1531211149769,10038133,0.00015253,260.00000000,0
1531211154393,1531211154388,10038134,0.00015235,1263.00000000,1
1531211157506,1531211157502,10038135,0.00015234,52.00000000,1
1531211157506,1531211157502,10038136,0.00015224,14.00000000,1
1531211175117,1531211175111,10038137,0.00015267,2.00000000,0
1531211194639,1531211194634,10038138,0.00015228,1119.00000000,1
1531211207540,1531211207536,10038139,0.00015267,20.00000000,0
1531211207540,1531211207536,10038140,0.00015268,52.00000000,0
1531211207540,1531211207536,10038141,0.00015286,43.00000000,0
1531211210515,1531211210511,10038142,0.00015262,2.00000000,0
1531211213570,1531211213565,10038143,0.00015244,324.00000000,0
1531211213584,1531211213581,10038144,0.00015262,863.00000000,0
1531211213597,1531211213593,10038145,0.00015262,1288.00000000,0
1531211213628,1531211213623,10038146,0.00015263,9.00000000,0
1531211213636,1531211213631,10038147,0.00015262,2.00000000,1
1531211224069,1531211224063,10038148,0.00015286,83.00000000,0
1531211252008,1531211252003,10038149,0.00015285,1165.00000000,0
1531211270584,1531211270580,10038150,0.00015262,19.00000000,1
1531211270584,1531211270580,10038151,0.00015261,23.00000000,1
1531211310597,1531211310592,10038152,0.00015261,19.00000000,0
1531211314552,1531211314547,10038153,0.00015245,21.00000000,1
1531211314582,1531211314578,10038154,0.00015245,437.00000000,1
1531211364326,1531211364321,10038155,0.00015245,49.00000000,1
1531211364353,1531211364349,10038156,0.00015245,818.00000000,1
1531211381005,1531211380999,10038157,0.00015246,1276.00000000,1
1531211381033,1531211381026,10038158,0.00015246,923.00000000,1
1531211405868,1531211405864,10038159,0.00015255,1057.00000000,0
1531211405883,1531211405878,10038160,0.00015266,1420.00000000,0
1531211419261,1531211419257,10038161,0.00015246,1523.00000000,1
1531211431600,1531211431594,10038162,0.00015245,43.00000000,1
1531211432605,1531211432600,10038163,0.00015244,68.00000000,1
1531211454955,1531211454949,10038164,0.00015237,1482.00000000,1
1531211454977,1531211454972,10038165,0.00015237,696.00000000,1
1531211475554,1531211475549,10038166,0.00015246,630.00000000,0
1531211475566,1531211475562,10038167,0.00015257,506.00000000,0
1531211475577,1531211475572,10038168,0.00015257,595.00000000,0
1531211484630,1531211484626,10038169,0.00015246,7.00000000,1
1531211484775,1531211484770,10038170,0.00015245,369.00000000,1
1531211484789,1531211484786,10038171,0.00015245,1760.00000000,1
1531211486192,1531211486186,10038172,0.00015237,43.00000000,1
1531211486192,1531211486186,10038173,0.00015235,9.00000000,1
1531211487414,1531211487414,10038174,0.00015235,43.00000000,1
1531211487515,1531211487509,10038175,0.00015265,43.00000000,0
1531211487515,1531211487509,10038176,0.00015266,7.00000000,0
1531211487515,1531211487509,10038177,0.00015267,19.00000000,0
1531211487515,1531211487509,10038178,0.00015283,19.00000000,0
1531211487515,1531211487509,10038179,0.00015284,4.00000000,0
1531211491634,1531211491630,10038180,0.00015248,26.00000000,1
1531211493630,1531211493627,10038181,0.00015250,129.00000000,1
1531211499640,1531211499636,10038182,0.00015249,86.00000000,1
1531211500695,1531211500690,10038183,0.00015250,26.00000000,1
1531211502638,1531211502634,10038184,0.00015239,86.00000000,1
1531211503632,1531211503627,10038185,0.00015243,194.00000000,1
1531211504638,1531211504634,10038186,0.00015244,26.00000000,1
1531211505720,1531211505716,10038187,0.00015243,127.00000000,1
1531211514435,1531211514429,10038188,0.00015224,44.00000000,1
1531211529276,1531211529272,10038189,0.00015246,26.00000000,0
1531211530103,1531211530099,10038190,0.00015252,26.00000000,0
1531211530661,1531211530661,10038191,0.00015246,26.00000000,0
1531211540208,1531211540205,10038192,0.00015252,49.00000000,0
1531211545612,1531211545607,10038193,0.00015240,888.00000000,0
1531211545624,1531211545620,10038194,0.00015252,1542.00000000,0
1531211545698,1531211545694,10038195,0.00015252,49.00000000,1
1531211547247,1531211547242,10038196,0.00015253,8.00000000,0
1531211555640,1531211555636,10038197,0.00015253,18.00000000,0
1531211569159,1531211569156,10038198,0.00015277,5.00000000,0
1531211574713,1531211574708,10038199,0.00015246,9.00000000,1
1531211595578,1531211595573,10038200,0.00015244,1090.00000000,1
1531211595599,1531211595599,10038201,0.00015243,262.00000000,1
1531211610531,1531211610526,10038202,0.00015231,66.00000000,1
1531211635889,1531211635885,10038203,0.00015242,1225.00000000,0
1531211635901,1531211635897,10038204,0.00015231,515.00000000,1
1531211636558,1531211636554,10038205,0.00015275,2.00000000,0
1531211637886,1531211637880,10038206,0.00015261,7.00000000,0
1531211637886,1531211637880,10038207,0.00015274,58.00000000,0
1531211656498,1531211656494,10038208,0.00015257,1.00000000,0
1531211668133,1531211668128,10038209,0.00015257,6.00000000,0
1531211668133,1531211668128,10038210,0.00015258,194.00000000,0
1531211675761,1531211675756,10038211,0.00015244,1050.00000000,0
1531211675768,1531211675764,10038212,0.00015257,1363.00000000,0
1531211679282,1531211679277,10038213,0.00015253,2.00000000,0
1531211682222,1531211682218,10038214,0.00015233,1149.00000000,1
1531211683743,1531211683738,10038215,0.00015232,11.00000000,1
1531211683774,1531211683771,10038216,0.00015231,12.00000000,1
1531211685659,1531211685653,10038217,0.00015230,52.00000000,1
1531211705092,1531211705087,10038218,0.00015224,515.00000000,1
1531211709657,1531211709652,10038219,0.00015221,86.00000000,1
1531211709665,1531211709660,10038220,0.00015224,14.00000000,0
1531211711668,1531211711666,10038221,0.00015220,389.00000000,1
1531211715844,1531211715840,10038222,0.00015209,193.00000000,1
1531211716609,1531211716605,10038223,0.00015208,52.00000000,1
1531211716610,1531211716605,10038224,0.00015200,132.00000000,1
1531211716610,1531211716605,10038225,0.00015194,10.00000000,1
1531211716610,1531211716605,10038226,0.00015191,2032.00000000,1
1531211716610,1531211716605,10038227,0.00015188,288.00000000,1
1531211720869,1531211720865,10038228,0.00015209,123.00000000,1
1531211721666,1531211721663,10038229,0.00015209,100.00000000,1
1531211737672,1531211737668,10038230,0.00015212,92.00000000,0
1531211740988,1531211740984,10038231,0.00015198,489.00000000,1
1531211742058,1531211742053,10038232,0.00015197,466.00000000,1
1531211746143,1531211746139,10038233,0.00015210,14.00000000,0
1531211748620,1531211748617,10038234,0.00015208,42.00000000,0
1531211757741,1531211757737,10038235,0.00015206,44.00000000,0
1531211761556,1531211761552,10038236,0.00015205,661.00000000,0
1531211762941,1531211762937,10038237,0.00015205,842.00000000,0
1531211763671,1531211763665,10038238,0.00015205,428.00000000,0
1531211763690,1531211763686,10038239,0.00015207,23.00000000,0
1531211764742,1531211764737,10038240,0.00015204,8.00000000,0
1531211778451,1531211778448,10038241,0.00015213,8.00000000,0
1531211783707,1531211783703,10038242,0.00015213,20.00000000,0
1531211789463,1531211789458,10038243,0.00015192,10.00000000,1
1531211795683,1531211795678,10038244,0.00015182,30.00000000,1
1531211817896,1531211817892,10038245,0.00015179,1402.00000000,1
1531211817915,1531211817910,10038246,0.00015179,715.00000000,1
1531211819396,1531211819392,10038247,0.00015217,1.00000000,0
1531211857872,1531211857868,10038248,0.00015197,1050.00000000,0
1531211857889,1531211857886,10038249,0.00015182,1340.00000000,1
1531211857905,1531211857901,10038250,0.00015182,633.00000000,1
1531211861738,1531211861735,10038251,0.00015203,9.00000000,0
1531211872330,1531211872326,10038252,0.00015207,1.00000000,0
1531211884177,1531211884172,10038253,0.00015203,84.00000000,0
1531211884205,1531211884201,10038254,0.00015207,269.00000000,1
1531211885739,1531211885736,10038255,0.00015189,1536.00000000,1
1531211892316,1531211892311,10038256,0.00015193,1899.00000000,0
1531211892325,1531211892322,10038257,0.00015184,1397.00000000,1
1531211900685,1531211900680,10038258,0.00015195,28.00000000,0
1531211905555,1531211905549,10038259,0.00015184,115.00000000,1
1531211905573,1531211905569,10038260,0.00015184,1567.00000000,1
1531211907922,1531211907921,10038261,0.00015202,7.00000000,0
1531211917608,1531211917603,10038262,0.00015186,1295.00000000,1
1531211926687,1531211926682,10038263,0.00015185,40.00000000,1
1531211927607,1531211927602,10038264,0.00015203,19.00000000,0
1531211929670,1531211929667,10038265,0.00015203,1.00000000,0
1531211930306,1531211930301,10038266,0.00015203,8.00000000,0
1531211934271,1531211934266,10038267,0.00015180,643.00000000,1
1531211943970,1531211943967,10038268,0.00015191,143.00000000,0
1531211943985,1531211943980,10038269,0.00015180,120.00000000,1
1531211944005,1531211944000,10038270,0.00015180,74.00000000,1
1531211955097,1531211955091,10038271,0.00015180,33.00000000,0
1531211955102,1531211955096,10038272,0.00015180,45.00000000,0
1531211955108,1531211955104,10038273,0.00015180,34.00000000,0
1531211955117,1531211955113,10038274,0.00015180,34.00000000,0
1531211955128,1531211955124,10038275,0.00015180,239.00000000,0
1531211955154,1531211955149,10038276,0.00015180,34.00000000,0
1531211955692,1531211955689,10038277,0.00015180,180.00000000,0
1531211960082,1531211960077,10038278,0.00015180,86.00000000,1
1531211960082,1531211960077,10038279,0.00015179,22.00000000,1
1531211966079,1531211966075,10038280,0.00015179,247.00000000,1
1531211966108,1531211966103,10038281,0.00015179,320.00000000,1
1531211976531,1531211976527,10038282,0.00015188,1407.00000000,0
1531211976546,1531211976541,10038283,0.00015188,157.00000000,1
1531211976546,1531211976541,10038284,0.00015179,909.00000000,1
1531211976558,1531211976554,10038285,0.00015179,1353.00000000,1
1531211985461,1531211985456,10038286,0.00015188,2470.00000000,0
1531211985475,1531211985472,10038287,0.00015179,1488.00000000,1
1531211992221,1531211992216,10038288,0.00015181,1532.00000000,1
1531212015844,1531212015840,10038289,0.00015188,1047.00000000,0
1531212015858,1531212015854,10038290,0.00015181,1661.00000000,1
1531212015878,1531212015874,10038291,0.00015181,485.00000000,1
1531212022611,1531212022607,10038292,0.00015189,421.00000000,0
1531212022619,1531212022614,10038293,0.00015182,257.00000000,1
1531212022645,1531212022641,10038294,0.00015181,8.00000000,1
1531212044287,1531212044286,10038295,0.00015194,3.00000000,0
1531212044646,1531212044641,10038296,0.00015179,157.00000000,1
1531212044667,1531212044663,10038297,0.00015179,1427.00000000,1
1531212060554,1531212060550,10038298,0.00015179,1219.00000000,1
1531212060567,1531212060562,10038299,0.00015179,296.00000000,1
1531212085235,1531212085230,10038300,0.00015187,487.00000000,0
1531212085251,1531212085246,10038301,0.00015179,295.00000000,1
1531212085267,1531212085264,10038302,0.00015179,420.00000000,1
1531212094120,1531212094116,10038303,0.00015196,1.00000000,0
1531212099321,1531212099317,10038304,0.00015179,1141.00000000,1
1531212099338,1531212099334,10038305,0.00015178,105.00000000,1
1531212099341,1531212099335,10038306,0.00015175,9.00000000,1
1531212122429,1531212122425,10038307,0.00015190,24.00000000,0
1531212122566,1531212122561,10038308,0.00015191,77.00000000,0
1531212128705,1531212128701,10038309,0.00015188,16.00000000,0
1531212133599,1531212133596,10038310,0.00015166,10.00000000,1
1531212138581,1531212138577,10038311,0.00015188,1.00000000,0
1531212138735,1531212138731,10038312,0.00015167,86.00000000,1
1531212138735,1531212138731,10038313,0.00015166,1197.00000000,1
1531212165552,1531212165548,10038314,0.00015166,1390.00000000,1
1531212165575,1531212165570,10038315,0.00015166,1029.00000000,1
1531212175165,1531212175161,10038316,0.00015176,2242.00000000,0
1531212175180,1531212175176,10038317,0.00015165,883.00000000,1
1531212179714,1531212179710,10038318,0.00015188,15.00000000,0
1531212187697,1531212187692,10038319,0.00015188,10.00000000,0
1531212187697,1531212187692,10038320,0.00015198,10.00000000,0
1531212187697,1531212187692,10038321,0.00015206,5.00000000,0
1531212194205,1531212194204,10038322,0.00015207,2.00000000,0
1531212197385,1531212197381,10038323,0.00015207,1.00000000,0
1531212201743,1531212201738,10038324,0.00015193,170.00000000,0
1531212262501,1531212262497,10038325,0.00015207,2.00000000,0
1531212297167,1531212297162,10038326,0.00015176,368.00000000,1
1531212297185,1531212297180,10038327,0.00015176,685.00000000,1
1531212355205,1531212355200,10038328,0.00015201,25.00000000,1
1531212355233,1531212355229,10038329,0.00015201,175.00000000,1
1531212355314,1531212355310,10038330,0.00015201,25.00000000,1
1531212384247,1531212384242,10038331,0.00015184,43.00000000,1
1531212416212,1531212416208,10038332,0.00015179,110.00000000,0
1531212416234,1531212416228,10038333,0.00015166,80.00000000,1
1531212431608,1531212431602,10038334,0.00015166,352.00000000,1
1531212433811,1531212433806,10038335,0.00015166,770.00000000,1
1531212433826,1531212433822,10038336,0.00015165,11.00000000,1
1531212433827,1531212433823,10038337,0.00015163,201.00000000,1
1531212443032,1531212443027,10038338,0.00015176,21.00000000,0
1531212443045,1531212443041,10038339,0.00015182,21.00000000,0
1531212443270,1531212443265,10038340,0.00015176,21.00000000,1
1531212450928,1531212450924,10038341,0.00015188,1.00000000,0
1531212454834,1531212454829,10038342,0.00015164,16.00000000,1
1531212454834,1531212454829,10038343,0.00015156,16.00000000,1
1531212454834,1531212454829,10038344,0.00015155,252.00000000,1
1531212454834,1531212454829,10038345,0.00015151,18.00000000,1
1531212454834,1531212454829,10038346,0.00015150,2498.00000000,1
1531212474500,1531212474496,10038347,0.00015160,767.00000000,0
1531212474507,1531212474504,10038348,0.00015151,362.00000000,1
1531212474918,1531212474915,10038349,0.00015160,18.00000000,1
1531212479770,1531212479765,10038350,0.00015169,16.00000000,0
1531212479770,1531212479765,10038351,0.00015172,16.00000000,0
1531212479828,1531212479822,10038352,0.00015188,40.00000000,1
1531212479872,1531212479867,10038353,0.00015188,15.00000000,1
1531212480023,1531212480019,10038354,0.00015188,15.00000000,1
1531212480351,1531212480347,10038355,0.00015188,147.00000000,1
1531212486988,1531212486982,10038356,0.00015190,7.00000000,0
1531212495662,1531212495658,10038357,0.00015163,14.00000000,1
1531212495748,1531212495743,10038358,0.00015163,6.00000000,1
1531212516206,1531212516202,10038359,0.00015154,451.00000000,1
1531212516226,1531212516221,10038360,0.00015154,1065.00000000,1
1531212523760,1531212523756,10038361,0.00015170,240.00000000,0
1531212523786,1531212523782,10038362,0.00015170,212.00000000,0
1531212528579,1531212528573,10038363,0.00015168,66.00000000,0
1531212530538,1531212530534,10038364,0.00015168,34.00000000,0
1531212531685,1531212531681,10038365,0.00015168,47.00000000,0
1531212531685,1531212531681,10038366,0.00015170,19.00000000,0
1531212531704,1531212531701,10038367,0.00015170,81.00000000,0
1531212535274,1531212535269,10038368,0.00015167,341.00000000,0
1531212535282,1531212535278,10038369,0.00015156,211.00000000,1
1531212545615,1531212545611,10038370,0.00015187,9.00000000,0
1531212565537,1531212565533,10038371,0.00015182,8.00000000,0
1531212565537,1531212565533,10038372,0.00015185,11.00000000,0
1531212565537,1531212565533,10038373,0.00015188,1.00000000,0
1531212573141,1531212573136,10038374,0.00015165,500.00000000,1
1531212573156,1531212573151,10038375,0.00015155,16.00000000,1
1531212573174,1531212573168,10038376,0.00015153,2484.00000000,1
1531212583746,1531212583741,10038377,0.00015170,25.00000000,1
1531212584361,1531212584355,10038378,0.00015159,1519.00000000,1
1531212588003,1531212587996,10038379,0.00015150,469.00000000,1
1531212596682,1531212596678,10038380,0.00015156,136.00000000,0
1531212596703,1531212596697,10038381,0.00015142,1103.00000000,1
1531212596724,1531212596718,10038382,0.00015142,63.00000000,1
1531212602018,1531212602010,10038383,0.00015141,74.00000000,1
1531212602018,1531212602010,10038384,0.00015138,77.00000000,1
1531212602018,1531212602010,10038385,0.00015137,17.00000000,1
1531212602018,1531212602010,10038386,0.00015136,102.00000000,1
1531212602018,1531212602010,10038387,0.00015135,58.00000000,1
1531212602018,1531212602010,10038388,0.00015134,143.00000000,1
1531212602477,1531212602473,10038389,0.00015131,179.00000000,1
1531212603926,1531212603922,10038390,0.00015131,100.00000000,1
1531212605433,1531212605429,10038391,0.00015131,1.00000000,1
1531212615312,1531212615308,10038392,0.00015148,789.00000000,0
1531212615324,1531212615320,10038393,0.00015133,215.00000000,1
1531212615343,1531212615338,10038394,0.00015133,506.00000000,1
1531212623741,1531212623735,10038395,0.00015174,9.00000000,1
1531212638227,1531212638221,10038396,0.00015134,1137.00000000,1
1531212638242,1531212638238,10038397,0.00015134,1037.00000000,1
1531212640771,1531212640767,10038398,0.00015167,16.00000000,0
1531212640775,1531212640771,10038399,0.00015174,87.00000000,1
1531212640948,1531212640944,10038400,0.00015174,198.00000000,1
1531212640952,1531212640947,10038401,0.00015174,66.00000000,1
1531212641535,1531212641533,10038402,0.00015174,87.00000000,1
1531212641741,1531212641737,10038403,0.00015174,240.00000000,1
1531212658747,1531212658743,10038404,0.00015147,45.00000000,0
1531212695340,1531212695334,10038405,0.00015148,16.00000000,1
1531212695947,1531212695942,10038406,0.00015159,922.00000000,0
1531212695960,1531212695956,10038407,0.00015172,782.00000000,0
1531212707323,1531212707317,10038408,0.00015172,16.00000000,0
1531212707323,1531212707317,10038409,0.00015173,47.00000000,0
1531212715102,1531212715098,10038410,0.00015160,1246.00000000,0
1531212715109,1531212715104,10038411,0.00015172,588.00000000,0
1531212722787,1531212722783,10038412,0.00015173,13.00000000,0
1531212723752,1531212723747,10038413,0.00015173,17.00000000,1
1531212724269,1531212724264,10038414,0.00015150,16.00000000,1
1531212724269,1531212724264,10038415,0.00015149,1371.00000000,1
1531212724742,1531212724737,10038416,0.00015149,149.00000000,0
1531212737710,1531212737704,10038417,0.00015147,2.00000000,1
1531212743285,1531212743280,10038418,0.00015167,91.00000000,0
1531212748442,1531212748436,10038419,0.00015157,292.00000000,0
1531212748461,1531212748455,10038420,0.00015167,427.00000000,0
1531212748481,1531212748477,10038421,0.00015167,804.00000000,0
1531212748757,1531212748753,10038422,0.00015167,91.00000000,1
1531212749747,1531212749742,10038423,0.00015168,28.00000000,0
1531212757127,1531212757122,10038424,0.00015171,16.00000000,0
1531212757756,1531212757752,10038425,0.00015172,33.00000000,1
1531212763819,1531212763816,10038426,0.00015174,24.00000000,0
1531212775515,1531212775511,10038427,0.00015175,1613.00000000,0
1531212791746,1531212791742,10038428,0.00015175,877.00000000,0
1531212791746,1531212791742,10038429,0.00015176,1165.00000000,0
1531212791783,1531212791779,10038430,0.00015176,877.00000000,0
1531212792862,1531212792857,10038431,0.00015176,2587.00000000,0
1531212793875,1531212793871,10038432,0.00015179,10.00000000,0
1531212794043,1531212794038,10038433,0.00015188,7.00000000,0
1531212794043,1531212794038,10038434,0.00015190,870.00000000,0
1531212795111,1531212795105,10038435,0.00015193,53.00000000,0
1531212796129,1531212796124,10038436,0.00015195,201.00000000,0
1531212797273,1531212797268,10038437,0.00015199,13.00000000,0
1531212798460,1531212798459,10038438,0.00015207,264.00000000,0
1531212799753,1531212799749,10038439,0.00015219,9.00000000,0
1531212800744,1531212800740,10038440,0.00015221,650.00000000,0
1531212800772,1531212800768,10038441,0.00015225,634.00000000,0
1531212801895,1531212801889,10038442,0.00015218,53.00000000,0
1531212803091,1531212803086,10038443,0.00015218,134.00000000,0
1531212804101,1531212804097,10038444,0.00015226,53.00000000,0
1531212805455,1531212805451,10038445,0.00015228,8.00000000,0
1531212806453,1531212806449,10038446,0.00015230,24.00000000,0
1531212807700,1531212807696,10038447,0.00015236,52.00000000,0
1531212811134,1531212811129,10038448,0.00015244,9.00000000,0
1531212812484,1531212812479,10038449,0.00015216,7.00000000,1
1531212813633,1531212813628,10038450,0.00015216,14.00000000,1
1531212833384,1531212833379,10038451,0.00015210,7.00000000,1
1531212833753,1531212833748,10038452,0.00015211,17.00000000,0
1531212835758,1531212835754,10038453,0.00015218,23.00000000,0
1531212836799,1531212836795,10038454,0.00015210,30.00000000,1
1531212838751,1531212838746,10038455,0.00015212,53.00000000,1
1531212839771,1531212839766,10038456,0.00015212,53.00000000,1
1531212860771,1531212860766,10038457,0.00015212,100.00000000,0
1531212874774,1531212874770,10038458,0.00015199,7.00000000,0
1531212884101,1531212884096,10038459,0.00015201,2.00000000,0
1531212884892,1531212884887,10038460,0.00015201,1258.00000000,0
1531212903111,1531212903105,10038461,0.00015200,680.00000000,0
1531212903125,1531212903121,10038462,0.00015181,540.00000000,1
1531212921072,1531212921067,10038463,0.00015216,18.00000000,0
1531212930796,1531212930793,10038464,0.00015212,29.00000000,0
1531212944825,1531212944821,10038465,0.00015212,1626.00000000,0
1531212944847,1531212944842,10038466,0.00015212,858.00000000,0
1531212965914,1531212965910,10038467,0.00015197,1372.00000000,1
1531212975100,1531212975097,10038468,0.00015207,1308.00000000,0
1531212975117,1531212975113,10038469,0.00015197,439.00000000,1
1531212996944,1531212996940,10038470,0.00015197,1748.00000000,1
1531212996969,1531212996964,10038471,0.00015197,51.00000000,1
1531213015654,1531213015649,10038472,0.00015206,457.00000000,0
1531213015671,1531213015666,10038473,0.00015197,1200.00000000,1
1531213015693,1531213015689,10038474,0.00015197,160.00000000,1
1531213020123,1531213020118,10038475,0.00015214,438.00000000,0
1531213029917,1531213029914,10038476,0.00015218,83.00000000,0
1531213030999,1531213030994,10038477,0.00015221,39.00000000,0
1531213034766,1531213034762,10038478,0.00015202,70.00000000,1
1531213034787,1531213034782,10038479,0.00015202,17.00000000,1
1531213034952,1531213034946,10038480,0.00015201,1724.00000000,1
1531213047189,1531213047185,10038481,0.00015201,39.00000000,1
1531213049402,1531213049397,10038482,0.00015201,150.00000000,1
1531213064803,1531213064796,10038483,0.00015200,375.00000000,1
1531213064826,1531213064822,10038484,0.00015200,1565.00000000,1
1531213065875,1531213065871,10038485,0.00015200,150.00000000,1
1531213065899,1531213065894,10038486,0.00015201,1648.00000000,0
1531213065915,1531213065911,10038487,0.00015201,53.00000000,0
1531213065923,1531213065918,10038488,0.00015201,1468.00000000,0
1531213066930,1531213066924,10038489,0.00015202,53.00000000,0
1531213074798,1531213074792,10038490,0.00015219,26.00000000,0
1531213074798,1531213074792,10038491,0.00015221,5.00000000,0
1531213074806,1531213074800,10038492,0.00015221,8.00000000,0
1531213088693,1531213088688,10038493,0.00015212,650.00000000,0
1531213088707,1531213088702,10038494,0.00015202,551.00000000,1
1531213088725,1531213088721,10038495,0.00015201,688.00000000,1
1531213104859,1531213104855,10038496,0.00015201,152.00000000,1
1531213105798,1531213105793,10038497,0.00015200,161.00000000,1
1531213105798,1531213105794,10038498,0.00015200,13.00000000,1
1531213105809,1531213105804,10038499,0.00015200,51.00000000,1
1531213106807,1531213106803,10038500,0.00015196,24.00000000,1
1531213106810,1531213106805,10038501,0.00015195,146.00000000,1
1531213112798,1531213112794,10038502,0.00015202,23.00000000,0
1531213112798,1531213112794,10038503,0.00015202,2.00000000,0
1531213112819,1531213112814,10038504,0.00015203,23.00000000,0
1531213112819,1531213112814,10038505,0.00015207,39.00000000,0
1531213117828,1531213117823,10038506,0.00015210,62.00000000,0
1531213134175,1531213134171,10038507,0.00015211,1123.00000000,0
1531213134186,1531213134181,10038508,0.00015221,541.00000000,0
1531213134207,1531213134203,10038509,0.00015221,1504.00000000,0
1531213146921,1531213146917,10038510,0.00015212,1888.00000000,0
1531213146940,1531213146936,10038511,0.00015202,1276.00000000,1
1531213155212,1531213155208,10038512,0.00015202,51.00000000,1
1531213166811,1531213166807,10038513,0.00015202,100.00000000,0
1531213172545,1531213172540,10038514,0.00015202,430.00000000,1
1531213172623,1531213172619,10038515,0.00015219,8.00000000,0
1531213182041,1531213182036,10038516,0.00015219,13.00000000,0
1531213195993,1531213195988,10038517,0.00015202,1312.00000000,1
1531213196018,1531213196014,10038518,0.00015201,1114.00000000,1
1531213285489,1531213285484,10038519,0.00015222,8.00000000,0
1531213303174,1531213303169,10038520,0.00015197,725.00000000,1
1531213309055,1531213309050,10038521,0.00015198,19.00000000,1
1531213309249,1531213309245,10038522,0.00015195,81.00000000,1
1531213336703,1531213336698,10038523,0.00015197,1395.00000000,1
1531213364681,1531213364674,10038524,0.00015197,808.00000000,1
1531213387435,1531213387431,10038525,0.00015196,30.00000000,1
1531213388056,1531213388052,10038526,0.00015205,38.00000000,0
1531213388070,1531213388066,10038527,0.00015215,92.00000000,0
1531213388081,1531213388077,10038528,0.00015215,20.00000000,0
1531213404808,1531213404804,10038529,0.00015215,1391.00000000,0
1531213404829,1531213404824,10038530,0.00015215,1054.00000000,0
1531213454730,1531213454726,10038531,0.00015197,831.00000000,1
1531213473072,1531213473068,10038532,0.00015215,251.00000000,0
1531213473089,1531213473085,10038533,0.00015215,1423.00000000,0
1531213495806,1531213495801,10038534,0.00015197,1226.00000000,1
1531213495825,1531213495820,10038535,0.00015197,750.00000000,1
1531213495833,1531213495828,10038536,0.00015197,366.00000000,1
1531213495865,1531213495859,10038537,0.00015196,663.00000000,1
1531213496859,1531213496855,10038538,0.00015197,750.00000000,0
1531213497899,1531213497895,10038539,0.00015196,327.00000000,1
1531213514392,1531213514386,10038540,0.00015187,1382.00000000,1
1531213514861,1531213514856,10038541,0.00015186,329.00000000,1
1531213531192,1531213531186,10038542,0.00015207,1.00000000,0
1531213537315,1531213537302,10038543,0.00015176,1142.00000000,1
1531213540641,1531213540637,10038544,0.00015199,17.00000000,0
1531213561925,1531213561921,10038545,0.00015175,9.00000000,1
1531213570502,1531213570496,10038546,0.00015165,10.00000000,1
1531213579465,1531213579460,10038547,0.00015165,395.00000000,1
1531213579465,1531213579460,10038548,0.00015161,53.00000000,1
1531213579465,1531213579460,10038549,0.00015154,8.00000000,1
1531213579465,1531213579460,10038550,0.00015151,44.00000000,1
1531213579465,1531213579460,10038551,0.00015147,18.00000000,1
1531213579465,1531213579460,10038552,0.00015142,396.00000000,1
1531213580042,1531213580038,10038553,0.00015194,19.00000000,0
1531213580042,1531213580038,10038554,0.00015195,146.00000000,0
1531213580052,1531213580047,10038555,0.00015200,488.00000000,1
1531213580071,1531213580067,10038556,0.00015200,347.00000000,1
1531213602842,1531213602838,10038557,0.00015195,99.00000000,0
1531213604555,1531213604549,10038558,0.00015173,1114.00000000,1
1531213608869,1531213608865,10038559,0.00015173,20.00000000,0
1531213626030,1531213626026,10038560,0.00015173,1225.00000000,1
1531213628229,1531213628225,10038561,0.00015171,10.00000000,1
1531213629509,1531213629503,10038562,0.00015171,7.00000000,1
1531213629881,1531213629877,10038563,0.00015169,10.00000000,0
1531213653874,1531213653870,10038564,0.00015169,317.00000000,0
1531213654920,1531213654917,10038565,0.00015150,69.00000000,1
1531213657593,1531213657589,10038566,0.00015186,7.00000000,0
1531213661252,1531213661247,10038567,0.00015185,3.00000000,0
1531213663648,1531213663644,10038568,0.00015185,110.00000000,0
1531213714947,1531213714942,10038569,0.00015166,485.00000000,1
1531213725883,1531213725879,10038570,0.00015165,181.00000000,1
1531213776684,1531213776679,10038571,0.00015146,46.00000000,1
1531213776684,1531213776679,10038572,0.00015140,40.00000000,1
1531213779154,1531213779148,10038573,0.00015147,92.00000000,1
1531213782007,1531213782001,10038574,0.00015146,38.00000000,1
1531213790286,1531213790282,10038575,0.00015139,17.00000000,1
1531213799002,1531213798998,10038576,0.00015147,9.00000000,1
1531213814884,1531213814879,10038577,0.00015163,8.00000000,0
1531213816916,1531213816893,10038578,0.00015170,347.00000000,0
1531213834489,1531213834486,10038579,0.00015168,1147.00000000,0
1531213834503,1531213834498,10038580,0.00015191,1303.00000000,0
1531213853868,1531213853865,10038581,0.00015188,10.00000000,0
1531213896547,1531213896541,10038582,0.00015181,7.00000000,0
1531213897695,1531213897690,10038583,0.00015153,40.00000000,1
1531213899001,1531213898997,10038584,0.00015153,44.00000000,1
1531213904012,1531213904007,10038585,0.00015154,16.00000000,1
1531213906015,1531213906011,10038586,0.00015153,9.00000000,1
1531213908005,1531213908000,10038587,0.00015153,10.00000000,1
1531213909005,1531213909000,10038588,0.00015152,32.00000000,1
1531213930011,1531213930008,10038589,0.00015152,4597.00000000,1
1531213931014,1531213931009,10038590,0.00015163,147.00000000,1
1531213946891,1531213946887,10038591,0.00015163,62.00000000,0
1531213947168,1531213947165,10038592,0.00015154,1640.00000000,1
1531213948965,1531213948960,10038593,0.00015167,375.00000000,0
1531213948965,1531213948962,10038594,0.00015167,375.00000000,0
1531213948974,1531213948970,10038595,0.00015167,375.00000000,0
1531213948977,1531213948973,10038596,0.00015167,375.00000000,0
1531213948995,1531213948992,10038597,0.00015167,577.00000000,0
1531213949003,1531213948998,10038598,0.00015167,16.00000000,0
1531213949917,1531213949913,10038599,0.00015166,190.00000000,0
1531213949992,1531213949989,10038600,0.00015167,49.00000000,0
1531213975441,1531213975435,10038601,0.00015153,1708.00000000,1
1531213975487,1531213975482,10038602,0.00015160,198.00000000,0
1531213979009,1531213979004,10038603,0.00015167,15.00000000,1
1531213988549,1531213988543,10038604,0.00015142,1635.00000000,1
1531213991016,1531213991011,10038605,0.00015141,3.00000000,1
1531213991966,1531213991962,10038606,0.00015141,3.00000000,1
1531214005554,1531214005550,10038607,0.00015142,930.00000000,1
1531214005565,1531214005560,10038608,0.00015142,1097.00000000,1
1531214021012,1531214021009,10038609,0.00015175,1.00000000,0
1531214025597,1531214025594,10038610,0.00015159,743.00000000,0
1531214025611,1531214025606,10038611,0.00015144,590.00000000,1
1531214094209,1531214094203,10038612,0.00015167,1945.00000000,0
1531214094224,1531214094220,10038613,0.00015148,1707.00000000,1
1531214116488,1531214116483,10038614,0.00015145,846.00000000,1
1531214129353,1531214129349,10038615,0.00015152,42.00000000,1
1531214129364,1531214129359,10038616,0.00015151,44.00000000,1
1531214129433,1531214129429,10038617,0.00015151,152.00000000,1
1531214130297,1531214130290,10038618,0.00015147,90.00000000,1
1531214130494,1531214130488,10038619,0.00015147,75.00000000,1
1531214130626,1531214130623,10038620,0.00015147,658.00000000,1
1531214131741,1531214131736,10038621,0.00015147,876.00000000,1
1531214131769,1531214131764,10038622,0.00015146,19.00000000,1
1531214131908,1531214131903,10038623,0.00015147,1.00000000,0
1531214134915,1531214134911,10038624,0.00015143,18.00000000,0
1531214135171,1531214135167,10038625,0.00015143,179.00000000,0
1531214135171,1531214135167,10038626,0.00015144,100.00000000,0
1531214135208,1531214135204,10038627,0.00015146,377.00000000,1
1531214145138,1531214145133,10038628,0.00015141,1.00000000,1
1531214146825,1531214146821,10038629,0.00015141,17.00000000,1
1531214146829,1531214146825,10038630,0.00015139,6920.00000000,1
1531214146857,1531214146852,10038631,0.00015139,635.00000000,1
1531214146857,1531214146852,10038632,0.00015138,650.00000000,1
1531214146857,1531214146852,10038633,0.00015131,63.00000000,1
1531214146857,1531214146852,10038634,0.00015129,42.00000000,1
1531214150551,1531214150546,10038635,0.00015156,42.00000000,0
1531214154944,1531214154940,10038636,0.00015146,14.00000000,0
1531214156182,1531214156178,10038637,0.00015146,42.00000000,0
1531214157203,1531214157198,10038638,0.00015157,4.00000000,0
1531214158065,1531214158062,10038639,0.00015157,14.00000000,0
1531214161303,1531214161300,10038640,0.00015157,24.00000000,0
1531214166919,1531214166915,10038641,0.00015157,251.00000000,1
1531214180592,1531214180588,10038642,0.00015163,16.00000000,0
1531214180592,1531214180588,10038643,0.00015164,104.00000000,0
1531214181328,1531214181322,10038644,0.00015135,1364.00000000,1
1531214183910,1531214183906,10038645,0.00015157,31.00000000,1
1531214193198,1531214193193,10038646,0.00015171,66.00000000,0
1531214194799,1531214194797,10038647,0.00015147,16.00000000,1
1531214194909,1531214194905,10038648,0.00015147,51.00000000,0
1531214205571,1531214205566,10038649,0.00015153,332.00000000,0
1531214205589,1531214205586,10038650,0.00015135,173.00000000,1
1531214217488,1531214217484,10038651,0.00015148,1445.00000000,0
1531214217498,1531214217492,10038652,0.00015135,569.00000000,1
1531214228821,1531214228817,10038653,0.00015134,53.00000000,1
1531214228821,1531214228817,10038654,0.00015129,252.00000000,1
1531214262034,1531214262029,10038655,0.00015172,1.00000000,0
1531214265648,1531214265644,10038656,0.00015152,1303.00000000,1
1531214266012,1531214266007,10038657,0.00015161,15.00000000,0
1531214296975,1531214296969,10038658,0.00015173,9.00000000,0
1531214299980,1531214299977,10038659,0.00015179,10.00000000,0
1531214301955,1531214301951,10038660,0.00015179,51.00000000,0
1531214314590,1531214314585,10038661,0.00015140,46.00000000,0
1531214314907,1531214314902,10038662,0.00015140,182.00000000,0
1531214321917,1531214321913,10038663,0.00015152,497.00000000,1
1531214321942,1531214321938,10038664,0.00015152,296.00000000,1
1531214336588,1531214336582,10038665,0.00015171,3.00000000,0
1531214339936,1531214339931,10038666,0.00015152,216.00000000,0
1531214340999,1531214340995,10038667,0.00015152,44.00000000,0
1531214344664,1531214344660,10038668,0.00015149,1341.00000000,1
1531214345567,1531214345561,10038669,0.00015152,43.00000000,0
1531214345572,1531214345567,10038670,0.00015152,288.00000000,0
1531214350169,1531214350164,10038671,0.00015171,7.00000000,0
1531214358605,1531214358601,10038672,0.00015169,9.00000000,0
1531214375550,1531214375546,10038673,0.00015169,9.00000000,0
1531214394153,1531214394148,10038674,0.00015169,18.00000000,0
1531214394153,1531214394148,10038675,0.00015179,5.00000000,0
1531214394153,1531214394148,10038676,0.00015189,29.00000000,0
1531214399188,1531214399183,10038677,0.00015183,2.00000000,0
1531214422205,1531214422201,10038678,0.00015150,80.00000000,1
1531214425925,1531214425920,10038679,0.00015169,24.00000000,0
1531214432036,1531214432032,10038680,0.00015150,83.00000000,1
1531214435519,1531214435516,10038681,0.00015140,1459.00000000,1
1531214435533,1531214435529,10038682,0.00015140,1416.00000000,1
1531214435978,1531214435973,10038683,0.00015171,24.00000000,0
1531214435978,1531214435973,10038684,0.00015189,24.00000000,0
1531214441918,1531214441913,10038685,0.00015170,86.00000000,0
1531214443159,1531214443155,10038686,0.00015171,1.00000000,0
1531214445034,1531214445030,10038687,0.00015151,25.00000000,1
1531214447779,1531214447775,10038688,0.00015159,85.00000000,0
1531214453454,1531214453449,10038689,0.00015171,85.00000000,0
1531214461495,1531214461488,10038690,0.00015136,2054.00000000,1
1531214461495,1531214461488,10038691,0.00015135,10.00000000,1
1531214461495,1531214461488,10038692,0.00015134,16.00000000,1
1531214461495,1531214461488,10038693,0.00015132,4617.00000000,1
1531214461515,1531214461510,10038694,0.00015130,259.00000000,1
1531214461515,1531214461510,10038695,0.00015129,1345.00000000,1
1531214461515,1531214461510,10038696,0.00015128,53.00000000,1
1531214461515,1531214461510,10038697,0.00015127,33.00000000,1
1531214461515,1531214461510,10038698,0.00015126,42.00000000,1
1531214462016,1531214462010,10038699,0.00015124,10.00000000,1
1531214462016,1531214462010,10038700,0.00015123,298.00000000,1
1531214462016,1531214462010,10038701,0.00015120,16.00000000,1
1531214462016,1531214462010,10038702,0.00015119,94.00000000,1
1531214462016,1531214462010,10038703,0.00015116,14.00000000,1
1531214462016,1531214462010,10038704,0.00015114,287.00000000,1
1531214462968,1531214462964,10038705,0.00015141,187.00000000,1
1531214462971,1531214462965,10038706,0.00015141,1.00000000,1
1531214462971,1531214462965,10038707,0.00015112,665.00000000,1
1531214462976,1531214462972,10038708,0.00015112,1.00000000,1
1531214462976,1531214462972,10038709,0.00015111,577.00000000,1
1531214464724,1531214464720,10038710,0.00015116,94.00000000,1
1531214464724,1531214464720,10038711,0.00015114,294.00000000,1
1531214464966,1531214464963,10038712,0.00015114,372.00000000,1
1531214464966,1531214464963,10038713,0.00015112,16.00000000,1
1531214465063,1531214465058,10038714,0.00015161,53.00000000,0
1531214465063,1531214465058,10038715,0.00015202,11.00000000,0
1531214465063,1531214465058,10038716,0.00015203,10.00000000,0
1531214465063,1531214465058,10038717,0.00015209,8.00000000,0
1531214465063,1531214465058,10038718,0.00015211,89.00000000,0
1531214465063,1531214465058,10038719,0.00015212,39.00000000,0
1531214465063,1531214465058,10038720,0.00015215,7.00000000,0
1531214465078,1531214465073,10038721,0.00015217,385.00000000,1
1531214465092,1531214465088,10038722,0.00015112,58.00000000,1
1531214465107,1531214465102,10038723,0.00015219,9.00000000,0
1531214465107,1531214465102,10038724,0.00015223,13.00000000,0
1531214465107,1531214465102,10038725,0.00015227,202.00000000,0
1531214465964,1531214465960,10038726,0.00015159,375.00000000,1
1531214465973,1531214465968,10038727,0.00015159,275.00000000,1
1531214465992,1531214465989,10038728,0.00015139,53.00000000,1
1531214467729,1531214467725,10038729,0.00015145,14.00000000,0
1531214469042,1531214469038,10038730,0.00015113,149.00000000,1
1531214469961,1531214469956,10038731,0.00015110,187.00000000,1
1531214469963,1531214469956,10038732,0.00015109,34.00000000,1
1531214471199,1531214471195,10038733,0.00015107,28.00000000,1
1531214473887,1531214473883,10038734,0.00015103,6.00000000,1
1531214474210,1531214474205,10038735,0.00015102,1.00000000,1
1531214474238,1531214474234,10038736,0.00015102,1.00000000,1
1531214474652,1531214474648,10038737,0.00015129,6.00000000,1
1531214474704,1531214474701,10038738,0.00015139,60.00000000,0
1531214474928,1531214474924,10038739,0.00015140,23.00000000,0
1531214474970,1531214474967,10038740,0.00015129,177.00000000,1
1531214475039,1531214475035,10038741,0.00015129,39.00000000,1
1531214475426,1531214475422,10038742,0.00015114,56.00000000,0
1531214475501,1531214475496,10038743,0.00015114,25.00000000,0
1531214477196,1531214477192,10038744,0.00015114,50.00000000,1
1531214478037,1531214478033,10038745,0.00015132,5.00000000,0
1531214478186,1531214478181,10038746,0.00015102,8.00000000,1
1531214478249,1531214478246,10038747,0.00015132,202.00000000,0
1531214478573,1531214478568,10038748,0.00015124,185.00000000,0
1531214478656,1531214478653,10038749,0.00015124,269.00000000,0
1531214480836,1531214480832,10038750,0.00015131,126.00000000,0
1531214480836,1531214480832,10038751,0.00015132,677.00000000,0
1531214481281,1531214481278,10038752,0.00015131,32.00000000,0
1531214481281,1531214481278,10038753,0.00015132,57.00000000,0
1531214482947,1531214482943,10038754,0.00015132,4.00000000,0
1531214483169,1531214483164,10038755,0.00015101,1.00000000,1
1531214483178,1531214483175,10038756,0.00015101,1.00000000,1
1531214483309,1531214483305,10038757,0.00015132,103.00000000,0
1531214484179,1531214484176,10038758,0.00015132,297.00000000,1
1531214484971,1531214484967,10038759,0.00015132,648.00000000,1
1531214500978,1531214500974,10038760,0.00015113,14.00000000,0
1531214505275,1531214505272,10038761,0.00015132,1048.00000000,0
1531214506967,1531214506962,10038762,0.00015132,14.00000000,0
1531214506975,1531214506971,10038763,0.00015132,133.00000000,0
1531214507015,1531214507011,10038764,0.00015133,14.00000000,0
1531214507061,1531214507055,10038765,0.00015136,45.00000000,1
1531214507515,1531214507511,10038766,0.00015136,21.00000000,1
1531214515990,1531214515985,10038767,0.00015130,16.00000000,1
1531214516979,1531214516976,10038768,0.00015128,32.00000000,1
1531214518072,1531214518068,10038769,0.00015128,45.00000000,0
1531214519009,1531214519005,10038770,0.00015107,1.00000000,1
1531214522032,1531214522029,10038771,0.00015109,16.00000000,1
1531214522032,1531214522029,10038772,0.00015107,16.00000000,1
1531214522032,1531214522029,10038773,0.00015101,49.00000000,1
1531214522264,1531214522260,10038774,0.00015100,416.00000000,1
1531214522282,1531214522279,10038775,0.00015100,161.00000000,1
1531214522354,1531214522350,10038776,0.00015100,1423.00000000,1
1531214522546,1531214522542,10038777,0.00015109,32.00000000,0
1531214522921,1531214522917,10038778,0.00015099,16.00000000,1
1531214523397,1531214523392,10038779,0.00015099,37.00000000,1
1531214524477,1531214524473,10038780,0.00015104,10.00000000,1
1531214525562,1531214525558,10038781,0.00015100,318.00000000,1
1531214526642,1531214526638,10038782,0.00015100,10.00000000,1
1531214527730,1531214527727,10038783,0.00015100,10.00000000,1
1531214527735,1531214527731,10038784,0.00015097,1.00000000,1
1531214527776,1531214527770,10038785,0.00015097,1.00000000,1
1531214527821,1531214527816,10038786,0.00015097,1.00000000,1
1531214528543,1531214528540,10038787,0.00015097,1.00000000,1
1531214528589,1531214528585,10038788,0.00015100,1.00000000,1
1531214528629,1531214528624,10038789,0.00015100,1.00000000,1
1531214530100,1531214530097,10038790,0.00015117,38.00000000,0
1531214531245,1531214531242,10038791,0.00015100,1.00000000,1
1531214531284,1531214531281,10038792,0.00015100,1.00000000,1
1531214533987,1531214533982,10038793,0.00015100,2.00000000,1
1531214538409,1531214538406,10038794,0.00015100,1.00000000,1
1531214538575,1531214538570,10038795,0.00015100,66.00000000,0
1531214538761,1531214538757,10038796,0.00015097,1.00000000,1
1531214545358,1531214545354,10038797,0.00015106,194.00000000,0
1531214545370,1531214545366,10038798,0.00015116,855.00000000,0
1531214545491,1531214545488,10038799,0.00015106,127.00000000,1
1531214545697,1531214545693,10038800,0.00015106,51.00000000,1
1531214545973,1531214545968,10038801,0.00015106,16.00000000,1
1531214546716,1531214546712,10038802,0.00015097,5.00000000,1
1531214546716,1531214546712,10038803,0.00015090,15.00000000,1
1531214546716,1531214546712,10038804,0.00015085,27.00000000,1
1531214547079,1531214547075,10038805,0.00015117,6.00000000,0
1531214547979,1531214547974,10038806,0.00015093,16.00000000,1
1531214549223,1531214549218,10038807,0.00015086,86.00000000,1
1531214550495,1531214550491,10038808,0.00015100,361.00000000,1
1531214550506,1531214550503,10038809,0.00015089,16.00000000,1
1531214551628,1531214551623,10038810,0.00015085,16.00000000,1
1531214552823,1531214552819,10038811,0.00015084,9.00000000,1
1531214553395,1531214553390,10038812,0.00015085,24.00000000,0
1531214554979,1531214554974,10038813,0.00015081,35.00000000,1
1531214554993,1531214554988,10038814,0.00015085,135.00000000,0
1531214556978,1531214556974,10038815,0.00015078,125.00000000,1
1531214558210,1531214558205,10038816,0.00015077,22.00000000,1
1531214558489,1531214558484,10038817,0.00015076,135.00000000,1
1531214559294,1531214559291,10038818,0.00015076,981.00000000,1
1531214559497,1531214559493,10038819,0.00015094,660.00000000,0
1531214559497,1531214559493,10038820,0.00015099,16.00000000,0
1531214559497,1531214559493,10038821,0.00015100,167.00000000,0
1531214560761,1531214560757,10038822,0.00015074,25.00000000,1
1531214561255,1531214561252,10038823,0.00015089,15.00000000,0
1531214561560,1531214561555,10038824,0.00015072,1.00000000,1
1531214561607,1531214561602,10038825,0.00015072,24.00000000,1
1531214561607,1531214561602,10038826,0.00015070,25.00000000,1
1531214561607,1531214561602,10038827,0.00015069,11.00000000,1
1531214561607,1531214561602,10038828,0.00015068,6.00000000,1
1531214561818,1531214561814,10038829,0.00015068,7.00000000,1
1531214562155,1531214562151,10038830,0.00015068,66.00000000,1
1531214562396,1531214562391,10038831,0.00015081,19.00000000,0
1531214562978,1531214562973,10038832,0.00015067,130.00000000,1
1531214568218,1531214568213,10038833,0.00015067,1.00000000,1
1531214568241,1531214568237,10038834,0.00015067,1.00000000,1
1531214568288,1531214568283,10038835,0.00015067,1.00000000,1
1531214568325,1531214568321,10038836,0.00015067,1.00000000,1
1531214568338,1531214568333,10038837,0.00015067,1.00000000,1
1531214568370,1531214568365,10038838,0.00015067,1.00000000,1
1531214571057,1531214571052,10038839,0.00015067,1.00000000,1
1531214571110,1531214571107,10038840,0.00015067,1.00000000,1
1531214571222,1531214571218,10038841,0.00015067,20.00000000,1
1531214571398,1531214571394,10038842,0.00015067,37.00000000,0
1531214571411,1531214571407,10038843,0.00015067,37.00000000,0
1531214573307,1531214573302,10038844,0.00015070,37.00000000,1
1531214575398,1531214575395,10038845,0.00015062,16.00000000,1
1531214577220,1531214577215,10038846,0.00015062,41.00000000,1
1531214577506,1531214577502,10038847,0.00015062,31.00000000,1
1531214578639,1531214578635,10038848,0.00015077,3.00000000,0
1531214578673,1531214578670,10038849,0.00015077,8.00000000,0
1531214578702,1531214578697,10038850,0.00015077,8.00000000,0
1531214578731,1531214578726,10038851,0.00015077,3.00000000,0
1531214578739,1531214578735,10038852,0.00015077,8.00000000,0
1531214578884,1531214578880,10038853,0.00015077,8.00000000,0
1531214578997,1531214578991,10038854,0.00015077,8.00000000,0
1531214579090,1531214579085,10038855,0.00015077,8.00000000,0
1531214579152,1531214579148,10038856,0.00015094,8.00000000,0
1531214579173,1531214579169,10038857,0.00015094,6.00000000,0
1531214579281,1531214579278,10038858,0.00015094,6.00000000,0
1531214582033,1531214582029,10038859,0.00015062,25.00000000,1
1531214582581,1531214582575,10038860,0.00015072,41.00000000,1
1531214587981,1531214587976,10038861,0.00015093,8.00000000,0
1531214588010,1531214588006,10038862,0.00015100,230.00000000,0
1531214588981,1531214588978,10038863,0.00015092,1051.00000000,0
1531214588982,1531214588978,10038864,0.00015093,146.00000000,0
1531214595586,1531214595583,10038865,0.00015113,7.00000000,0
1531214595740,1531214595735,10038866,0.00015113,3.00000000,0
1531214595841,1531214595837,10038867,0.00015113,20.00000000,0
1531214595889,1531214595883,10038868,0.00015113,5.00000000,0
1531214595988,1531214595984,10038869,0.00015113,18.00000000,0
1531214595988,1531214595984,10038870,0.00015118,5.00000000,0
1531214596051,1531214596046,10038871,0.00015118,8.00000000,0
1531214596137,1531214596134,10038872,0.00015118,4.00000000,0
1531214596290,1531214596286,10038873,0.00015118,5.00000000,0
1531214596368,1531214596363,10038874,0.00015118,3.00000000,0
1531214596455,1531214596451,10038875,0.00015126,1.00000000,0
1531214596648,1531214596645,10038876,0.00015126,2.00000000,0
1531214596704,1531214596700,10038877,0.00015126,2.00000000,0
1531214596746,1531214596742,10038878,0.00015126,2.00000000,0
1531214596873,1531214596868,10038879,0.00015126,3.00000000,0
1531214596873,1531214596868,10038880,0.00015130,1.00000000,0
1531214596958,1531214596954,10038881,0.00015130,14.00000000,0
1531214597146,1531214597142,10038882,0.00015130,1.00000000,0
1531214599476,1531214599473,10038883,0.00015081,11.00000000,1
1531214601415,1531214601411,10038884,0.00015132,3.00000000,0
1531214601495,1531214601490,10038885,0.00015132,1.00000000,0
1531214601557,1531214601553,10038886,0.00015132,6.00000000,0
1531214607509,1531214607505,10038887,0.00015127,20.00000000,0
1531214608322,1531214608316,10038888,0.00015127,3.00000000,0
1531214608391,1531214608387,10038889,0.00015127,1.00000000,0
1531214608447,1531214608444,10038890,0.00015127,1.00000000,0
1531214614237,1531214614234,10038891,0.00015087,8.00000000,1
1531214614784,1531214614779,10038892,0.00015087,152.00000000,1
1531214621741,1531214621737,10038893,0.00015087,38.00000000,0
1531214625198,1531214625193,10038894,0.00015072,16.00000000,1
1531214625198,1531214625193,10038895,0.00015071,195.00000000,1
1531214625198,1531214625193,10038896,0.00015068,318.00000000,1
1531214625881,1531214625876,10038897,0.00015072,45.00000000,1
1531214625881,1531214625876,10038898,0.00015066,8.00000000,1
1531214625881,1531214625876,10038899,0.00015065,13.00000000,1
1531214625923,1531214625916,10038900,0.00015065,40.00000000,1
1531214625923,1531214625916,10038901,0.00015061,15.00000000,1
1531214625923,1531214625916,10038902,0.00015058,10.00000000,1
1531214625923,1531214625916,10038903,0.00015055,96.00000000,1
1531214625923,1531214625916,10038904,0.00015054,8.00000000,1
1531214625923,1531214625916,10038905,0.00015053,66.00000000,1
1531214625923,1531214625916,10038906,0.00015052,52.00000000,1
1531214625923,1531214625916,10038907,0.00015050,81.00000000,1
1531214625923,1531214625916,10038908,0.00015046,230.00000000,1
1531214625923,1531214625916,10038909,0.00015046,321.00000000,1
1531214625924,1531214625916,10038910,0.00015046,1039.00000000,1
1531214626690,1531214626687,10038911,0.00015105,7.00000000,0
1531214627446,1531214627442,10038912,0.00015066,206.00000000,0
1531214627446,1531214627442,10038913,0.00015067,457.00000000,0
1531214627474,1531214627469,10038914,0.00015067,203.00000000,0
1531214628452,1531214628448,10038915,0.00015065,38.00000000,0
1531214628452,1531214628448,10038916,0.00015072,311.00000000,0
1531214628471,1531214628466,10038917,0.00015072,349.00000000,0
1531214631594,1531214631590,10038918,0.00015049,1.00000000,1
1531214631686,1531214631683,10038919,0.00015099,8.00000000,0
1531214631767,1531214631761,10038920,0.00015099,8.00000000,0
1531214631767,1531214631761,10038921,0.00015100,1.00000000,0
1531214631872,1531214631868,10038922,0.00015100,18.00000000,0
1531214632249,1531214632244,10038923,0.00015100,17.00000000,0
1531214637665,1531214637662,10038924,0.00015095,30.00000000,0
1531214637694,1531214637690,10038925,0.00015095,23.00000000,0
1531214637981,1531214637977,10038926,0.00015095,8.00000000,1
1531214639364,1531214639360,10038927,0.00015072,7.00000000,1
1531214642839,1531214642833,10038928,0.00015100,18.00000000,0
1531214643665,1531214643662,10038929,0.00015100,8.00000000,0
1531214654977,1531214654974,10038930,0.00015087,33.00000000,0
1531214658193,1531214658189,10038931,0.00015099,3.00000000,0
1531214677646,1531214677642,10038932,0.00015077,1132.00000000,0
1531214679515,1531214679512,10038933,0.00015053,7.00000000,1
1531214680632,1531214680628,10038934,0.00015053,9.00000000,1
1531214680632,1531214680628,10038935,0.00015052,5.00000000,1
1531214683116,1531214683112,10038936,0.00015053,12.00000000,1
1531214686954,1531214686949,10038937,0.00015059,47.00000000,1
1531214686954,1531214686949,10038938,0.00015058,8.00000000,1
1531214687359,1531214687355,10038939,0.00015058,55.00000000,1
1531214687753,1531214687749,10038940,0.00015058,55.00000000,1
1531214688803,1531214688799,10038941,0.00015068,55.00000000,1
1531214698566,1531214698562,10038942,0.00015067,119.00000000,0
1531214698569,1531214698565,10038943,0.00015068,13.00000000,0
1531214698569,1531214698565,10038944,0.00015082,47.00000000,0
1531214698569,1531214698565,10038945,0.00015085,6.00000000,0
1531214709336,1531214709332,10038946,0.00015080,3.00000000,0
1531214709972,1531214709967,10038947,0.00015080,17.00000000,0
1531214709988,1531214709984,10038948,0.00015080,8.00000000,0
1531214716082,1531214716078,10038949,0.00015070,519.00000000,0
1531214716094,1531214716090,10038950,0.00015080,759.00000000,0
1531214716113,1531214716109,10038951,0.00015080,826.00000000,0
1531214716118,1531214716114,10038952,0.00015081,17.00000000,0
1531214716134,1531214716130,10038953,0.00015082,54.00000000,0
1531214716159,1531214716155,10038954,0.00015085,8.00000000,0
1531214720739,1531214720735,10038955,0.00015085,199.00000000,1
1531214720972,1531214720968,10038956,0.00015085,311.00000000,1
1531214729556,1531214729551,10038957,0.00015068,88.00000000,1
1531214731981,1531214731977,10038958,0.00015096,57.00000000,0
1531214737190,1531214737186,10038959,0.00015085,424.00000000,0
1531214737202,1531214737196,10038960,0.00015095,162.00000000,0
1531214747015,1531214747011,10038961,0.00015080,16.00000000,1
1531214751857,1531214751852,10038962,0.00015085,3.00000000,0
1531214753602,1531214753599,10038963,0.00015085,66.00000000,0
1531214756839,1531214756835,10038964,0.00015085,79.00000000,0
1531214756839,1531214756835,10038965,0.00015088,7.00000000,0
1531214756839,1531214756835,10038966,0.00015099,56.00000000,0
1531214760326,1531214760319,10038967,0.00015074,16.00000000,1
1531214760326,1531214760319,10038968,0.00015064,16.00000000,1
1531214760326,1531214760319,10038969,0.00015063,88.00000000,1
1531214760797,1531214760792,10038970,0.00015098,15.00000000,0
1531214767043,1531214767037,10038971,0.00015069,660.00000000,1
1531214767043,1531214767037,10038972,0.00015064,32.00000000,1
1531214767735,1531214767731,10038973,0.00015064,264.00000000,0
1531214767977,1531214767972,10038974,0.00015064,1173.00000000,0
1531214767988,1531214767984,10038975,0.00015064,2978.00000000,0
1531214776703,1531214776699,10038976,0.00015074,10.00000000,1
1531214791155,1531214791150,10038977,0.00015074,24.00000000,1
1531214791473,1531214791469,10038978,0.00015074,163.00000000,0
1531214811727,1531214811723,10038979,0.00015080,853.00000000,0
1531214811736,1531214811732,10038980,0.00015087,553.00000000,0
1531214811751,1531214811746,10038981,0.00015087,454.00000000,0
1531214827011,1531214827006,10038982,0.00015088,7.00000000,0
1531214827806,1531214827800,10038983,0.00015088,21.00000000,1
1531214828028,1531214828025,10038984,0.00015088,4.00000000,1
1531214831022,1531214831017,10038985,0.00015079,34.00000000,1
1531214831047,1531214831043,10038986,0.00015074,14.00000000,1
1531214845384,1531214845381,10038987,0.00015094,52.00000000,0
1531214850834,1531214850830,10038988,0.00015075,4.00000000,1
1531214865205,1531214865200,10038989,0.00015085,943.00000000,0
1531214865219,1531214865216,10038990,0.00015076,352.00000000,1
1531214877223,1531214877218,10038991,0.00015074,235.00000000,1
1531214877223,1531214877218,10038992,0.00015073,660.00000000,1
1531214877223,1531214877218,10038993,0.00015069,10.00000000,1
1531214877223,1531214877218,10038994,0.00015068,7.00000000,1
1531214877223,1531214877218,10038995,0.00015055,36.00000000,1
1531214877223,1531214877218,10038996,0.00015047,60.00000000,1
1531214877223,1531214877218,10038997,0.00015045,599.00000000,1
1531214884010,1531214884006,10038998,0.00015095,16.00000000,0
1531214884073,1531214884068,10038999,0.00015099,16.00000000,0
1531214884218,1531214884213,10039000,0.00015100,16.00000000,0
1531214890582,1531214890578,10039001,0.00015080,8.00000000,1
1531214890582,1531214890578,10039002,0.00015077,10.00000000,1
1531214903276,1531214903272,10039003,0.00015077,4.00000000,1
1531214904562,1531214904559,10039004,0.00015080,3.00000000,1
1531214905301,1531214905297,10039005,0.00015080,3.00000000,1
1531214908670,1531214908666,10039006,0.00015098,6.00000000,0
1531214912150,1531214912145,10039007,0.00015089,799.00000000,0
1531214912166,1531214912163,10039008,0.00015081,597.00000000,1
1531214934706,1531214934702,10039009,0.00015089,1025.00000000,0
1531214934718,1531214934715,10039010,0.00015098,161.00000000,0
1531214934737,1531214934731,10039011,0.00015098,603.00000000,0
1531214955398,1531214955394,10039012,0.00015091,710.00000000,0
1531214955418,1531214955414,10039013,0.00015083,355.00000000,1
1531214975630,1531214975626,10039014,0.00015098,487.00000000,0
1531214975652,1531214975646,10039015,0.00015098,928.00000000,0
1531214992023,1531214992018,10039016,0.00015083,17.00000000,1
1531214994435,1531214994431,10039017,0.00015079,8.00000000,1
1531215009833,1531215009829,10039018,0.00015099,1.00000000,0
1531215017165,1531215017160,10039019,0.00015080,219.00000000,1
1531215019712,1531215019708,10039020,0.00015080,352.00000000,1
1531215020039,1531215020035,10039021,0.00015080,25.00000000,0
1531215026198,1531215026194,10039022,0.00015080,143.00000000,0
1531215031025,1531215031019,10039023,0.00015079,28.00000000,1
1531215031028,1531215031024,10039024,0.00015076,8.00000000,1
1531215032590,1531215032583,10039025,0.00015094,7.00000000,0
1531215037195,1531215037191,10039026,0.00015097,1.00000000,0
1531215051770,1531215051767,10039027,0.00015097,8.00000000,0
1531215052005,1531215052001,10039028,0.00015100,10.00000000,0
1531215054554,1531215054549,10039029,0.00015099,167.00000000,0
1531215054794,1531215054789,10039030,0.00015099,10.00000000,0
1531215058583,1531215058579,10039031,0.00015099,926.00000000,0
1531215058605,1531215058599,10039032,0.00015099,962.00000000,0
1531215059020,1531215059016,10039033,0.00015100,36.00000000,0
1531215064654,1531215064649,10039034,0.00015106,1067.00000000,0
1531215064665,1531215064662,10039035,0.00015099,177.00000000,1
1531215087642,1531215087638,10039036,0.00015088,664.00000000,0
1531215087661,1531215087656,10039037,0.00015098,1579.00000000,0
1531215087676,1531215087672,10039038,0.00015099,962.00000000,0
1531215087802,1531215087796,10039039,0.00015099,40.00000000,1
1531215088037,1531215088032,10039040,0.00015099,137.00000000,1
1531215107594,1531215107590,10039041,0.00015082,8.00000000,1
1531215126422,1531215126418,10039042,0.00015097,138.00000000,0
1531215126433,1531215126429,10039043,0.00015086,1381.00000000,1
1531215126451,1531215126447,10039044,0.00015086,60.00000000,1
1531215129126,1531215129122,10039045,0.00015108,1.00000000,0
1531215162353,1531215162349,10039046,0.00015093,3.00000000,0
1531215168716,1531215168711,10039047,0.00015075,20.00000000,1
1531215168722,1531215168719,10039048,0.00015045,20.00000000,1
1531215169054,1531215169051,10039049,0.00015072,20.00000000,0
1531215171457,1531215171452,10039050,0.00015047,1.00000000,1
1531215171509,1531215171505,10039051,0.00015047,1.00000000,1
1531215176136,1531215176132,10039052,0.00015045,2.00000000,1
1531215202019,1531215202014,10039053,0.00015060,30.00000000,0
1531215213946,1531215213941,10039054,0.00015061,10.00000000,1
1531215213972,1531215213968,10039055,0.00015069,745.00000000,0
1531215213980,1531215213974,10039056,0.00015077,1323.00000000,0
1531215215029,1531215215023,10039057,0.00015077,67.00000000,1
1531215225254,1531215225250,10039058,0.00015091,3.00000000,0
1531215228944,1531215228939,10039059,0.00015091,1.00000000,0
1531215233230,1531215233225,10039060,0.00015089,10.00000000,0
1531215233230,1531215233225,10039061,0.00015090,25.00000000,0
1531215235289,1531215235285,10039062,0.00015090,2.00000000,0
1531215236089,1531215236085,10039063,0.00015075,1125.00000000,0
1531215236097,1531215236094,10039064,0.00015090,915.00000000,0
1531215237027,1531215237023,10039065,0.00015090,27.00000000,1
1531215239023,1531215239019,10039066,0.00015084,9.00000000,1
1531215239047,1531215239044,10039067,0.00015068,15.00000000,1
1531215253955,1531215253951,10039068,0.00015072,10.00000000,1
1531215257875,1531215257871,10039069,0.00015079,1361.00000000,0
1531215257892,1531215257888,10039070,0.00015072,582.00000000,1
1531215258028,1531215258024,10039071,0.00015072,10.00000000,0
1531215275633,1531215275630,10039072,0.00015073,178.00000000,0
1531215275655,1531215275651,10039073,0.00015062,1094.00000000,1
1531215275672,1531215275668,10039074,0.00015062,178.00000000,1
1531215278295,1531215278289,10039075,0.00015085,6.00000000,0
1531215288724,1531215288718,10039076,0.00015085,10.00000000,0
1531215297316,1531215297311,10039077,0.00015084,853.00000000,0
1531215297334,1531215297330,10039078,0.00015084,1214.00000000,0
1531215300113,1531215300108,10039079,0.00015061,16.00000000,1
1531215300393,1531215300389,10039080,0.00015061,10.00000000,0
1531215300820,1531215300814,10039081,0.00015061,1.00000000,0
1531215301033,1531215301029,10039082,0.00015061,10.00000000,0
1531215314032,1531215314028,10039083,0.00015081,70.00000000,1
1531215318028,1531215318024,10039084,0.00015084,31.00000000,0
1531215318030,1531215318025,10039085,0.00015084,193.00000000,0
1531215325067,1531215325063,10039086,0.00015084,1586.00000000,0
1531215325078,1531215325074,10039087,0.00015084,481.00000000,0
1531215327027,1531215327023,10039088,0.00015084,208.00000000,1
1531215331441,1531215331437,10039089,0.00015062,35.00000000,1
1531215346027,1531215346023,10039090,0.00015062,16.00000000,1
1531215346229,1531215346225,10039091,0.00015082,735.00000000,0
1531215346251,1531215346247,10039092,0.00015082,1332.00000000,0
1531215365187,1531215365184,10039093,0.00015061,1776.00000000,1
1531215365200,1531215365196,10039094,0.00015071,126.00000000,0
1531215365205,1531215365201,10039095,0.00015060,15.00000000,1
1531215365533,1531215365529,10039096,0.00015084,9.00000000,0
1531215371130,1531215371127,10039097,0.00015073,11.00000000,0
1531215374493,1531215374489,10039098,0.00015072,63.00000000,0
1531215375501,1531215375497,10039099,0.00015072,31.00000000,0
1531215376017,1531215376013,10039100,0.00015072,8.00000000,0
1531215376032,1531215376028,10039101,0.00015072,11.00000000,0
1531215376078,1531215376074,10039102,0.00015072,8.00000000,0
1531215376128,1531215376124,10039103,0.00015072,11.00000000,0
1531215376339,1531215376334,10039104,0.00015072,6.00000000,0
1531215376504,1531215376499,10039105,0.00015072,16.00000000,0
1531215377497,1531215377491,10039106,0.00015072,8.00000000,0
1531215377992,1531215377987,10039107,0.00015066,1250.00000000,0
1531215378000,1531215377996,10039108,0.00015072,783.00000000,0
1531215378043,1531215378039,10039109,0.00015072,162.00000000,1
1531215396900,1531215396893,10039110,0.00015083,148.00000000,0
1531215396900,1531215396893,10039111,0.00015085,134.00000000,0
1531215396900,1531215396893,10039112,0.00015096,53.00000000,0
1531215396900,1531215396893,10039113,0.00015100,306.00000000,0
1531215396900,1531215396893,10039114,0.00015113,95.00000000,0
1531215405019,1531215405015,10039115,0.00015080,744.00000000,0
1531215405041,1531215405036,10039116,0.00015097,150.00000000,0
1531215405064,1531215405060,10039117,0.00015097,1298.00000000,0
1531215419231,1531215419227,10039118,0.00015081,1100.00000000,0
1531215419243,1531215419239,10039119,0.00015094,902.00000000,0
1531215427335,1531215427331,10039120,0.00015095,39.00000000,0
1531215431055,1531215431052,10039121,0.00015080,40.00000000,1
1531215434616,1531215434611,10039122,0.00015081,55.00000000,0
1531215434633,1531215434629,10039123,0.00015094,46.00000000,0
1531215435078,1531215435074,10039124,0.00015095,1.00000000,0
1531215447302,1531215447298,10039125,0.00015093,16.00000000,0
1531215449041,1531215449037,10039126,0.00015095,16.00000000,0
1531215462004,1531215461999,10039127,0.00015095,10.00000000,1
1531215464296,1531215464293,10039128,0.00015117,1389.00000000,0
1531215477050,1531215477047,10039129,0.00015090,450.00000000,0
1531215477269,1531215477263,10039130,0.00015090,278.00000000,0
1531215491043,1531215491039,10039131,0.00015090,15.00000000,1
1531215503398,1531215503394,10039132,0.00015088,4.00000000,1
1531215504928,1531215504923,10039133,0.00015110,2.00000000,0
1531215508198,1531215508194,10039134,0.00015111,1387.00000000,0
1531215508211,1531215508206,10039135,0.00015111,802.00000000,0
1531215522426,1531215522422,10039136,0.00015073,16.00000000,1
1531215522426,1531215522422,10039137,0.00015072,51.00000000,1
1531215522698,1531215522693,10039138,0.00015100,23.00000000,0
1531215523624,1531215523619,10039139,0.00015072,21.00000000,1
1531215523650,1531215523646,10039140,0.00015068,268.00000000,1
1531215524895,1531215524890,10039141,0.00015061,500.00000000,1
1531215524923,1531215524918,10039142,0.00015058,53.00000000,1
1531215526702,1531215526697,10039143,0.00015052,67.00000000,1
1531215528350,1531215528346,10039144,0.00015053,1.00000000,1
1531215530480,1531215530475,10039145,0.00015051,1.00000000,1
1531215530642,1531215530637,10039146,0.00015051,2.00000000,1
1531215541101,1531215541096,10039147,0.00015072,10.00000000,0
1531215543927,1531215543924,10039148,0.00015072,25.00000000,0
1531215544045,1531215544042,10039149,0.00015072,32.00000000,0
1531215544475,1531215544470,10039150,0.00015055,88.00000000,1
1531215544475,1531215544470,10039151,0.00015051,18.00000000,1
1531215544475,1531215544470,10039152,0.00015047,57.00000000,1
1531215551426,1531215551422,10039153,0.00015078,191.00000000,0
1531215560615,1531215560611,10039154,0.00015047,43.00000000,1
1531215560615,1531215560611,10039155,0.00015046,427.00000000,1
1531215560615,1531215560611,10039156,0.00015045,1530.00000000,1
1531215562049,1531215562044,10039157,0.00015045,2175.00000000,1
1531215563118,1531215563114,10039158,0.00015045,278.00000000,1
1531215563425,1531215563422,10039159,0.00015068,99.00000000,0
1531215563529,1531215563525,10039160,0.00015068,32.00000000,0
1531215565768,1531215565764,10039161,0.00015045,5974.00000000,1
1531215565792,1531215565787,10039162,0.00015045,2715.00000000,1
1531215565953,1531215565948,10039163,0.00015063,3.00000000,0
1531215565970,1531215565967,10039164,0.00015063,3.00000000,0
1531215565999,1531215565996,10039165,0.00015063,2.00000000,0
1531215566053,1531215566050,10039166,0.00015063,2.00000000,0
1531215566053,1531215566050,10039167,0.00015064,9.00000000,0
1531215566086,1531215566082,10039168,0.00015064,7.00000000,0
1531215566086,1531215566082,10039169,0.00015067,4.00000000,0
1531215566123,1531215566120,10039170,0.00015067,8.00000000,0
1531215566158,1531215566154,10039171,0.00015067,4.00000000,0
1531215566158,1531215566154,10039172,0.00015068,7.00000000,0
1531215566182,1531215566177,10039173,0.00015068,11.00000000,0
1531215566225,1531215566222,10039174,0.00015068,8.00000000,0
1531215566289,1531215566285,10039175,0.00015068,8.00000000,0
1531215566390,1531215566385,10039176,0.00015068,8.00000000,0
1531215566915,1531215566911,10039177,0.00015044,413.00000000,1
1531215567170,1531215567166,10039178,0.00015064,17.00000000,0
1531215567382,1531215567378,10039179,0.00015064,1.00000000,0
1531215567957,1531215567954,10039180,0.00015043,10.00000000,1
1531215568406,1531215568402,10039181,0.00015064,95.00000000,0
1531215569051,1531215569047,10039182,0.00015042,16.00000000,1
1531215570041,1531215570036,10039183,0.00015041,16.00000000,1
1531215571255,1531215571251,10039184,0.00015040,233.00000000,1
1531215571666,1531215571663,10039185,0.00015039,2.00000000,1
1531215571686,1531215571682,10039186,0.00015039,1.00000000,1
1531215571795,1531215571791,10039187,0.00015039,1.00000000,1
1531215571895,1531215571892,10039188,0.00015039,1.00000000,1
1531215571929,1531215571925,10039189,0.00015039,1.00000000,1
1531215572313,1531215572307,10039190,0.00015039,14.00000000,1
1531215573389,1531215573384,10039191,0.00015038,9.00000000,1
1531215574419,1531215574416,10039192,0.00015045,112.00000000,0
1531215574704,1531215574701,10039193,0.00015045,2.00000000,0
1531215574860,1531215574855,10039194,0.00015045,5.00000000,0
1531215574869,1531215574864,10039195,0.00015058,8.00000000,0
1531215574914,1531215574908,10039196,0.00015058,8.00000000,0
1531215574968,1531215574964,10039197,0.00015064,10.00000000,0
1531215574999,1531215574994,10039198,0.00015037,1.00000000,1
1531215575077,1531215575074,10039199,0.00015037,1.00000000,1
1531215575196,1531215575192,10039200,0.00015064,8.00000000,0
1531215575209,1531215575206,10039201,0.00015037,1.00000000,1
1531215575340,1531215575335,10039202,0.00015037,2.00000000,1
1531215575808,1531215575805,10039203,0.00015058,8.00000000,0
1531215575808,1531215575805,10039204,0.00015059,13.00000000,0
1531215577643,1531215577638,10039205,0.00015055,228.00000000,0
1531215578055,1531215578052,10039206,0.00015055,88.00000000,0
1531215578061,1531215578058,10039207,0.00015055,36.00000000,0
1531215578079,1531215578076,10039208,0.00015055,61.00000000,0
1531215578205,1531215578201,10039209,0.00015058,816.00000000,0
1531215578220,1531215578214,10039210,0.00015058,175.00000000,0
1531215578243,1531215578238,10039211,0.00015059,3.00000000,0
1531215578243,1531215578238,10039212,0.00015064,8.00000000,0
1531215580650,1531215580646,10039213,0.00015041,78.00000000,1
1531215581768,1531215581763,10039214,0.00015041,1.00000000,1
1531215584086,1531215584083,10039215,0.00015062,53.00000000,0
1531215584499,1531215584412,10039216,0.00015071,53.00000000,0
1531215584547,1531215584529,10039217,0.00015064,106.00000000,0
1531215586924,1531215586920,10039218,0.00015054,128.00000000,1
1531215587120,1531215587115,10039219,0.00015100,45.00000000,0
1531215587337,1531215587333,10039220,0.00015100,223.00000000,0
1531215588544,1531215588540,10039221,0.00015094,106.00000000,0
1531215590486,1531215590481,10039222,0.00015094,88.00000000,0
1531215590608,1531215590604,10039223,0.00015094,88.00000000,0
1531215590818,1531215590814,10039224,0.00015114,1.00000000,0
1531215592775,1531215592771,10039225,0.00015096,164.00000000,0
1531215593375,1531215593370,10039226,0.00015114,87.00000000,0
1531215593375,1531215593370,10039227,0.00015115,53.00000000,0
1531215594060,1531215594056,10039228,0.00015120,114.00000000,0
1531215594167,1531215594162,10039229,0.00015120,27.00000000,0
1531215594418,1531215594414,10039230,0.00015120,973.00000000,0
1531215594477,1531215594472,10039231,0.00015120,973.00000000,0
1531215594561,1531215594557,10039232,0.00015120,10.00000000,0
1531215594571,1531215594568,10039233,0.00015120,10.00000000,0
1531215595164,1531215595160,10039234,0.00015120,522.00000000,0
1531215597200,1531215597187,10039235,0.00015063,64.00000000,1
1531215597200,1531215597191,10039236,0.00015120,13.00000000,0
1531215597245,1531215597238,10039237,0.00015121,16.00000000,0
1531215597245,1531215597238,10039238,0.00015128,17.00000000,0
1531215597245,1531215597238,10039239,0.00015132,57.00000000,0
1531215597245,1531215597238,10039240,0.00015139,162.00000000,0
1531215597245,1531215597238,10039241,0.00015143,1588.00000000,0
1531215597245,1531215597238,10039242,0.00015161,26.00000000,0
1531215597245,1531215597238,10039243,0.00015163,7.00000000,0
1531215597245,1531215597238,10039244,0.00015164,90.00000000,0
1531215597245,1531215597238,10039245,0.00015173,846.00000000,0
1531215597296,1531215597292,10039246,0.00015183,53.00000000,0
1531215597391,1531215597388,10039247,0.00015194,9.00000000,0
1531215597391,1531215597388,10039248,0.00015199,5.00000000,0
1531215597521,1531215597516,10039249,0.00015167,17.00000000,0
1531215597676,1531215597672,10039250,0.00015121,88.00000000,1
1531215598514,1531215598509,10039251,0.00015124,252.00000000,1
1531215598922,1531215598918,10039252,0.00015124,414.00000000,1
1531215598922,1531215598918,10039253,0.00015122,16.00000000,1
1531215598922,1531215598918,10039254,0.00015121,220.00000000,1
1531215599099,1531215599094,10039255,0.00015121,36.00000000,1
1531215599099,1531215599094,10039256,0.00015120,4.00000000,1
1531215599270,1531215599266,10039257,0.00015126,650.00000000,0
1531215599488,1531215599484,10039258,0.00015165,387.00000000,0
1531215600132,1531215600128,10039259,0.00015194,326.00000000,0
1531215600132,1531215600128,10039260,0.00015195,39.00000000,0
1531215600470,1531215600467,10039261,0.00015166,108.00000000,0
1531215601390,1531215601387,10039262,0.00015195,348.00000000,0
1531215601628,1531215601625,10039263,0.00015194,88.00000000,0
1531215601692,1531215601688,10039264,0.00015196,1395.00000000,0
1531215601833,1531215601830,10039265,0.00015196,398.00000000,0
1531215601841,1531215601837,10039266,0.00015196,1.00000000,0
1531215601844,1531215601839,10039267,0.00015197,1725.00000000,0
1531215601844,1531215601839,10039268,0.00015199,17.00000000,0
1531215601844,1531215601839,10039269,0.00015204,20.00000000,0
1531215601844,1531215601839,10039270,0.00015207,818.00000000,0
1531215601844,1531215601839,10039271,0.00015208,7.00000000,0
1531215601947,1531215601942,10039272,0.00015195,2082.00000000,0
1531215602175,1531215602171,10039273,0.00015195,2.00000000,0
1531215602178,1531215602173,10039274,0.00015195,3.00000000,0
1531215602279,1531215602275,10039275,0.00015219,2430.00000000,0
1531215602381,1531215602377,10039276,0.00015196,596.00000000,1
1531215602428,1531215602425,10039277,0.00015223,7.00000000,0
1531215602428,1531215602425,10039278,0.00015224,6.00000000,0
1531215602439,1531215602435,10039279,0.00015196,77.00000000,1
1531215602517,1531215602512,10039280,0.00015196,139.00000000,1
1531215602817,1531215602814,10039281,0.00015196,35.00000000,1
1531215602887,1531215602882,10039282,0.00015196,365.00000000,1
1531215603051,1531215603047,10039283,0.00015196,247.00000000,1
1531215603354,1531215603350,10039284,0.00015196,330.00000000,1
1531215603732,1531215603728,10039285,0.00015196,2.00000000,1
1531215603775,1531215603772,10039286,0.00015147,579.00000000,1
1531215603778,1531215603774,10039287,0.00015188,329.00000000,0
1531215603789,1531215603784,10039288,0.00015188,1.00000000,0
1531215604601,1531215604597,10039289,0.00015223,53.00000000,0
1531215604888,1531215604885,10039290,0.00015204,459.00000000,1
1531215605485,1531215605482,10039291,0.00015204,69.00000000,1
1531215605821,1531215605816,10039292,0.00015204,100.00000000,1
1531215606026,1531215606022,10039293,0.00015216,52.00000000,0
1531215606046,1531215606043,10039294,0.00015204,29.00000000,1
1531215606340,1531215606336,10039295,0.00015222,330.00000000,0
1531215606340,1531215606336,10039296,0.00015223,657.00000000,0
1531215606340,1531215606336,10039297,0.00015224,5.00000000,0
1531215606340,1531215606336,10039298,0.00015226,1959.00000000,0
1531215606432,1531215606428,10039299,0.00015226,1752.00000000,0
1531215606961,1531215606956,10039300,0.00015185,10.00000000,0
1531215607860,1531215607857,10039301,0.00015202,648.00000000,0
1531215607869,1531215607866,10039302,0.00015202,2.00000000,0
1531215609074,1531215609070,10039303,0.00015194,11.00000000,1
1531215610287,1531215610283,10039304,0.00015195,66.00000000,1
1531215610769,1531215610764,10039305,0.00015197,341.00000000,1
1531215614043,1531215614039,10039306,0.00015225,16.00000000,0
1531215614045,1531215614041,10039307,0.00015226,1.00000000,0
1531215614114,1531215614111,10039308,0.00015206,454.00000000,1
1531215615910,1531215615905,10039309,0.00015204,7.00000000,1
1531215617322,1531215617317,10039310,0.00015219,9.00000000,0
1531215620579,1531215620575,10039311,0.00015204,16.00000000,1
1531215621076,1531215621072,10039312,0.00015204,16.00000000,1
1531215621690,1531215621686,10039313,0.00015204,198.00000000,1
1531215621881,1531215621878,10039314,0.00015204,427.00000000,1
1531215622851,1531215622847,10039315,0.00015226,657.00000000,0
1531215622980,1531215622976,10039316,0.00015204,16.00000000,1
1531215623176,1531215623171,10039317,0.00015226,10.00000000,0
1531215623634,1531215623630,10039318,0.00015226,452.00000000,1
1531215623886,1531215623881,10039319,0.00015226,7.00000000,1
1531215623904,1531215623899,10039320,0.00015226,27.00000000,1
1531215624050,1531215624046,10039321,0.00015226,161.00000000,1
1531215624858,1531215624854,10039322,0.00015202,66.00000000,1
1531215625149,1531215625145,10039323,0.00015203,1355.00000000,1
1531215626231,1531215626227,10039324,0.00015202,197.00000000,1
1531215627546,1531215627543,10039325,0.00015194,4.00000000,1
1531215627546,1531215627543,10039326,0.00015184,12.00000000,1
1531215627641,1531215627635,10039327,0.00015184,185.00000000,1
1531215628011,1531215628007,10039328,0.00015195,82.00000000,1
1531215628738,1531215628734,10039329,0.00015195,155.00000000,1
1531215629825,1531215629821,10039330,0.00015184,45.00000000,1
1531215630712,1531215630709,10039331,0.00015188,23.00000000,1
1531215630892,1531215630889,10039332,0.00015188,53.00000000,1
1531215631479,1531215631476,10039333,0.00015221,2.00000000,0
1531215631939,1531215631935,10039334,0.00015188,26.00000000,1
1531215633037,1531215633033,10039335,0.00015181,53.00000000,1
1531215635052,1531215635049,10039336,0.00015191,15.00000000,1
1531215635888,1531215635885,10039337,0.00015155,10.00000000,1
1531215638036,1531215638033,10039338,0.00015153,2.00000000,1
1531215639344,1531215639341,10039339,0.00015153,2.00000000,1
1531215641997,1531215641993,10039340,0.00015153,22.00000000,1
1531215643370,1531215643366,10039341,0.00015153,27.00000000,1
1531215643370,1531215643366,10039342,0.00015147,239.00000000,1
1531215643370,1531215643366,10039343,0.00015135,11.00000000,1
1531215643370,1531215643366,10039344,0.00015121,1223.00000000,1
1531215643405,1531215643400,10039345,0.00015121,223.00000000,1
1531215644681,1531215644676,10039346,0.00015123,6.00000000,1
1531215645780,1531215645776,10039347,0.00015180,14.00000000,0
1531215647089,1531215647085,10039348,0.00015122,7.00000000,1
1531215648908,1531215648904,10039349,0.00015173,10.00000000,0
1531215649097,1531215649093,10039350,0.00015123,10.00000000,1
1531215649487,1531215649483,10039351,0.00015123,2.00000000,1
1531215649587,1531215649582,10039352,0.00015123,38.00000000,1
1531215649645,1531215649641,10039353,0.00015123,38.00000000,1
1531215649645,1531215649641,10039354,0.00015122,56.00000000,1
1531215649645,1531215649641,10039355,0.00015121,9.00000000,1
1531215650408,1531215650403,10039356,0.00015126,64.00000000,1
1531215651588,1531215651584,10039357,0.00015126,23.00000000,1
1531215654357,1531215654353,10039358,0.00015126,1.00000000,1
1531215655066,1531215655063,10039359,0.00015126,1160.00000000,1
1531215655611,1531215655607,10039360,0.00015125,40.00000000,1
1531215656675,1531215656670,10039361,0.00015121,4.00000000,1
1531215658578,1531215658574,10039362,0.00015121,4.00000000,1
1531215660651,1531215660648,10039363,0.00015121,6.00000000,1
1531215660699,1531215660695,10039364,0.00015121,199.00000000,1
1531215660956,1531215660951,10039365,0.00015121,157.00000000,1
1531215661265,1531215661260,10039366,0.00015121,101.00000000,1
1531215661293,1531215661289,10039367,0.00015121,414.00000000,1
1531215662615,1531215662612,10039368,0.00015121,9.00000000,1
1531215664357,1531215664353,10039369,0.00015121,1.00000000,1
1531215665867,1531215665863,10039370,0.00015121,7.00000000,1
1531215668220,1531215668216,10039371,0.00015121,3.00000000,1
1531215669461,1531215669458,10039372,0.00015121,3.00000000,1
1531215671859,1531215671856,10039373,0.00015121,5.00000000,1
1531215673124,1531215673120,10039374,0.00015121,5.00000000,1
1531215674053,1531215674049,10039375,0.00015122,272.00000000,0
1531215674162,1531215674158,10039376,0.00015121,273.00000000,1
1531215674568,1531215674564,10039377,0.00015121,14.00000000,1
1531215675467,1531215675463,10039378,0.00015122,17.00000000,0
1531215675499,1531215675494,10039379,0.00015122,51.00000000,0
1531215675527,1531215675522,10039380,0.00015124,27.00000000,0
1531215675561,1531215675557,10039381,0.00015121,27.00000000,1
1531215675961,1531215675956,10039382,0.00015122,3.00000000,1
1531215676771,1531215676767,10039383,0.00015122,3.00000000,1
1531215678339,1531215678335,10039384,0.00015122,8.00000000,1
1531215680140,1531215680136,10039385,0.00015122,1.00000000,1
1531215681181,1531215681178,10039386,0.00015122,1.00000000,1
1531215687763,1531215687759,10039387,0.00015152,14.00000000,0
1531215688497,1531215688493,10039388,0.00015153,85.00000000,0
1531215698228,1531215698224,10039389,0.00015153,118.00000000,0
1531215709352,1531215709347,10039390,0.00015159,10.00000000,1
1531215716264,1531215716259,10039391,0.00015154,88.00000000,1
1531215716264,1531215716259,10039392,0.00015153,113.00000000,1
1531215736002,1531215735999,10039393,0.00015153,82.00000000,1
1531215738998,1531215738994,10039394,0.00015150,70.00000000,1
1531215742015,1531215742012,10039395,0.00015144,200.00000000,1
1531215759240,1531215759237,10039396,0.00015148,38.00000000,1
1531215759419,1531215759415,10039397,0.00015141,53.00000000,1
1531215760095,1531215760090,10039398,0.00015143,38.00000000,0
1531215760276,1531215760273,10039399,0.00015130,1234.00000000,1
1531215762073,1531215762070,10039400,0.00015148,38.00000000,0
1531215785391,1531215785388,10039401,0.00015171,17.00000000,0
1531215785551,1531215785545,10039402,0.00015171,8.00000000,0
1531215785642,1531215785639,10039403,0.00015171,12.00000000,0
1531215823164,1531215823160,10039404,0.00015143,200.00000000,1
1531215824652,1531215824648,10039405,0.00015143,200.00000000,1
1531215826139,1531215826135,10039406,0.00015143,116.00000000,1
1531215831070,1531215831067,10039407,0.00015140,40.00000000,1
1531215831090,1531215831087,10039408,0.00015139,36.00000000,1
1531215831777,1531215831773,10039409,0.00015138,33.00000000,1
1531215831777,1531215831773,10039410,0.00015129,9.00000000,1
1531215831777,1531215831773,10039411,0.00015122,474.00000000,1
1531215832323,1531215832318,10039412,0.00015122,521.00000000,1
1531215832323,1531215832318,10039413,0.00015120,729.00000000,1
1531215834211,1531215834203,10039414,0.00015115,818.00000000,1
1531215835047,1531215835042,10039415,0.00015097,69.00000000,1
1531215835047,1531215835042,10039416,0.00015095,247.00000000,1
1531215835181,1531215835178,10039417,0.00015116,40.00000000,1
1531215835181,1531215835178,10039418,0.00015095,32.00000000,1
1531215845179,1531215845175,10039419,0.00015097,222.00000000,1
1531215845196,1531215845193,10039420,0.00015097,1478.00000000,1
1531215845508,1531215845502,10039421,0.00015122,17.00000000,0
1531215849499,1531215849495,10039422,0.00015115,4.00000000,0
1531215852359,1531215852356,10039423,0.00015113,6.00000000,0
1531215853127,1531215853122,10039424,0.00015113,4.00000000,0
1531215853127,1531215853122,10039425,0.00015114,1.00000000,0
1531215854178,1531215854173,10039426,0.00015087,1153.00000000,1
1531215854198,1531215854194,10039427,0.00015087,1252.00000000,1
1531215854304,1531215854300,10039428,0.00015100,819.00000000,0
1531215854436,1531215854433,10039429,0.00015100,245.00000000,0
1531215854578,1531215854574,10039430,0.00015100,313.00000000,0
1531215859964,1531215859960,10039431,0.00015112,13.00000000,0
1531215860016,1531215860012,10039432,0.00015112,26.00000000,0
1531215860405,1531215860402,10039433,0.00015113,200.00000000,0
1531215874666,1531215874662,10039434,0.00015115,14.00000000,0
1531215874712,1531215874707,10039435,0.00015115,1.00000000,0
1531215874712,1531215874707,10039436,0.00015131,13.00000000,0
1531215874927,1531215874923,10039437,0.00015131,17.00000000,0
1531215875030,1531215875027,10039438,0.00015131,17.00000000,0
1531215875160,1531215875157,10039439,0.00015131,10.00000000,0
1531215875160,1531215875157,10039440,0.00015136,7.00000000,0
1531215875175,1531215875170,10039441,0.00015136,9.00000000,0
1531215886076,1531215886071,10039442,0.00015136,37.00000000,0
1531215892465,1531215892461,10039443,0.00015107,21.00000000,1
1531215892544,1531215892540,10039444,0.00015108,7.00000000,1
1531215898355,1531215898350,10039445,0.00015157,17.00000000,0
1531215898412,1531215898405,10039446,0.00015157,8.00000000,0
1531215898478,1531215898475,10039447,0.00015157,2.00000000,0
1531215898564,1531215898559,10039448,0.00015157,2.00000000,0
1531215898709,1531215898705,10039449,0.00015157,2.00000000,0
1531215899088,1531215899083,10039450,0.00015157,78.00000000,0
1531215899113,1531215899109,10039451,0.00015160,332.00000000,0
1531215899119,1531215899114,10039452,0.00015163,237.00000000,0
1531215899136,1531215899133,10039453,0.00015176,40.00000000,0
1531215900099,1531215900095,10039454,0.00015159,22.00000000,0
1531215908863,1531215908857,10039455,0.00015186,8.00000000,0
1531215908863,1531215908857,10039456,0.00015187,9.00000000,0
1531215912105,1531215912102,10039457,0.00015156,10.00000000,0
1531215915902,1531215915898,10039458,0.00015186,1.00000000,0
1531215918906,1531215918902,10039459,0.00015144,196.00000000,1
1531215922224,1531215922219,10039460,0.00015164,55.00000000,1
1531215922254,1531215922250,10039461,0.00015164,69.00000000,1
1531215923910,1531215923906,10039462,0.00015182,17.00000000,0
1531215925672,1531215925668,10039463,0.00015164,10.00000000,1
1531215928058,1531215928054,10039464,0.00015164,316.00000000,1
1531215928562,1531215928557,10039465,0.00015159,16.00000000,1
1531215929298,1531215929292,10039466,0.00015155,375.00000000,1
1531215932093,1531215932089,10039467,0.00015157,39.00000000,1
1531215933135,1531215933131,10039468,0.00015157,10.00000000,1
1531215935129,1531215935126,10039469,0.00015157,1205.00000000,1
1531215941196,1531215941192,10039470,0.00015150,1493.00000000,1
1531215941196,1531215941192,10039471,0.00015149,282.00000000,1
1531215941196,1531215941192,10039472,0.00015146,656.00000000,1
1531215941196,1531215941192,10039473,0.00015141,162.00000000,1
1531215942017,1531215942013,10039474,0.00015156,17.00000000,0
1531215942120,1531215942116,10039475,0.00015156,169.00000000,0
1531215942200,1531215942196,10039476,0.00015157,16.00000000,0
1531215942430,1531215942426,10039477,0.00015157,33.00000000,0
1531215942430,1531215942426,10039478,0.00015179,16.00000000,0
1531215942430,1531215942426,10039479,0.00015187,16.00000000,0
1531215961788,1531215961784,10039480,0.00015182,8.00000000,0
1531215968171,1531215968167,10039481,0.00015186,88.00000000,0
1531215968171,1531215968167,10039482,0.00015187,35.00000000,0
1531215968171,1531215968167,10039483,0.00015188,1087.00000000,0
1531215968171,1531215968167,10039484,0.00015189,2312.00000000,0
1531215968198,1531215968193,10039485,0.00015191,182.00000000,0
1531215968202,1531215968199,10039486,0.00015194,53.00000000,0
1531215968217,1531215968213,10039487,0.00015196,120.00000000,0
1531215968607,1531215968604,10039488,0.00015168,28.00000000,1
1531215969428,1531215969423,10039489,0.00015169,16.00000000,1
1531215969428,1531215969423,10039490,0.00015168,260.00000000,1
1531215972335,1531215972331,10039491,0.00015207,10.00000000,0
1531215972389,1531215972385,10039492,0.00015207,2.00000000,0
1531215972423,1531215972419,10039493,0.00015207,2.00000000,0
1531215972466,1531215972463,10039494,0.00015207,2.00000000,0
1531215978197,1531215978194,10039495,0.00015177,285.00000000,1
1531215980906,1531215980902,10039496,0.00015177,145.00000000,1
1531215982102,1531215982099,10039497,0.00015192,14.00000000,0
1531215982636,1531215982632,10039498,0.00015192,258.00000000,0
1531215988132,1531215988128,10039499,0.00015178,445.00000000,1
1531215988155,1531215988152,10039500,0.00015178,1233.00000000,1
1531215988176,1531215988173,10039501,0.00015177,156.00000000,1
1531215996745,1531215996741,10039502,0.00015207,14.00000000,0
1531215998083,1531215998079,10039503,0.00015192,76.00000000,0
1531216004667,1531216004662,10039504,0.00015171,14.00000000,1
1531216004705,1531216004700,10039505,0.00015164,136.00000000,1
1531216006383,1531216006377,10039506,0.00015164,40.00000000,1
1531216006458,1531216006455,10039507,0.00015164,20.00000000,1
1531216007535,1531216007531,10039508,0.00015165,411.00000000,1
1531216010050,1531216010046,10039509,0.00015167,47.00000000,1
1531216010050,1531216010046,10039510,0.00015165,609.00000000,1
1531216010093,1531216010087,10039511,0.00015167,29.00000000,0
1531216011619,1531216011615,10039512,0.00015165,198.00000000,1
1531216016097,1531216016092,10039513,0.00015187,200.00000000,0
1531216017092,1531216017088,10039514,0.00015180,51.00000000,1
1531216017111,1531216017108,10039515,0.00015188,47.00000000,0
1531216019502,1531216019497,10039516,0.00015185,676.00000000,1
1531216022085,1531216022080,10039517,0.00015164,104.00000000,0
1531216031331,1531216031327,10039518,0.00015184,16.00000000,0
1531216031331,1531216031327,10039519,0.00015185,32.00000000,0
1531216031331,1531216031327,10039520,0.00015204,17.00000000,0
1531216054551,1531216054547,10039521,0.00015171,16.00000000,1
1531216054551,1531216054547,10039522,0.00015168,263.00000000,1
1531216054572,1531216054567,10039523,0.00015164,50.00000000,1
1531216054572,1531216054567,10039524,0.00015163,426.00000000,1
1531216054572,1531216054567,10039525,0.00015143,53.00000000,1
1531216054572,1531216054567,10039526,0.00015133,68.00000000,1
1531216054572,1531216054567,10039527,0.00015129,9.00000000,1
1531216054572,1531216054567,10039528,0.00015125,20.00000000,1
1531216054572,1531216054567,10039529,0.00015124,917.00000000,1
1531216054572,1531216054567,10039530,0.00015111,186.00000000,1
1531216063112,1531216063109,10039531,0.00015158,16.00000000,0
1531216070393,1531216070389,10039532,0.00015170,2.00000000,0
1531216076526,1531216076521,10039533,0.00015141,9.00000000,1
1531216086545,1531216086540,10039534,0.00015172,14.00000000,0
1531216088094,1531216088090,10039535,0.00015173,9.00000000,0
1531216097220,1531216097216,10039536,0.00015183,8.00000000,0
1531216106597,1531216106592,10039537,0.00015157,16.00000000,1
1531216107096,1531216107093,10039538,0.00015159,12.00000000,0
1531216108565,1531216108562,10039539,0.00015181,21.00000000,0
1531216114103,1531216114098,10039540,0.00015156,10.00000000,0
1531216117859,1531216117854,10039541,0.00015145,58.00000000,1
1531216117859,1531216117854,10039542,0.00015144,650.00000000,1
1531216117859,1531216117854,10039543,0.00015143,292.00000000,1
1531216124526,1531216124521,10039544,0.00015144,20.00000000,1
1531216124526,1531216124521,10039545,0.00015140,101.00000000,1
1531216124526,1531216124521,10039546,0.00015122,53.00000000,1
1531216124526,1531216124521,10039547,0.00015111,158.00000000,1
1531216124526,1531216124521,10039548,0.00015100,200.00000000,1
1531216124526,1531216124521,10039549,0.00015091,468.00000000,1
1531216127079,1531216127073,10039550,0.00015158,53.00000000,0
1531216127079,1531216127073,10039551,0.00015161,16.00000000,0
1531216127079,1531216127073,10039552,0.00015162,88.00000000,0
1531216127079,1531216127073,10039553,0.00015163,214.00000000,0
1531216129323,1531216129319,10039554,0.00015127,310.00000000,1
1531216129323,1531216129319,10039555,0.00015111,660.00000000,1
1531216129323,1531216129319,10039556,0.00015103,660.00000000,1
1531216129323,1531216129319,10039557,0.00015097,53.00000000,1
1531216129323,1531216129319,10039558,0.00015095,2080.00000000,1
1531216131115,1531216131112,10039559,0.00015138,338.00000000,0
1531216142782,1531216142779,10039560,0.00015136,1.00000000,1
1531216146140,1531216146135,10039561,0.00015136,2306.00000000,1
1531216146140,1531216146135,10039562,0.00015135,10.00000000,1
1531216146140,1531216146135,10039563,0.00015134,16.00000000,1
1531216146140,1531216146135,10039564,0.00015129,9.00000000,1
1531216146140,1531216146135,10039565,0.00015095,481.00000000,1
1531216154104,1531216154098,10039566,0.00015132,67.00000000,0
1531216176083,1531216176078,10039567,0.00015143,1.00000000,0
1531216185362,1531216185358,10039568,0.00015143,278.00000000,0
1531216192040,1531216192036,10039569,0.00015153,488.00000000,0
1531216192071,1531216192065,10039570,0.00015153,411.00000000,0
1531216192086,1531216192082,10039571,0.00015154,13.00000000,0
1531216192098,1531216192094,10039572,0.00015154,3.00000000,0
1531216199113,1531216199109,10039573,0.00015154,635.00000000,0
1531216199147,1531216199125,10039574,0.00015155,8.00000000,0
1531216200354,1531216200350,10039575,0.00015156,468.00000000,0
1531216236617,1531216236612,10039576,0.00015142,376.00000000,1
1531216240925,1531216240920,10039577,0.00015163,212.00000000,0
1531216240925,1531216240920,10039578,0.00015164,91.00000000,0
1531216240925,1531216240920,10039579,0.00015173,733.00000000,0
1531216240957,1531216240952,10039580,0.00015173,1544.00000000,0
1531216246311,1531216246306,10039581,0.00015173,881.00000000,0
1531216249101,1531216249098,10039582,0.00015181,53.00000000,0
1531216250244,1531216250240,10039583,0.00015182,60.00000000,0
1531216252074,1531216252070,10039584,0.00015188,10.00000000,0
1531216253106,1531216253102,10039585,0.00015191,917.00000000,0
1531216253846,1531216253842,10039586,0.00015166,16.00000000,1
1531216253846,1531216253842,10039587,0.00015165,186.00000000,1
1531216256869,1531216256865,10039588,0.00015163,426.00000000,1
1531216259896,1531216259890,10039589,0.00015164,93.00000000,1
1531216261649,1531216261646,10039590,0.00015193,16.00000000,0
1531216261649,1531216261646,10039591,0.00015194,308.00000000,0
1531216262535,1531216262531,10039592,0.00015194,66.00000000,0
1531216262904,1531216262899,10039593,0.00015192,170.00000000,1
1531216265618,1531216265613,10039594,0.00015194,197.00000000,0
1531216265940,1531216265935,10039595,0.00015166,16.00000000,1
1531216265965,1531216265961,10039596,0.00015194,453.00000000,0
1531216266100,1531216266096,10039597,0.00015195,426.00000000,0
1531216267325,1531216267321,10039598,0.00015196,89.00000000,0
1531216267382,1531216267378,10039599,0.00015201,8.00000000,0
1531216267382,1531216267378,10039600,0.00015208,4.00000000,0
1531216268378,1531216268374,10039601,0.00015208,9.00000000,0
1531216268970,1531216268965,10039602,0.00015194,296.00000000,1
1531216271984,1531216271978,10039603,0.00015156,196.00000000,1
1531216271984,1531216271978,10039604,0.00015155,93.00000000,1
1531216271984,1531216271978,10039605,0.00015154,1911.00000000,1
1531216284043,1531216284039,10039606,0.00015197,55.00000000,0
1531216285903,1531216285899,10039607,0.00015188,32.00000000,0
1531216286831,1531216286827,10039608,0.00015188,76.00000000,0
1531216286871,1531216286867,10039609,0.00015187,141.00000000,0
1531216289077,1531216289071,10039610,0.00015187,46.00000000,0
1531216292795,1531216292790,10039611,0.00015173,77.00000000,1
1531216303027,1531216303023,10039612,0.00015187,43.00000000,0
1531216303115,1531216303110,10039613,0.00015171,70.00000000,1
1531216315113,1531216315110,10039614,0.00015204,66.00000000,0
1531216315728,1531216315723,10039615,0.00015203,16.00000000,0
1531216315728,1531216315723,10039616,0.00015204,27.00000000,0
1531216315728,1531216315723,10039617,0.00015205,22.00000000,0
1531216328681,1531216328677,10039618,0.00015175,86.00000000,1
1531216355319,1531216355315,10039619,0.00015189,317.00000000,0
1531216355333,1531216355327,10039620,0.00015208,981.00000000,0
1531216355351,1531216355348,10039621,0.00015208,942.00000000,0
1531216361717,1531216361713,10039622,0.00015207,2.00000000,0
1531216380116,1531216380112,10039623,0.00015177,70.00000000,0
1531216380116,1531216380112,10039624,0.00015177,1930.00000000,0
1531216443951,1531216443946,10039625,0.00015164,16.00000000,1
1531216443951,1531216443946,10039626,0.00015163,371.00000000,1
1531216443951,1531216443946,10039627,0.00015159,522.00000000,1
1531216475550,1531216475546,10039628,0.00015160,611.00000000,1
1531216493519,1531216493513,10039629,0.00015168,779.00000000,0
1531216493528,1531216493523,10039630,0.00015160,672.00000000,1
1531216514677,1531216514672,10039631,0.00015160,1520.00000000,1
1531216524356,1531216524353,10039632,0.00015169,89.00000000,0
1531216524370,1531216524365,10039633,0.00015161,1212.00000000,1
1531216524398,1531216524394,10039634,0.00015161,45.00000000,1
1531216526541,1531216526536,10039635,0.00015160,51.00000000,1
1531216545077,1531216545071,10039636,0.00015176,1433.00000000,0
1531216558360,1531216558356,10039637,0.00015170,284.00000000,0
1531216558378,1531216558374,10039638,0.00015163,1678.00000000,1
1531216558393,1531216558389,10039639,0.00015163,263.00000000,1
1531216574140,1531216574135,10039640,0.00015160,2250.00000000,1
1531216574158,1531216574154,10039641,0.00015160,105.00000000,1
1531216574162,1531216574158,10039642,0.00015160,500.00000000,1
1531216575644,1531216575638,10039643,0.00015176,996.00000000,0
1531216578146,1531216578142,10039644,0.00015159,145.00000000,1
1531216584206,1531216584202,10039645,0.00015175,65.00000000,0
1531216589218,1531216589214,10039646,0.00015159,22.00000000,1
1531216590218,1531216590212,10039647,0.00015173,7.00000000,0
1531216605174,1531216605169,10039648,0.00015160,300.00000000,1
1531216605577,1531216605572,10039649,0.00015160,364.00000000,1
1531216605592,1531216605588,10039650,0.00015160,446.00000000,1
1531216613159,1531216613154,10039651,0.00015159,333.00000000,1
1531216618144,1531216618140,10039652,0.00015159,1024.00000000,0
1531216623201,1531216623198,10039653,0.00015160,300.00000000,0
1531216635680,1531216635676,10039654,0.00015160,69.00000000,1
1531216635703,1531216635700,10039655,0.00015160,377.00000000,1
1531216651031,1531216651026,10039656,0.00015174,16.00000000,0
1531216651031,1531216651026,10039657,0.00015175,28.00000000,0
1531216655076,1531216655070,10039658,0.00015147,238.00000000,1
1531216655098,1531216655094,10039659,0.00015147,1711.00000000,1
1531216663746,1531216663741,10039660,0.00015176,1530.00000000,0
1531216663768,1531216663764,10039661,0.00015176,992.00000000,0
1531216666306,1531216666301,10039662,0.00015174,93.00000000,0
1531216667144,1531216667140,10039663,0.00015174,93.00000000,1
1531216674838,1531216674834,10039664,0.00015147,16.00000000,1
1531216674874,1531216674871,10039665,0.00015146,16.00000000,1
