event_time,trade_time,trade_id,price,quantity,maker
1531210430985,1531210430981,842187,0.00040017,2.00000000,0
1531210463574,1531210463570,842188,0.00039898,2.00000000,1
1531210604381,1531210604377,842189,0.00039899,1.00000000,1
1531210619195,1531210619191,842190,0.00039898,1.00000000,1
1531210688525,1531210688521,842191,0.00039899,3.00000000,1
1531210818574,1531210818569,842192,0.00040016,3.00000000,0
1531210818598,1531210818594,842193,0.00040017,46.00000000,0
1531210818601,1531210818595,842194,0.00040017,2.00000000,0
1531210818601,1531210818595,842195,0.00040022,37.00000000,0
1531210818601,1531210818595,842196,0.00040030,20.00000000,0
1531210818601,1531210818595,842197,0.00040047,13.00000000,0
1531210818601,1531210818595,842198,0.00040048,15.00000000,0
1531210818601,1531210818595,842199,0.00040051,42.00000000,0
1531210818601,1531210818595,842200,0.00040053,11.00000000,0
1531210819530,1531210819524,842201,0.00040016,3.00000000,1
1531210821724,1531210821719,842202,0.00039900,16.00000000,1
1531210821724,1531210821719,842203,0.00039899,30.00000000,1
1531210837647,1531210837644,842204,0.00039899,1.00000000,1
1531211455130,1531211455126,842205,0.00040011,16.00000000,0
1531211455177,1531211455172,842206,0.00040035,23.00000000,0
1531211455177,1531211455172,842207,0.00040040,26.00000000,0
1531211455177,1531211455172,842208,0.00040053,88.00000000,0
1531211455958,1531211455954,842209,0.00040053,16.00000000,0
1531211482538,1531211482534,842210,0.00039909,5.00000000,1
1531211575747,1531211575746,842211,0.00039976,74.00000000,1
1531211638291,1531211638288,842212,0.00039967,8.00000000,1
1531211761541,1531211761535,842213,0.00039982,21.00000000,1
1531211775314,1531211775309,842214,0.00039982,35.00000000,1
1531212032345,1531212032339,842215,0.00040000,88.00000000,1
1531212042118,1531212042113,842216,0.00040000,71.00000000,1
1531212093219,1531212093214,842217,0.00040053,1.00000000,0
1531212093219,1531212093214,842218,0.00040092,23.00000000,0
1531212229827,1531212229823,842219,0.00039999,26.00000000,1
1531212229827,1531212229823,842220,0.00039997,5.00000000,1
1531212276886,1531212276882,842221,0.00040092,24.00000000,0
1531212313994,1531212313989,842222,0.00040091,6.00000000,0
1531212363227,1531212363226,842223,0.00040011,1.00000000,1
1531212363825,1531212363821,842224,0.00040011,1.00000000,1
1531212404519,1531212404515,842225,0.00040013,88.00000000,1
1531212404519,1531212404515,842226,0.00040011,17.00000000,1
1531212489751,1531212489746,842227,0.00040013,37.00000000,1
1531212667821,1531212667817,842228,0.00039967,28.00000000,1
1531212709557,1531212709552,842229,0.00039977,24.00000000,1
1531212796228,1531212796225,842230,0.00040088,4.00000000,0
1531212798182,1531212798176,842231,0.00040088,1.00000000,0
1531212798182,1531212798176,842232,0.00040089,73.00000000,0
1531212798182,1531212798176,842233,0.00040090,14.00000000,0
1531212800681,1531212800676,842234,0.00040092,69.00000000,0
1531212800681,1531212800676,842235,0.00040099,26.00000000,0
1531212819101,1531212819086,842236,0.00040039,1.00000000,1
1531213039340,1531213039336,842237,0.00040074,10.00000000,1
1531213573527,1531213573521,842238,0.00040164,5.00000000,0
1531213573527,1531213573521,842239,0.00040166,19.00000000,0
1531213919657,1531213919653,842240,0.00040046,16.00000000,1
1531213920049,1531213920045,842241,0.00040044,24.00000000,1
1531213921427,1531213921421,842242,0.00040041,88.00000000,1
1531213921816,1531213921813,842243,0.00040039,43.00000000,1
1531213922168,1531213922164,842244,0.00039960,126.00000000,1
1531213922546,1531213922541,842245,0.00039912,101.00000000,1
1531213922946,1531213922942,842246,0.00039913,88.00000000,1
1531213923317,1531213923312,842247,0.00039911,20.00000000,1
1531213923655,1531213923651,842248,0.00039900,88.00000000,1
1531213923655,1531213923651,842249,0.00039898,292.00000000,1
1531213923781,1531213923776,842250,0.00039766,1.00000000,1
1531213923781,1531213923776,842251,0.00039766,12.00000000,1
1531213924006,1531213923999,842252,0.00039780,343.00000000,1
1531213924819,1531213924813,842253,0.00039782,1.00000000,1
1531213926729,1531213926724,842254,0.00039801,1.00000000,1
1531213926926,1531213926920,842255,0.00039803,1.00000000,1
1531214049313,1531214049309,842256,0.00039980,10.00000000,1
1531214313616,1531214313612,842257,0.00039995,1.00000000,1
1531214425982,1531214425979,842258,0.00040141,12.00000000,0
1531214443345,1531214443341,842259,0.00040141,105.00000000,0
1531214450342,1531214450337,842260,0.00040144,155.00000000,0
1531214450872,1531214450869,842261,0.00040144,155.00000000,0
1531214451857,1531214451853,842262,0.00040144,155.00000000,0
1531214452875,1531214452872,842263,0.00040144,101.00000000,0
1531214460439,1531214460434,842264,0.00040157,134.00000000,0
1531214462694,1531214462689,842265,0.00040157,165.00000000,0
1531214463365,1531214463362,842266,0.00040157,155.00000000,0
1531214463687,1531214463684,842267,0.00040157,114.00000000,0
1531214469211,1531214469206,842268,0.00040166,47.00000000,0
1531214479638,1531214479636,842269,0.00040166,4.00000000,1
1531214493753,1531214493750,842270,0.00040171,58.00000000,0
1531214494406,1531214494402,842271,0.00040023,3.00000000,1
1531214591482,1531214591477,842272,0.00040040,1.00000000,1
1531214651952,1531214651947,842273,0.00040042,26.00000000,1
1531214754866,1531214754861,842274,0.00040202,10.00000000,0
1531214754866,1531214754861,842275,0.00040203,14.00000000,0
1531215264911,1531215264907,842276,0.00040042,175.00000000,1
1531215264911,1531215264907,842277,0.00039829,174.00000000,1
1531215264911,1531215264907,842278,0.00039828,46.00000000,1
1531215264927,1531215264922,842279,0.00039828,14.00000000,1
1531215264927,1531215264922,842280,0.00039825,1.00000000,1
1531215264935,1531215264929,842281,0.00039825,499.00000000,1
1531215264935,1531215264929,842282,0.00039800,3.00000000,1
1531215264935,1531215264929,842283,0.00039739,112.00000000,1
1531215264935,1531215264929,842284,0.00039735,42.00000000,1
1531215264935,1531215264929,842285,0.00039700,143.00000000,1
1531215264935,1531215264929,842286,0.00039650,35.00000000,1
1531215264935,1531215264929,842287,0.00039620,7.00000000,1
1531215264935,1531215264929,842288,0.00039604,36.00000000,1
1531215264949,1531215264944,842289,0.00039523,4.00000000,1
1531215264949,1531215264944,842290,0.00039470,8.00000000,1
1531215264949,1531215264944,842291,0.00039447,112.00000000,1
1531215265714,1531215265709,842292,0.00039830,8.00000000,1
1531215266050,1531215266046,842293,0.00039830,1.00000000,1
1531215266175,1531215266170,842294,0.00039859,138.00000000,0
1531215273047,1531215273043,842295,0.00039720,1.00000000,1
1531215273131,1531215273127,842296,0.00039720,17.00000000,1
1531215273163,1531215273157,842297,0.00039720,1.00000000,1
1531215277543,1531215277539,842298,0.00039721,1.00000000,1
1531215279756,1531215279753,842299,0.00039722,1.00000000,1
1531215284841,1531215284836,842300,0.00039722,1.00000000,1
1531215302893,1531215302889,842301,0.00039818,25.00000000,0
1531215329330,1531215329325,842302,0.00039538,1.00000000,1
1531215329355,1531215329351,842303,0.00039538,1.00000000,1
1531215329407,1531215329403,842304,0.00039538,1.00000000,1
1531215336830,1531215336825,842305,0.00039548,1.00000000,1
1531215344812,1531215344808,842306,0.00039652,1.00000000,1
1531215348865,1531215348861,842307,0.00039652,1.00000000,1
1531215357678,1531215357673,842308,0.00039551,1.00000000,1
1531215361081,1531215361075,842309,0.00039556,1.00000000,1
1531215367335,1531215367331,842310,0.00039559,1.00000000,1
1531215385769,1531215385765,842311,0.00039562,59.00000000,1
1531215616456,1531215616449,842312,0.00039778,36.00000000,0
1531215616456,1531215616449,842313,0.00039818,87.00000000,0
1531215616456,1531215616449,842314,0.00039937,55.00000000,0
1531215616456,1531215616449,842315,0.00039958,58.00000000,0
1531215616456,1531215616449,842316,0.00040009,7.00000000,0
1531215616456,1531215616449,842317,0.00040037,17.00000000,0
1531215630817,1531215630814,842318,0.00039658,4.00000000,1
1531215763617,1531215763614,842319,0.00040021,24.00000000,0
1531215833057,1531215833052,842320,0.00040021,30.00000000,0
1531215854610,1531215854606,842321,0.00039662,1.00000000,1
1531215883062,1531215883058,842322,0.00039662,5.00000000,1
1531215884823,1531215884819,842323,0.00039661,9.00000000,1
1531215886089,1531215886085,842324,0.00039662,65.00000000,0
1531215887157,1531215887154,842325,0.00039662,17.00000000,0
1531215910327,1531215910324,842326,0.00039662,44.00000000,0
1531215911111,1531215911106,842327,0.00039662,25.00000000,0
1531215911153,1531215911149,842328,0.00039662,18.00000000,0
1531215995258,1531215995255,842329,0.00039927,1.00000000,0
1531216072564,1531216072559,842330,0.00039662,121.00000000,1
1531216086484,1531216086481,842331,0.00039662,80.00000000,1
1531216087114,1531216087110,842332,0.00039662,23.00000000,1
1531216087667,1531216087663,842333,0.00039620,7.00000000,1
1531216092167,1531216092163,842334,0.00039566,1.00000000,1
1531216100918,1531216100914,842335,0.00039482,1.00000000,1
1531216393668,1531216393663,842336,0.00039491,32.00000000,1
1531216491740,1531216491736,842337,0.00039491,14.00000000,1
1531216517020,1531216517016,842338,0.00039491,1.00000000,1
1531216524931,1531216524927,842339,0.00039491,7.00000000,1
1531216554910,1531216554904,842340,0.00039515,31.00000000,1
1531216582972,1531216582967,842341,0.00039491,6.00000000,1
1531216765781,1531216765778,842342,0.00039491,6.00000000,1
1531216983859,1531216983855,842343,0.00039492,19.00000000,1
1531217119457,1531217119452,842344,0.00039491,47.00000000,1
1531217357780,1531217357777,842345,0.00039491,125.00000000,1
1531217359861,1531217359857,842346,0.00039491,24.00000000,1
1531217361215,1531217361210,842347,0.00039491,12.00000000,1
1531217362645,1531217362640,842348,0.00039491,15.00000000,1
1531217439930,1531217439925,842349,0.00039709,18.00000000,0
1531217439930,1531217439925,842350,0.00039710,5.00000000,0
1531217439930,1531217439925,842351,0.00039871,2.00000000,0
1531217479236,1531217479232,842352,0.00039864,15.00000000,0
1531217603508,1531217603501,842353,0.00039797,2.00000000,0
1531217709144,1531217709139,842354,0.00039750,44.00000000,1
1531217712278,1531217712273,842355,0.00039505,6.00000000,1
1531217712278,1531217712273,842356,0.00039504,28.00000000,1
1531218002567,1531218002563,842357,0.00039551,16.00000000,1
1531218002567,1531218002563,842358,0.00039491,32.00000000,1
1531218064092,1531218064088,842359,0.00039493,86.00000000,1
1531218105785,1531218105782,842360,0.00039743,3.00000000,0
1531218195672,1531218195667,842361,0.00039496,49.00000000,1
1531218363035,1531218363030,842362,0.00039496,43.00000000,1
1531218363035,1531218363030,842363,0.00039491,20.00000000,1
1531218619240,1531218619236,842364,0.00039658,9.00000000,0
1531218648176,1531218648171,842365,0.00039491,13.00000000,1
1531218648176,1531218648171,842366,0.00039482,116.00000000,1
1531218648176,1531218648171,842367,0.00039459,40.00000000,1
1531218651591,1531218651586,842368,0.00039459,1.00000000,1
1531218654657,1531218654653,842369,0.00039425,1.00000000,1
1531218654698,1531218654693,842370,0.00039425,1.00000000,1
1531218654718,1531218654713,842371,0.00039425,1.00000000,1
1531218661659,1531218661654,842372,0.00039425,1.00000000,1
1531218668037,1531218668033,842373,0.00039425,1.00000000,1
1531218673355,1531218673350,842374,0.00039425,1.00000000,1
1531218735615,1531218735610,842375,0.00039425,59.00000000,1
1531218981150,1531218981146,842376,0.00039436,35.00000000,1
1531219218818,1531219218814,842377,0.00039634,11.00000000,0
1531219219682,1531219219678,842378,0.00039425,92.00000000,1
1531219236700,1531219236697,842379,0.00039630,1.00000000,0
1531219332151,1531219332147,842380,0.00039425,1.00000000,1
1531219332849,1531219332846,842381,0.00039425,32.00000000,1
1531219338634,1531219338629,842382,0.00039623,20.00000000,0
1531219338634,1531219338629,842383,0.00039624,1.00000000,0
1531219423410,1531219423406,842384,0.00039624,6.00000000,0
1531219439665,1531219439659,842385,0.00039624,21.00000000,0
1531219621321,1531219621315,842386,0.00039682,2.00000000,0
1531219748586,1531219748581,842387,0.00039430,2.00000000,1
1531219824621,1531219824616,842388,0.00039433,16.00000000,1
1531219824645,1531219824643,842389,0.00039430,16.00000000,1
1531219824654,1531219824650,842390,0.00039430,12.00000000,1
1531219824664,1531219824658,842391,0.00039425,85.00000000,1
1531219824664,1531219824658,842392,0.00039410,13.00000000,1
1531219824664,1531219824658,842393,0.00039302,11.00000000,1
1531219824664,1531219824658,842394,0.00039285,3.00000000,1
1531219824664,1531219824658,842395,0.00039280,12.00000000,1
1531219827446,1531219827440,842396,0.00039280,1.00000000,1
1531219827475,1531219827471,842397,0.00039280,1.00000000,1
1531219827547,1531219827542,842398,0.00039280,1.00000000,1
1531219831878,1531219831873,842399,0.00039270,1.00000000,1
1531219831923,1531219831918,842400,0.00039270,1.00000000,1
1531219831953,1531219831949,842401,0.00039270,1.00000000,1
1531219832493,1531219832487,842402,0.00039270,62.00000000,1
1531219832493,1531219832487,842403,0.00039250,115.00000000,1
1531219835044,1531219835038,842404,0.00039250,1.00000000,1
1531219835099,1531219835095,842405,0.00039250,1.00000000,1
1531219838684,1531219838678,842406,0.00039429,7.00000000,0
1531219842928,1531219842922,842407,0.00039303,1.00000000,1
1531219848846,1531219848843,842408,0.00039303,1.00000000,1
1531219855754,1531219855750,842409,0.00039303,1.00000000,1
1531219858026,1531219858021,842410,0.00039303,1.00000000,1
1531219863748,1531219863743,842411,0.00039303,1.00000000,1
1531219871140,1531219871136,842412,0.00039303,1.00000000,1
1531219875685,1531219875680,842413,0.00039303,1.00000000,1
1531220017264,1531220017258,842414,0.00039400,6.00000000,0
1531220020638,1531220020632,842415,0.00039576,15.00000000,0
1531220056393,1531220056387,842416,0.00039488,1.00000000,1
1531220061768,1531220061763,842417,0.00039309,1.00000000,1
1531220137233,1531220137228,842418,0.00039576,11.00000000,0
1531220447326,1531220447320,842419,0.00039501,136.00000000,0
1531220447326,1531220447320,842420,0.00039502,60.00000000,0
1531220447354,1531220447348,842421,0.00039576,34.00000000,1
1531220447710,1531220447706,842422,0.00039576,35.00000000,1
1531220844729,1531220844726,842423,0.00039577,11.00000000,0
1531220844729,1531220844726,842424,0.00039704,3.00000000,0
1531220923052,1531220923048,842425,0.00039702,17.00000000,0
1531221037035,1531221037029,842426,0.00039701,29.00000000,0
1531221037035,1531221037029,842427,0.00039702,5.00000000,0
1531221037035,1531221037029,842428,0.00039798,43.00000000,0
1531221248009,1531221248005,842429,0.00039632,1.00000000,1
1531221335378,1531221335373,842430,0.00039631,16.00000000,1
1531221335378,1531221335373,842431,0.00039563,1.00000000,1
1531221420363,1531221420359,842432,0.00039605,1.00000000,1
1531222092558,1531222092553,842433,0.00039640,12.00000000,1
1531222092558,1531222092553,842434,0.00039605,58.00000000,1
1531222096887,1531222096882,842435,0.00039606,121.00000000,1
1531222096887,1531222096882,842436,0.00039605,17.00000000,1
1531222104189,1531222104186,842437,0.00039442,1.00000000,1
1531222244217,1531222244212,842438,0.00039587,3.00000000,1
1531222264505,1531222264501,842439,0.00039582,17.00000000,1
1531222265256,1531222265251,842440,0.00039582,17.00000000,1
1531222265262,1531222265257,842441,0.00039582,26.00000000,1
1531222265262,1531222265257,842442,0.00039578,31.00000000,1
1531222265262,1531222265257,842443,0.00039416,1.00000000,1
1531222265992,1531222265987,842444,0.00039583,17.00000000,1
1531222266397,1531222266393,842445,0.00039583,13.00000000,1
1531222266397,1531222266393,842446,0.00039416,10.00000000,1
1531222266397,1531222266393,842447,0.00039411,9.00000000,1
1531222266397,1531222266393,842448,0.00039332,26.00000000,1
1531222267154,1531222267148,842449,0.00039332,34.00000000,1
1531222267154,1531222267148,842450,0.00039328,10.00000000,1
1531222267154,1531222267148,842451,0.00039303,3.00000000,1
1531222267154,1531222267148,842452,0.00039302,3.00000000,1
1531222267154,1531222267148,842453,0.00039250,8.00000000,1
1531222267155,1531222267148,842454,0.00039250,76.00000000,1
1531222267899,1531222267891,842455,0.00039252,22.00000000,1
1531222267899,1531222267891,842456,0.00039250,36.00000000,1
1531222276669,1531222276666,842457,0.00039256,1.00000000,1
1531222469474,1531222469469,842458,0.00039517,15.00000000,0
1531222500107,1531222500103,842459,0.00039273,1.00000000,1
1531222554543,1531222554539,842460,0.00039292,6.00000000,1
1531222554543,1531222554539,842461,0.00039291,3.00000000,1
1531222679884,1531222679879,842462,0.00039517,19.00000000,0
1531222687956,1531222687952,842463,0.00039251,4.00000000,1
1531222687956,1531222687952,842464,0.00039250,4.00000000,1
1531222839614,1531222839611,842465,0.00039251,6.00000000,1
1531222851521,1531222851518,842466,0.00039250,25.00000000,1
1531222851821,1531222851817,842467,0.00039250,62.00000000,1
1531222857200,1531222857196,842468,0.00039183,1.00000000,1
1531222857258,1531222857255,842469,0.00039183,1.00000000,1
1531222857441,1531222857435,842470,0.00039183,1.00000000,1
1531222859175,1531222859171,842471,0.00039183,12.00000000,1
1531222871005,1531222871002,842472,0.00039183,8.00000000,1
1531222871836,1531222871835,842473,0.00039175,1.00000000,1
1531222871864,1531222871859,842474,0.00039175,1.00000000,1
1531222871911,1531222871907,842475,0.00039175,1.00000000,1
1531222883651,1531222883648,842476,0.00039175,1.00000000,1
1531222884015,1531222884013,842477,0.00039175,1.00000000,1
1531222894433,1531222894428,842478,0.00039175,1.00000000,1
1531222899892,1531222899888,842479,0.00039029,3.00000000,1
1531222900318,1531222900314,842480,0.00039029,3.00000000,1
1531222904906,1531222904900,842481,0.00039000,3.00000000,1
1531222904906,1531222904900,842482,0.00038998,6.00000000,1
1531222904906,1531222904900,842483,0.00038967,13.00000000,1
1531222905693,1531222905690,842484,0.00038988,10.00000000,0
1531222905693,1531222905690,842485,0.00038990,8.00000000,0
1531222906467,1531222906464,842486,0.00038967,1.00000000,1
1531222906498,1531222906496,842487,0.00038967,1.00000000,1
1531222906525,1531222906521,842488,0.00038967,3.00000000,1
1531222906534,1531222906530,842489,0.00038967,1.00000000,1
1531222910517,1531222910514,842490,0.00039027,1.00000000,0
1531222919309,1531222919306,842491,0.00038967,1.00000000,1
1531222919381,1531222919377,842492,0.00038957,1.00000000,1
1531222919489,1531222919485,842493,0.00038957,1.00000000,1
1531222923524,1531222923521,842494,0.00038957,24.00000000,1
1531222931675,1531222931671,842495,0.00038957,17.00000000,1
1531222933738,1531222933734,842496,0.00038957,1.00000000,1
1531222933831,1531222933827,842497,0.00038957,1.00000000,1
1531222933954,1531222933950,842498,0.00038957,1.00000000,1
1531222942955,1531222942951,842499,0.00038957,13.00000000,1
1531222948663,1531222948659,842500,0.00038956,17.00000000,0
1531222953148,1531222953145,842501,0.00038956,13.00000000,0
1531222954459,1531222954455,842502,0.00038956,18.00000000,0
1531222965355,1531222965351,842503,0.00038900,1.00000000,1
1531222965413,1531222965410,842504,0.00038900,1.00000000,1
1531222965455,1531222965450,842505,0.00038900,1.00000000,1
1531222966264,1531222966260,842506,0.00038956,62.00000000,0
1531222966264,1531222966260,842507,0.00038957,64.00000000,0
1531222968898,1531222968895,842508,0.00038957,9.00000000,0
1531222969028,1531222969024,842509,0.00038957,30.00000000,0
1531222969052,1531222969049,842510,0.00038957,4.00000000,0
1531222969064,1531222969061,842511,0.00038957,30.00000000,0
1531222973501,1531222973497,842512,0.00038957,7.00000000,0
1531222975071,1531222975068,842513,0.00038900,1.00000000,1
1531222979658,1531222979655,842514,0.00038957,5.00000000,0
1531222984383,1531222984379,842515,0.00038957,4.00000000,0
1531222985197,1531222985194,842516,0.00038900,1.00000000,1
1531222990231,1531222990227,842517,0.00038957,3.00000000,0
1531222993313,1531222993309,842518,0.00038870,1.00000000,1
1531222993352,1531222993350,842519,0.00038870,1.00000000,1
1531222993379,1531222993376,842520,0.00038870,1.00000000,1
1531222999095,1531222999092,842521,0.00038870,1.00000000,1
1531222999139,1531222999136,842522,0.00038870,1.00000000,1
1531222999170,1531222999166,842523,0.00038870,1.00000000,1
1531223004155,1531223004151,842524,0.00038872,1.00000000,1
1531223004211,1531223004206,842525,0.00038870,1.00000000,1
1531223004233,1531223004229,842526,0.00038870,1.00000000,1
1531223004269,1531223004265,842527,0.00038872,20.00000000,1
1531223004269,1531223004265,842528,0.00038870,12.00000000,1
1531223004335,1531223004331,842529,0.00038870,21.00000000,0
1531223004410,1531223004405,842530,0.00038870,7.00000000,0
1531223006025,1531223006021,842531,0.00038747,7.00000000,1
1531223006425,1531223006420,842532,0.00038746,5.00000000,1
1531223006433,1531223006433,842533,0.00038746,5.00000000,1
1531223006436,1531223006433,842534,0.00038747,8.00000000,0
1531223006490,1531223006487,842535,0.00038747,7.00000000,1
1531223006490,1531223006487,842536,0.00038746,2.00000000,1
1531223010385,1531223010381,842537,0.00038747,1.00000000,1
1531223010616,1531223010612,842538,0.00038747,1.00000000,1
1531223010620,1531223010617,842539,0.00038747,1.00000000,1
1531223018214,1531223018211,842540,0.00038735,1.00000000,1
1531223018284,1531223018279,842541,0.00038735,1.00000000,1
1531223018314,1531223018309,842542,0.00038735,1.00000000,1
1531223020813,1531223020808,842543,0.00038798,3.00000000,0
1531223020813,1531223020808,842544,0.00038836,3.00000000,0
1531223030756,1531223030753,842545,0.00038952,2.00000000,0
1531223031813,1531223031810,842546,0.00038870,29.00000000,1
1531223032162,1531223032159,842547,0.00038870,1.00000000,1
1531223032245,1531223032242,842548,0.00038951,8.00000000,0
1531223032617,1531223032610,842549,0.00038951,7.00000000,0
1531223032617,1531223032610,842550,0.00038952,2.00000000,0
1531223038353,1531223038348,842551,0.00038952,8.00000000,0
1531223038406,1531223038402,842552,0.00038957,29.00000000,0
1531223038406,1531223038402,842553,0.00038957,29.00000000,0
1531223039496,1531223039492,842554,0.00038870,1.00000000,1
1531223039565,1531223039560,842555,0.00038957,10.00000000,0
1531223039631,1531223039628,842556,0.00038957,4.00000000,0
1531223046192,1531223046188,842557,0.00038870,22.00000000,1
1531223047744,1531223047740,842558,0.00038736,1.00000000,1
1531223047790,1531223047787,842559,0.00038736,1.00000000,1
1531223047885,1531223047879,842560,0.00038736,1.00000000,1
1531223054109,1531223054105,842561,0.00038736,1.00000000,1
1531223054135,1531223054132,842562,0.00038736,1.00000000,1
1531223061868,1531223061865,842563,0.00038735,1.00000000,1
1531223064591,1531223064587,842564,0.00038736,1.00000000,1
1531223075516,1531223075512,842565,0.00038735,1.00000000,1
1531223078596,1531223078591,842566,0.00038727,1.00000000,1
1531223086549,1531223086545,842567,0.00038727,1.00000000,1
1531223094015,1531223094011,842568,0.00038727,1.00000000,1
1531223094529,1531223094526,842569,0.00038727,2.00000000,1
1531223094566,1531223094562,842570,0.00038727,38.00000000,0
1531223094765,1531223094763,842571,0.00038727,30.00000000,0
1531223103298,1531223103293,842572,0.00038638,1.00000000,1
1531223103346,1531223103341,842573,0.00038638,1.00000000,1
1531223103362,1531223103358,842574,0.00038638,1.00000000,1
1531223110933,1531223110931,842575,0.00038637,1.00000000,1
1531223110962,1531223110959,842576,0.00038637,1.00000000,1
1531223110994,1531223110992,842577,0.00038637,1.00000000,1
1531223113487,1531223113483,842578,0.00038637,1.00000000,1
1531223122389,1531223122385,842579,0.00038637,1.00000000,1
1531223126607,1531223126603,842580,0.00038637,1.00000000,1
1531223137364,1531223137360,842581,0.00038637,1.00000000,1
1531223143649,1531223143647,842582,0.00038637,1.00000000,1
1531223145544,1531223145540,842583,0.00038637,5.00000000,1
1531223145544,1531223145540,842584,0.00038567,18.00000000,1
1531223146399,1531223146394,842585,0.00038567,1.00000000,1
1531223147567,1531223147562,842586,0.00038567,1.00000000,1
1531223151610,1531223151606,842587,0.00038913,3.00000000,0
1531223151610,1531223151606,842588,0.00038914,6.00000000,0
1531223151610,1531223151606,842589,0.00038956,19.00000000,0
1531223151610,1531223151606,842590,0.00038957,32.00000000,0
1531223151610,1531223151606,842591,0.00038983,60.00000000,0
1531223151610,1531223151606,842592,0.00038989,16.00000000,0
1531223154243,1531223154239,842593,0.00038566,1.00000000,1
1531223163713,1531223163690,842594,0.00038506,1.00000000,1
1531223163723,1531223163720,842595,0.00038506,1.00000000,1
1531223163752,1531223163747,842596,0.00038506,1.00000000,1
1531223170724,1531223170719,842597,0.00038508,1.00000000,1
1531223170757,1531223170753,842598,0.00038509,1.00000000,1
1531223170790,1531223170788,842599,0.00038509,1.00000000,1
1531223177480,1531223177476,842600,0.00038511,17.00000000,1
1531223180260,1531223180254,842601,0.00038692,9.00000000,1
1531223181260,1531223181257,842602,0.00038506,1.00000000,1
1531223189851,1531223189848,842603,0.00038510,1.00000000,1
1531223193476,1531223193474,842604,0.00038512,1.00000000,1
1531223198716,1531223198712,842605,0.00038514,20.00000000,1
1531223199530,1531223199526,842606,0.00038514,20.00000000,1
1531223203295,1531223203291,842607,0.00038514,1.00000000,1
1531223209783,1531223209780,842608,0.00038514,1.00000000,1
1531223212795,1531223212790,842609,0.00038921,1.00000000,0
1531223212797,1531223212796,842610,0.00038516,1.00000000,1
1531223223405,1531223223402,842611,0.00038505,1.00000000,1
1531223227482,1531223227479,842612,0.00038504,1.00000000,1
1531223237005,1531223237001,842613,0.00038508,1.00000000,1
1531223241042,1531223241038,842614,0.00038513,8.00000000,1
1531223241467,1531223241463,842615,0.00038900,8.00000000,0
1531223251849,1531223251845,842616,0.00038899,8.00000000,0
1531223256474,1531223256471,842617,0.00038899,10.00000000,0
1531223262092,1531223262087,842618,0.00038899,9.00000000,0
1531223270102,1531223270098,842619,0.00038899,10.00000000,0
1531223273939,1531223273935,842620,0.00038899,3.00000000,0
1531223284379,1531223284376,842621,0.00038899,4.00000000,0
1531223397226,1531223397222,842622,0.00038769,9.00000000,0
1531223404668,1531223404664,842623,0.00038808,6.00000000,1
1531223404681,1531223404676,842624,0.00038808,5.00000000,0
1531223406708,1531223406703,842625,0.00038900,5.00000000,0
1531223437394,1531223437389,842626,0.00038786,1.00000000,1
1531223437837,1531223437833,842627,0.00038786,1.00000000,1
1531223468838,1531223468834,842628,0.00038900,2.00000000,0
1531223658065,1531223658061,842629,0.00038900,84.00000000,1
1531223694912,1531223694909,842630,0.00038900,18.00000000,0
1531223695038,1531223695034,842631,0.00038802,3.00000000,1
1531223711048,1531223711042,842632,0.00038900,5.00000000,0
1531223711069,1531223711068,842633,0.00038900,5.00000000,0
1531223715418,1531223715414,842634,0.00038900,5.00000000,0
1531223719942,1531223719938,842635,0.00038804,8.00000000,1
1531223719942,1531223719938,842636,0.00038800,7.00000000,1
1531223722992,1531223722988,842637,0.00038802,35.00000000,0
1531223723007,1531223723004,842638,0.00038802,35.00000000,0
1531223723013,1531223723009,842639,0.00038802,15.00000000,0
1531223745204,1531223745200,842640,0.00038800,93.00000000,1
1531223766449,1531223766446,842641,0.00038800,29.00000000,0
1531223806566,1531223806563,842642,0.00038740,16.00000000,1
1531223806566,1531223806563,842643,0.00038738,28.00000000,1
1531223815255,1531223815251,842644,0.00038592,1.00000000,1
1531223815315,1531223815311,842645,0.00038592,1.00000000,1
1531223844637,1531223844635,842646,0.00038882,9.00000000,0
1531223869526,1531223869523,842647,0.00038880,3.00000000,0
1531223881479,1531223881475,842648,0.00038878,19.00000000,0
1531223896486,1531223896482,842649,0.00038899,2.00000000,0
1531223931327,1531223931321,842650,0.00038623,17.00000000,1
1531223931327,1531223931321,842651,0.00038622,18.00000000,1
1531223931327,1531223931321,842652,0.00038560,237.00000000,1
1531223931327,1531223931321,842653,0.00038558,60.00000000,1
1531223931327,1531223931321,842654,0.00038518,60.00000000,1
1531223931327,1531223931321,842655,0.00038516,81.00000000,1
1531223931327,1531223931321,842656,0.00038504,23.00000000,1
1531223931327,1531223931321,842657,0.00038500,198.00000000,1
1531223931351,1531223931348,842658,0.00038500,86.00000000,0
1531223931354,1531223931353,842659,0.00038500,18.00000000,0
1531223931368,1531223931364,842660,0.00038500,18.00000000,0
1531223931379,1531223931377,842661,0.00038500,10.00000000,0
1531223931722,1531223931719,842662,0.00038500,10.00000000,0
1531223932051,1531223932047,842663,0.00038500,18.00000000,0
1531223935929,1531223935930,842664,0.00038492,1.00000000,1
1531223936049,1531223936044,842665,0.00038492,1.00000000,1
1531223936205,1531223936202,842666,0.00038500,211.00000000,0
1531223936441,1531223936436,842667,0.00038500,1.00000000,0
1531223941476,1531223941473,842668,0.00038828,8.00000000,0
1531223951768,1531223951765,842669,0.00038796,8.00000000,0
1531223954751,1531223954746,842670,0.00038793,8.00000000,0
1531223960269,1531223960266,842671,0.00038493,1.00000000,1
1531223960502,1531223960497,842672,0.00038792,3.00000000,0
1531223964982,1531223964979,842673,0.00038791,20.00000000,0
1531223988884,1531223988880,842674,0.00038782,29.00000000,0
1531223994141,1531223994136,842675,0.00038509,24.00000000,1
1531224016713,1531224016711,842676,0.00038765,9.00000000,0
1531224017083,1531224017084,842677,0.00038765,9.00000000,0
1531224033389,1531224033386,842678,0.00038759,8.00000000,0
1531224035243,1531224035240,842679,0.00038758,8.00000000,0
1531224037701,1531224037698,842680,0.00038517,1.00000000,1
1531224080217,1531224080213,842681,0.00038699,8.00000000,0
1531224080503,1531224080502,842682,0.00038699,8.00000000,0
1531224090895,1531224090892,842683,0.00038699,7.00000000,0
1531224095807,1531224095804,842684,0.00038650,29.00000000,0
1531224099388,1531224099385,842685,0.00038649,6.00000000,0
1531224122219,1531224122216,842686,0.00038593,10.00000000,0
1531224123865,1531224123861,842687,0.00038500,217.00000000,0
1531224144228,1531224144225,842688,0.00038492,6.00000000,1
1531224144228,1531224144225,842689,0.00038414,52.00000000,1
1531224144981,1531224144977,842690,0.00038414,8.00000000,1
1531224144981,1531224144977,842691,0.00038410,50.00000000,1
1531224145041,1531224145039,842692,0.00038549,12.00000000,0
1531224145634,1531224145630,842693,0.00038412,1.00000000,1
1531224145730,1531224145727,842694,0.00038412,1.00000000,1
1531224145749,1531224145744,842695,0.00038412,54.00000000,1
1531224145749,1531224145744,842696,0.00038411,4.00000000,1
1531224148265,1531224148260,842697,0.00038410,4.00000000,1
1531224162856,1531224162851,842698,0.00038410,43.00000000,1
1531224162871,1531224162869,842699,0.00038400,54.00000000,0
1531224166627,1531224166625,842700,0.00038378,25.00000000,1
1531224167776,1531224167773,842701,0.00038379,1.00000000,1
1531224167976,1531224167972,842702,0.00038379,1.00000000,1
1531224169048,1531224169044,842703,0.00038500,29.00000000,0
1531224169523,1531224169518,842704,0.00038261,2.00000000,1
1531224190543,1531224190540,842705,0.00038499,9.00000000,0
1531224196007,1531224196004,842706,0.00038498,65.00000000,0
1531224203641,1531224203637,842707,0.00038450,17.00000000,0
1531224203641,1531224203637,842708,0.00038498,91.00000000,0
1531224203935,1531224203931,842709,0.00038498,3.00000000,0
1531224237453,1531224237450,842710,0.00038496,29.00000000,0
1531224264018,1531224264014,842711,0.00038499,3.00000000,0
1531224271426,1531224271423,842712,0.00038499,10.00000000,0
1531224279964,1531224279961,842713,0.00038499,3.00000000,0
1531224294455,1531224294452,842714,0.00038499,20.00000000,0
1531224314833,1531224314831,842715,0.00038499,66.00000000,0
1531224318505,1531224318504,842716,0.00038499,30.00000000,0
1531224318565,1531224318567,842717,0.00038499,26.00000000,0
1531224338349,1531224338349,842718,0.00038500,3.00000000,1
1531224338373,1531224338368,842719,0.00038500,35.00000000,0
1531224340004,1531224340002,842720,0.00038500,23.00000000,0
1531224341275,1531224341270,842721,0.00038593,20.00000000,0
1531224346629,1531224346626,842722,0.00038593,5.00000000,0
1531224381499,1531224381495,842723,0.00038500,1.00000000,1
1531224389188,1531224389185,842724,0.00038500,79.00000000,1
1531224426189,1531224426185,842725,0.00038593,29.00000000,0
1531224443408,1531224443404,842726,0.00038593,9.00000000,0
1531224506461,1531224506458,842727,0.00038505,20.00000000,1
1531224604339,1531224604341,842728,0.00038589,82.00000000,0
1531224604339,1531224604341,842729,0.00038590,16.00000000,0
1531224631815,1531224631811,842730,0.00038592,3.00000000,1
1531224631997,1531224631996,842731,0.00038592,106.00000000,1
1531224631997,1531224631996,842732,0.00038499,3.00000000,1
1531224632180,1531224632178,842733,0.00038499,59.00000000,1
1531224632180,1531224632178,842734,0.00038306,31.00000000,1
1531224632180,1531224632178,842735,0.00038165,10.00000000,1
1531224632180,1531224632178,842736,0.00038155,10.00000000,1
1531224632180,1531224632178,842737,0.00038149,61.00000000,1
1531224635380,1531224635376,842738,0.00038384,5.00000000,0
1531224636724,1531224636719,842739,0.00038384,5.00000000,0
1531224636737,1531224636734,842740,0.00038499,6.00000000,0
1531224636776,1531224636773,842741,0.00038499,4.00000000,0
1531224636821,1531224636816,842742,0.00038547,4.00000000,0
1531224638589,1531224638585,842743,0.00038193,1.00000000,1
1531224638626,1531224638622,842744,0.00038193,1.00000000,1
1531224638653,1531224638650,842745,0.00038193,1.00000000,1
1531224639118,1531224639114,842746,0.00038171,20.00000000,1
1531224639118,1531224639114,842747,0.00038170,7.00000000,1
1531224639118,1531224639114,842748,0.00038169,10.00000000,1
1531224660618,1531224660614,842749,0.00038542,18.00000000,0
1531224662429,1531224662426,842750,0.00038542,4.00000000,0
1531224662556,1531224662553,842751,0.00038542,3.00000000,0
1531224665924,1531224665924,842752,0.00038541,3.00000000,0
1531224666017,1531224666014,842753,0.00038541,4.00000000,0
1531224666596,1531224666591,842754,0.00038190,3.00000000,1
1531224666596,1531224666591,842755,0.00038189,17.00000000,1
1531224667117,1531224667114,842756,0.00038191,22.00000000,1
1531224677256,1531224677252,842757,0.00038199,4.00000000,1
1531224677256,1531224677252,842758,0.00038198,13.00000000,1
1531224677256,1531224677252,842759,0.00038159,3.00000000,1
1531224678888,1531224678884,842760,0.00038197,23.00000000,0
1531224684626,1531224684621,842761,0.00038531,25.00000000,0
1531224684626,1531224684621,842762,0.00038532,2.00000000,0
1531224723503,1531224723500,842763,0.00038523,22.00000000,0
1531224723503,1531224723500,842764,0.00038524,36.00000000,0
1531224732059,1531224732056,842765,0.00038270,126.00000000,1
1531224734077,1531224734073,842766,0.00038271,17.00000000,1
1531224734077,1531224734073,842767,0.00038264,20.00000000,1
1531224763158,1531224763160,842768,0.00038275,69.00000000,1
1531224769518,1531224769517,842769,0.00038396,10.00000000,0
1531224769731,1531224769727,842770,0.00038374,30.00000000,0
1531224770632,1531224770629,842771,0.00038374,20.00000000,0
1531224781925,1531224781922,842772,0.00038316,19.00000000,0
1531224822916,1531224822911,842773,0.00038470,5.00000000,0
1531224841598,1531224841594,842774,0.00038459,5.00000000,0
1531224857758,1531224857755,842775,0.00038453,4.00000000,0
1531224863131,1531224863130,842776,0.00038452,3.00000000,0
1531224903341,1531224903338,842777,0.00038375,11.00000000,1
1531224903341,1531224903338,842778,0.00038337,10.00000000,1
1531224903830,1531224903826,842779,0.00038337,6.00000000,1
1531224903830,1531224903826,842780,0.00038298,15.00000000,1
1531224938736,1531224938733,842781,0.00038298,5.00000000,1
1531224942225,1531224942222,842782,0.00038298,1.00000000,1
1531224942225,1531224942222,842783,0.00038297,194.00000000,1
1531224944146,1531224944143,842784,0.00038297,70.00000000,1
1531224954106,1531224954104,842785,0.00038399,4.00000000,0
1531224991238,1531224991233,842786,0.00038397,9.00000000,0
1531224991959,1531224991962,842787,0.00038397,19.00000000,0
1531225009610,1531225009608,842788,0.00038397,5.00000000,0
1531225014048,1531225014044,842789,0.00038397,10.00000000,0
1531225059941,1531225059938,842790,0.00038329,73.00000000,0
1531225061081,1531225061083,842791,0.00038330,28.00000000,0
1531225123075,1531225123072,842792,0.00038399,43.00000000,0
1531225141673,1531225141675,842793,0.00038399,9.00000000,0
1531225145902,1531225145899,842794,0.00038438,26.00000000,0
1531225164952,1531225164948,842795,0.00038459,16.00000000,0
1531225166876,1531225166872,842796,0.00038459,3.00000000,0
1531225167206,1531225167203,842797,0.00038324,14.00000000,1
1531225200846,1531225200841,842798,0.00038459,5.00000000,0
1531225213437,1531225213434,842799,0.00038324,22.00000000,1
1531225214014,1531225214010,842800,0.00038319,107.00000000,1
1531225232766,1531225232763,842801,0.00038320,17.00000000,1
1531225232766,1531225232763,842802,0.00038319,84.00000000,1
1531225290050,1531225290046,842803,0.00038324,26.00000000,1
1531225290050,1531225290046,842804,0.00038319,46.00000000,1
1531225291584,1531225291580,842805,0.00038319,1.00000000,1
1531225344920,1531225344917,842806,0.00038321,23.00000000,1
1531225392317,1531225392314,842807,0.00038444,5.00000000,0
1531225401951,1531225401948,842808,0.00038442,11.00000000,0
1531225407025,1531225407022,842809,0.00038324,1.00000000,1
1531225484181,1531225484179,842810,0.00038422,11.00000000,0
1531225484181,1531225484179,842811,0.00038464,54.00000000,0
1531225486029,1531225486027,842812,0.00038325,20.00000000,1
1531225495109,1531225495106,842813,0.00038463,19.00000000,0
1531225554493,1531225554490,842814,0.00038462,82.00000000,0
1531225566498,1531225566494,842815,0.00038330,30.00000000,1
1531225568860,1531225568856,842816,0.00038330,66.00000000,1
1531225571725,1531225571722,842817,0.00038462,1.00000000,0
1531225575447,1531225575444,842818,0.00038465,1.00000000,0
1531225607400,1531225607398,842819,0.00038335,15.00000000,1
1531225629354,1531225629351,842820,0.00038338,17.00000000,1
1531225632580,1531225632575,842821,0.00038330,47.00000000,1
1531225684384,1531225684380,842822,0.00038335,11.00000000,1
1531225687686,1531225687682,842823,0.00038464,5.00000000,0
1531225777605,1531225777602,842824,0.00038462,12.00000000,0
1531225782167,1531225782166,842825,0.00038462,10.00000000,1
1531225785116,1531225785112,842826,0.00038462,2.00000000,1
1531225785116,1531225785112,842827,0.00038373,8.00000000,1
1531225786363,1531225786358,842828,0.00038465,22.00000000,0
1531225878006,1531225878003,842829,0.00038465,4.00000000,1
1531225878006,1531225878003,842830,0.00038380,6.00000000,1
1531225893834,1531225893831,842831,0.00038380,5.00000000,1
1531226332087,1531226332081,842832,0.00038415,19.00000000,1
1531226461882,1531226461877,842833,0.00038422,5.00000000,0
1531226484789,1531226484784,842834,0.00038450,4.00000000,0
1531226486415,1531226486410,842835,0.00038450,16.00000000,0
1531226498204,1531226498201,842836,0.00038450,1.00000000,0
1531226529592,1531226529592,842837,0.00038468,6.00000000,0
1531226529592,1531226529592,842838,0.00038469,8.00000000,0
1531226529643,1531226529640,842839,0.00038469,5.00000000,0
1531226529780,1531226529776,842840,0.00038469,3.00000000,0
1531226529780,1531226529776,842841,0.00038508,2.00000000,0
1531226552042,1531226552039,842842,0.00038508,9.00000000,0
1531226552124,1531226552125,842843,0.00038547,6.00000000,0
1531226552874,1531226552870,842844,0.00038593,8.00000000,0
1531226622378,1531226622374,842845,0.00038436,1.00000000,1
1531226622592,1531226622589,842846,0.00038437,34.00000000,1
1531226623659,1531226623656,842847,0.00038436,11.00000000,1
1531226624386,1531226624384,842848,0.00038436,7.00000000,1
1531226632552,1531226632548,842849,0.00038592,18.00000000,0
1531226696039,1531226696035,842850,0.00038592,8.00000000,0
1531226756570,1531226756566,842851,0.00038592,3.00000000,0
1531226821504,1531226821504,842852,0.00038592,3.00000000,0
1531226890367,1531226890363,842853,0.00038592,10.00000000,0
1531226912603,1531226912599,842854,0.00038592,12.00000000,0
1531226977030,1531226977026,842855,0.00038592,3.00000000,0
1531226999637,1531226999634,842856,0.00038592,1.00000000,0
1531226999637,1531226999634,842857,0.00038600,3.00000000,0
1531226999646,1531226999642,842858,0.00038641,7.00000000,0
1531226999660,1531226999656,842859,0.00038641,16.00000000,0
1531226999712,1531226999706,842860,0.00038641,16.00000000,0
1531226999762,1531226999758,842861,0.00038641,16.00000000,0
1531227077150,1531227077145,842862,0.00038589,1.00000000,1
1531227118947,1531227118942,842863,0.00038589,93.00000000,1
1531227146316,1531227146312,842864,0.00038641,9.00000000,0
1531227230332,1531227230328,842865,0.00038707,5.00000000,0
1531227266297,1531227266297,842866,0.00038707,14.00000000,0
1531227266303,1531227266300,842867,0.00038707,9.00000000,0
1531227270219,1531227270216,842868,0.00038773,9.00000000,0
1531227309611,1531227309610,842869,0.00038773,58.00000000,0
1531227399679,1531227399675,842870,0.00038774,96.00000000,1
1531227510447,1531227510443,842871,0.00038784,60.00000000,0
1531227510447,1531227510443,842872,0.00038810,17.00000000,0
1531227586588,1531227586583,842873,0.00038701,18.00000000,1
1531227586588,1531227586583,842874,0.00038700,3.00000000,1
1531227586588,1531227586583,842875,0.00038645,27.00000000,1
1531227645577,1531227645576,842876,0.00038656,165.00000000,1
1531227685466,1531227685462,842877,0.00038664,10.00000000,1
1531227685466,1531227685462,842878,0.00038660,23.00000000,1
1531227699730,1531227699725,842879,0.00038700,6.00000000,1
1531227699730,1531227699725,842880,0.00038660,22.00000000,1
1531227734608,1531227734607,842881,0.00038665,12.00000000,1
1531227734608,1531227734607,842882,0.00038660,96.00000000,1
1531227753297,1531227753294,842883,0.00038677,5.00000000,1
1531227761452,1531227761448,842884,0.00038801,29.00000000,0
1531227773131,1531227773127,842885,0.00038677,20.00000000,1
1531227777807,1531227777802,842886,0.00038801,181.00000000,0
1531227777807,1531227777802,842887,0.00038804,26.00000000,0
1531227777807,1531227777802,842888,0.00038843,20.00000000,0
1531227777807,1531227777802,842889,0.00038844,3.00000000,0
1531227777807,1531227777802,842890,0.00038885,26.00000000,0
1531227785200,1531227785197,842891,0.00038885,34.00000000,0
1531227785243,1531227785240,842892,0.00038885,277.00000000,1
1531227785417,1531227785412,842893,0.00038678,195.00000000,1
1531227785417,1531227785412,842894,0.00038677,20.00000000,1
1531227785417,1531227785412,842895,0.00038667,62.00000000,1
1531227888992,1531227888988,842896,0.00039029,1.00000000,0
1531227959349,1531227959346,842897,0.00039011,4.00000000,0
1531227959349,1531227959346,842898,0.00039013,76.00000000,0
1531228050704,1531228050699,842899,0.00038993,13.00000000,1
1531228266826,1531228266822,842900,0.00038948,10.00000000,0
1531228283387,1531228283383,842901,0.00038716,11.00000000,1
1531228287992,1531228287988,842902,0.00038716,11.00000000,1
1531228310753,1531228310749,842903,0.00038991,1.00000000,0
1531228335235,1531228335231,842904,0.00038717,6.00000000,1
1531228339551,1531228339546,842905,0.00038718,9.00000000,1
1531228404009,1531228404004,842906,0.00038713,11.00000000,1
1531228447210,1531228447206,842907,0.00038713,17.00000000,1
1531228447269,1531228447264,842908,0.00038713,47.00000000,0
1531228447664,1531228447659,842909,0.00038713,32.00000000,0
1531228448381,1531228448379,842910,0.00038713,9.00000000,0
1531228664572,1531228664569,842911,0.00038717,4.00000000,1
1531228702104,1531228702101,842912,0.00038721,116.00000000,1
1531228702104,1531228702101,842913,0.00038720,199.00000000,1
1531228771121,1531228771117,842914,0.00038926,9.00000000,0
1531228771121,1531228771117,842915,0.00038927,11.00000000,0
1531228771121,1531228771117,842916,0.00038974,80.00000000,0
1531228844321,1531228844314,842917,0.00038729,1.00000000,1
1531228846545,1531228846541,842918,0.00038730,1.00000000,1
1531228936760,1531228936754,842919,0.00038748,18.00000000,1
1531229460187,1531229460182,842920,0.00038936,3.00000000,0
1531229478594,1531229478590,842921,0.00038936,25.00000000,0
1531229543083,1531229543078,842922,0.00038936,24.00000000,0
1531229580919,1531229580915,842923,0.00038936,35.00000000,0
1531229592128,1531229592124,842924,0.00038936,13.00000000,0
1531229599326,1531229599320,842925,0.00038762,1.00000000,1
1531229663486,1531229663481,842926,0.00038934,6.00000000,0
1531229713927,1531229713923,842927,0.00038778,3.00000000,1
1531229777965,1531229777960,842928,0.00038774,187.00000000,1
1531229832005,1531229832001,842929,0.00038774,38.00000000,1
1531230164287,1531230164282,842930,0.00038776,219.00000000,1
1531230215644,1531230215612,842931,0.00038776,44.00000000,1
1531230248832,1531230248826,842932,0.00038776,9.00000000,1
1531230293243,1531230293238,842933,0.00038901,78.00000000,0
1531230327573,1531230327568,842934,0.00038788,8.00000000,1
1531230458797,1531230458794,842935,0.00038788,22.00000000,1
1531230458797,1531230458794,842936,0.00038777,15.00000000,1
1531230459457,1531230459453,842937,0.00038778,6.00000000,1
1531230510316,1531230510312,842938,0.00038941,1.00000000,0
1531230567467,1531230567464,842939,0.00038788,5.00000000,1
1531230567467,1531230567464,842940,0.00038778,22.00000000,1
1531230633323,1531230633318,842941,0.00038778,34.00000000,1
1531230644805,1531230644800,842942,0.00038778,4.00000000,0
1531230730761,1531230730756,842943,0.00038778,103.00000000,0
1531230753958,1531230753953,842944,0.00038778,247.00000000,1
1531230771181,1531230771177,842945,0.00038777,160.00000000,1
1531230790170,1531230790165,842946,0.00038777,25.00000000,0
1531230864657,1531230864653,842947,0.00038775,40.00000000,1
1531230864657,1531230864653,842948,0.00038774,113.00000000,1
1531230887295,1531230887291,842949,0.00038777,5.00000000,0
1531230912868,1531230912864,842950,0.00038777,1.00000000,0
1531230929636,1531230929630,842951,0.00038774,96.00000000,1
1531230940119,1531230940115,842952,0.00038777,5.00000000,0
1531230940129,1531230940123,842953,0.00038777,67.00000000,0
1531230940856,1531230940851,842954,0.00038777,248.00000000,0
1531230940882,1531230940878,842955,0.00038872,19.00000000,0
1531230940949,1531230940943,842956,0.00038774,44.00000000,1
1531230940949,1531230940943,842957,0.00038749,3.00000000,1
1531230940949,1531230940943,842958,0.00038733,60.00000000,1
1531230940949,1531230940943,842959,0.00038713,4.00000000,1
1531230940949,1531230940943,842960,0.00038702,50.00000000,1
1531230940949,1531230940943,842961,0.00038700,87.00000000,1
1531231139979,1531231139976,842962,0.00038907,1.00000000,0
1531231187323,1531231187319,842963,0.00038824,4.00000000,1
1531231249617,1531231249612,842964,0.00038824,1.00000000,1
1531231308864,1531231308860,842965,0.00038824,134.00000000,1
1531231410468,1531231410465,842966,0.00038907,1.00000000,0
1531231583472,1531231583467,842967,0.00038768,19.00000000,1
1531231583472,1531231583467,842968,0.00038703,86.00000000,1
1531231584995,1531231584991,842969,0.00038703,1.00000000,1
1531231677380,1531231677377,842970,0.00038703,12.00000000,1
1531231941485,1531231941481,842971,0.00038703,1.00000000,1
1531232012592,1531232012587,842972,0.00038703,356.00000000,1
1531232026360,1531232026355,842973,0.00038700,17.00000000,1
1531232028595,1531232028592,842974,0.00038645,40.00000000,1
1531232034470,1531232034467,842975,0.00038583,1.00000000,1
1531232034570,1531232034566,842976,0.00038583,1.00000000,1
1531232034653,1531232034648,842977,0.00038583,1.00000000,1
1531232036098,1531232036094,842978,0.00038583,3.00000000,1
1531232036098,1531232036094,842979,0.00038582,24.00000000,1
1531232039525,1531232039519,842980,0.00038583,1.00000000,1
1531232048452,1531232048448,842981,0.00038583,59.00000000,1
1531232051183,1531232051179,842982,0.00038582,17.00000000,1
1531232052760,1531232052755,842983,0.00038519,15.00000000,1
1531232056224,1531232056220,842984,0.00038518,60.00000000,1
1531232062073,1531232062069,842985,0.00038508,1.00000000,1
1531232070453,1531232070449,842986,0.00038508,88.00000000,1
1531232072667,1531232072663,842987,0.00038502,32.00000000,1
1531232074511,1531232074506,842988,0.00038501,1.00000000,1
1531232074585,1531232074580,842989,0.00038501,1.00000000,1
1531232074847,1531232074843,842990,0.00038501,1.00000000,1
1531232080148,1531232080145,842991,0.00038457,1.00000000,1
1531232090855,1531232090853,842992,0.00038425,1.00000000,1
1531232205973,1531232205969,842993,0.00038518,8.00000000,0
1531232381799,1531232381795,842994,0.00038502,7.00000000,1
1531232381799,1531232381795,842995,0.00038439,11.00000000,1
1531232431958,1531232431950,842996,0.00038423,1.00000000,1
1531232432081,1531232432073,842997,0.00038423,1.00000000,1
1531232432191,1531232432186,842998,0.00038423,1.00000000,1
1531232531203,1531232531198,842999,0.00038527,7.00000000,0
1531232531203,1531232531198,843000,0.00038528,5.00000000,0
1531232591459,1531232591455,843001,0.00038526,1.00000000,0
1531232597563,1531232597558,843002,0.00038526,24.00000000,0
1531232597563,1531232597558,843003,0.00038527,79.00000000,0
1531232638429,1531232638426,843004,0.00038527,5.00000000,0
1531232657142,1531232657138,843005,0.00038527,10.00000000,1
1531232669131,1531232669126,843006,0.00038424,47.00000000,1
1531232669840,1531232669834,843007,0.00038423,118.00000000,1
1531232670847,1531232670842,843008,0.00038422,315.00000000,1
1531232672839,1531232672835,843009,0.00038400,22.00000000,1
1531232715584,1531232715579,843010,0.00038400,38.00000000,1
1531232717407,1531232717402,843011,0.00038351,43.00000000,1
1531232718958,1531232718955,843012,0.00038350,1.00000000,1
1531232719322,1531232719318,843013,0.00038350,800.00000000,1
1531232725841,1531232725837,843014,0.00038313,1.00000000,1
1531232725980,1531232725977,843015,0.00038313,1.00000000,1
1531232726066,1531232726062,843016,0.00038313,1.00000000,1
1531232730025,1531232730018,843017,0.00038240,1.00000000,1
1531232734599,1531232734595,843018,0.00038242,1.00000000,1
1531232739309,1531232739306,843019,0.00038242,1.00000000,1
1531232743079,1531232743075,843020,0.00038242,53.00000000,1
1531232748219,1531232748214,843021,0.00038144,3.00000000,1
1531232751055,1531232751052,843022,0.00038143,1.00000000,1
1531232751085,1531232751081,843023,0.00038143,1.00000000,1
1531232751162,1531232751159,843024,0.00038143,1.00000000,1
1531232755881,1531232755877,843025,0.00038143,1.00000000,1
1531232756165,1531232756164,843026,0.00038242,8.00000000,0
1531232762478,1531232762473,843027,0.00038242,3.00000000,1
1531232842268,1531232842264,843028,0.00038242,2.00000000,1
1531232842268,1531232842264,843029,0.00038143,2.00000000,1
1531232845138,1531232845134,843030,0.00038154,1.00000000,1
1531232851268,1531232851264,843031,0.00038167,1.00000000,1
1531232911600,1531232911594,843032,0.00038199,8.00000000,1
1531232911600,1531232911594,843033,0.00038143,14.00000000,1
1531232911600,1531232911594,843034,0.00038124,3.00000000,1
1531232911600,1531232911594,843035,0.00038057,7.00000000,1
1531232912762,1531232912758,843036,0.00038057,1.00000000,1
1531232912916,1531232912911,843037,0.00038057,1.00000000,1
1531232912942,1531232912936,843038,0.00038057,1.00000000,1
1531232921115,1531232921113,843039,0.00038058,1.00000000,1
1531232921333,1531232921330,843040,0.00038058,1.00000000,1
1531232921359,1531232921354,843041,0.00038058,1.00000000,1
1531232924145,1531232924140,843042,0.00038058,1.00000000,1
1531232928830,1531232928826,843043,0.00038058,212.00000000,1
1531232928885,1531232928880,843044,0.00038058,9.00000000,0
1531232928905,1531232928901,843045,0.00038058,69.00000000,0
1531232929573,1531232929572,843046,0.00038057,1.00000000,1
1531232929855,1531232929851,843047,0.00038058,2113.00000000,0
1531232933303,1531232933299,843048,0.00038061,1.00000000,1
1531233053693,1531233053689,843049,0.00038334,1.00000000,0
1531233084181,1531233084177,843050,0.00038334,2.00000000,0
1531233084181,1531233084177,843051,0.00038335,23.00000000,0
1531233084181,1531233084177,843052,0.00038441,3.00000000,0
1531233084181,1531233084177,843053,0.00038623,58.00000000,0
1531233088648,1531233088644,843054,0.00038623,13.00000000,0
1531233121369,1531233121365,843055,0.00038623,36.00000000,0
1531233136904,1531233136900,843056,0.00038248,1.00000000,1
1531233303622,1531233303616,843057,0.00038623,7.00000000,0
1531233303622,1531233303616,843058,0.00038625,18.00000000,0
1531233311101,1531233311098,843059,0.00038625,3.00000000,0
1531233475153,1531233475150,843060,0.00038548,1.00000000,0
1531233655398,1531233655394,843061,0.00038548,38.00000000,0
1531233655398,1531233655394,843062,0.00038618,60.00000000,0
1531233655398,1531233655394,843063,0.00038625,31.00000000,0
1531233766915,1531233766911,843064,0.00038603,20.00000000,0
1531233766915,1531233766911,843065,0.00038625,11.00000000,0
1531233767929,1531233767925,843066,0.00038625,1911.00000000,1
1531233771892,1531233771888,843067,0.00038375,2.00000000,1
1531233893385,1531233893386,843068,0.00038636,1.00000000,0
1531233935171,1531233935167,843069,0.00038392,34.00000000,1
1531233936588,1531233936583,843070,0.00038375,18.00000000,1
1531233940727,1531233940720,843071,0.00038408,20.00000000,0
1531233943612,1531233943609,843072,0.00038381,20.00000000,1
1531233947045,1531233947041,843073,0.00038319,23.00000000,1
1531234251820,1531234251816,843074,0.00038250,31.00000000,1
1531234251820,1531234251816,843075,0.00038248,9.00000000,1
1531234251820,1531234251816,843076,0.00038200,7.00000000,1
1531234251954,1531234251949,843077,0.00038200,222.00000000,0
1531234252964,1531234252961,843078,0.00038200,30.00000000,0
1531234253189,1531234253184,843079,0.00038200,39.00000000,0
1531234255953,1531234255950,843080,0.00038165,1.00000000,1
1531234352835,1531234352831,843081,0.00038170,12.00000000,1
1531234354391,1531234354386,843082,0.00038200,6.00000000,0
1531234411148,1531234411144,843083,0.00038200,1.00000000,0
1531234428892,1531234428886,843084,0.00038200,44.00000000,0
1531234690247,1531234690244,843085,0.00038200,90.00000000,0
1531234700878,1531234700874,843086,0.00038200,23.00000000,0
1531234716097,1531234716095,843087,0.00038200,1.00000000,0
1531234739687,1531234739683,843088,0.00038291,19.00000000,0
1531234775695,1531234775693,843089,0.00038291,9.00000000,0
1531234821032,1531234821029,843090,0.00038416,1.00000000,0
1531234860868,1531234860864,843091,0.00038416,19.00000000,0
1531234860868,1531234860864,843092,0.00038582,3.00000000,0
1531234860868,1531234860864,843093,0.00038622,4.00000000,0
1531234896770,1531234896768,843094,0.00038622,56.00000000,0
1531234897508,1531234897506,843095,0.00038622,48.00000000,1
1531234898462,1531234898460,843096,0.00038622,202.00000000,1
1531234951325,1531234951324,843097,0.00038622,3.00000000,1
1531234952509,1531234952511,843098,0.00038623,22.00000000,0
1531234957658,1531234957655,843099,0.00038622,205.00000000,1
1531234971318,1531234971316,843100,0.00038397,44.00000000,1
1531235219416,1531235219414,843101,0.00038376,18.00000000,1
1531235219416,1531235219414,843102,0.00038355,17.00000000,1
1531235399361,1531235399358,843103,0.00038371,1.00000000,1
1531235428896,1531235428896,843104,0.00038607,10.00000000,0
1531235580608,1531235580607,843105,0.00038601,43.00000000,0
1531235588521,1531235588521,843106,0.00038601,9.00000000,0
1531235588521,1531235588521,843107,0.00038624,16.00000000,0
1531235855019,1531235855018,843108,0.00038622,6.00000000,0
1531235855019,1531235855018,843109,0.00038623,21.00000000,0
1531235855019,1531235855018,843110,0.00038624,3.00000000,0
1531235947439,1531235947441,843111,0.00038446,17.00000000,1
1531235971243,1531235971243,843112,0.00038446,176.00000000,0
1531236004228,1531236004228,843113,0.00038445,14.00000000,0
1531236032332,1531236032332,843114,0.00038444,53.00000000,0
1531236033908,1531236033909,843115,0.00038443,16.00000000,0
1531236063841,1531236063839,843116,0.00038443,1.00000000,0
1531236063841,1531236063839,843117,0.00038444,1.00000000,0
1531236063841,1531236063839,843118,0.00038445,30.00000000,0
1531236080005,1531236080003,843119,0.00038445,34.00000000,0
1531236085995,1531236085995,843120,0.00038445,1.00000000,0
1531236248378,1531236248378,843121,0.00038446,26.00000000,0
1531236250018,1531236250018,843122,0.00038445,1.00000000,1
1531236357782,1531236357782,843123,0.00038445,51.00000000,1
1531236362018,1531236362018,843124,0.00038445,38.00000000,1
1531236368122,1531236368122,843125,0.00038363,1.00000000,1
1531236430249,1531236430249,843126,0.00038363,31.00000000,1
1531236430249,1531236430249,843127,0.00038358,8.00000000,1
1531236533295,1531236533294,843128,0.00038445,8.00000000,0
1531236533295,1531236533294,843129,0.00038624,20.00000000,0
1531236651181,1531236651181,843130,0.00038457,43.00000000,1
1531236712072,1531236712073,843131,0.00038623,6.00000000,0
1531236773832,1531236773832,843132,0.00038623,37.00000000,0
1531237111720,1531237111720,843133,0.00038624,65.00000000,0
1531237422794,1531237422795,843134,0.00038467,1.00000000,1
1531237422796,1531237422795,843135,0.00038624,26.00000000,0
1531237422796,1531237422795,843136,0.00038637,7.00000000,0
1531237422796,1531237422795,843137,0.00038725,91.00000000,0
1531237424420,1531237424419,843138,0.00038480,1.00000000,1
1531237501828,1531237501828,843139,0.00038712,60.00000000,0
1531237501911,1531237501912,843140,0.00038712,10.00000000,1
1531237541422,1531237541423,843141,0.00038712,1.00000000,0
1531237649571,1531237649571,843142,0.00038712,1.00000000,0
1531237786779,1531237786780,843143,0.00038524,40.00000000,1
1531237828256,1531237828256,843144,0.00038712,33.00000000,0
1531237886390,1531237886391,843145,0.00038535,6.00000000,1
1531238030914,1531238030914,843146,0.00038712,1.00000000,0
1531238404259,1531238404259,843147,0.00038701,2.00000000,0
1531238545164,1531238545161,843148,0.00038698,8.00000000,0
1531238557798,1531238557795,843149,0.00038524,241.00000000,1
1531238557798,1531238557795,843150,0.00038523,26.00000000,1
1531238557798,1531238557795,843151,0.00038480,11.00000000,1
1531238606353,1531238606349,843152,0.00038698,1.00000000,0
1531238797667,1531238797665,843153,0.00038480,8.00000000,1
1531238797667,1531238797665,843154,0.00038416,2.00000000,1
1531238823343,1531238823340,843155,0.00038417,17.00000000,1
1531239059771,1531239059768,843156,0.00038426,23.00000000,1
1531239059806,1531239059804,843157,0.00038426,1.00000000,1
1531239246931,1531239246928,843158,0.00038425,20.00000000,1
1531239246931,1531239246928,843159,0.00038417,26.00000000,1
1531239246954,1531239246950,843160,0.00038417,2.00000000,1
1531239246954,1531239246950,843161,0.00038392,10.00000000,1
1531239254116,1531239254112,843162,0.00038359,1.00000000,1
1531239442550,1531239442546,843163,0.00038358,1.00000000,1
1531239605119,1531239605117,843164,0.00038359,1.00000000,1
1531239617683,1531239617680,843165,0.00038359,33.00000000,1
1531239618863,1531239618858,843166,0.00038359,12.00000000,1
1531239621904,1531239621899,843167,0.00038358,37.00000000,1
1531239670780,1531239670777,843168,0.00038359,23.00000000,0
1531239677322,1531239677318,843169,0.00038359,17.00000000,0
1531239683631,1531239683626,843170,0.00038359,13.00000000,0
1531239689257,1531239689254,843171,0.00038359,10.00000000,0
1531239694779,1531239694775,843172,0.00038359,7.00000000,0
1531239700710,1531239700705,843173,0.00038359,6.00000000,0
1531239703708,1531239703704,843174,0.00038359,29.00000000,0
1531239705721,1531239705718,843175,0.00038359,4.00000000,0
1531239710869,1531239710865,843176,0.00038359,3.00000000,0
1531239751974,1531239751967,843177,0.00038358,897.00000000,1
1531239751974,1531239751967,843178,0.00038355,5.00000000,1
1531239751974,1531239751967,843179,0.00038302,36.00000000,1
1531239751974,1531239751967,843180,0.00038301,20.00000000,1
1531239751974,1531239751967,843181,0.00038277,20.00000000,1
1531239751974,1531239751967,843182,0.00038165,120.00000000,1
1531239751974,1531239751967,843183,0.00038100,242.00000000,1
1531239753454,1531239753450,843184,0.00038346,1.00000000,0
1531239755512,1531239755507,843185,0.00038121,1.00000000,1
1531239755736,1531239755732,843186,0.00038121,1.00000000,1
1531239760124,1531239760117,843187,0.00038130,1.00000000,1
1531239766891,1531239766884,843188,0.00038150,1.00000000,1
1531239801708,1531239801704,843189,0.00038159,92.00000000,1
1531239801708,1531239801704,843190,0.00038157,90.00000000,1
1531239801708,1531239801704,843191,0.00038154,90.00000000,1
1531239801708,1531239801704,843192,0.00038151,90.00000000,1
1531239801708,1531239801704,843193,0.00038116,20.00000000,1
1531239801708,1531239801704,843194,0.00038100,25.00000000,1
1531239806890,1531239806884,843195,0.00038120,54.00000000,1
1531239806890,1531239806884,843196,0.00038100,36.00000000,1
1531239806934,1531239806929,843197,0.00038100,90.00000000,1
1531239807864,1531239807860,843198,0.00038100,3.00000000,1
1531239807864,1531239807860,843199,0.00038070,48.00000000,1
1531239807882,1531239807878,843200,0.00038070,39.00000000,0
1531239809806,1531239809801,843201,0.00038120,50.00000000,0
1531239810708,1531239810705,843202,0.00038120,11.00000000,0
1531240083966,1531240083961,843203,0.00038196,1.00000000,1
1531240160925,1531240160921,843204,0.00038196,48.00000000,1
1531240205341,1531240205335,843205,0.00038283,3.00000000,0
1531240217779,1531240217774,843206,0.00038283,3.00000000,0
1531240241158,1531240241152,843207,0.00038283,207.00000000,0
1531240241175,1531240241169,843208,0.00038284,43.00000000,0
1531240241183,1531240241178,843209,0.00038291,3.00000000,0
1531240505808,1531240505805,843210,0.00038330,3.00000000,0
1531240505811,1531240505805,843211,0.00038200,22.00000000,1
1531240505811,1531240505805,843212,0.00038199,78.00000000,1
1531240505811,1531240505805,843213,0.00038197,34.00000000,1
1531240505811,1531240505805,843214,0.00038195,7.00000000,1
1531240505811,1531240505805,843215,0.00038057,13.00000000,1
1531240505811,1531240505805,843216,0.00038001,60.00000000,1
1531240505811,1531240505805,843217,0.00038000,1.00000000,1
1531240508088,1531240508083,843218,0.00038004,1.00000000,1
1531240508136,1531240508131,843219,0.00038004,1.00000000,1
1531240508163,1531240508159,843220,0.00038004,1.00000000,1
1531240517684,1531240517679,843221,0.00038002,1.00000000,1
1531240518373,1531240518367,843222,0.00038280,3.00000000,0
1531240520458,1531240520453,843223,0.00038002,1.00000000,1
1531240527405,1531240527400,843224,0.00038002,1.00000000,1
1531240534991,1531240534986,843225,0.00038002,21.00000000,1
1531240556665,1531240556660,843226,0.00038002,24.00000000,1
1531240780023,1531240780017,843227,0.00038273,1.00000000,0
1531240805041,1531240805036,843228,0.00038273,3.00000000,0
1531240811993,1531240811987,843229,0.00038273,11.00000000,0
1531240811993,1531240811987,843230,0.00038274,22.00000000,0
1531240811993,1531240811987,843231,0.00038279,3.00000000,0
1531240816275,1531240816270,843232,0.00038279,3.00000000,0
1531240832558,1531240832553,843233,0.00038279,37.00000000,0
1531240832598,1531240832592,843234,0.00038279,136.00000000,1
1531240865815,1531240865811,843235,0.00038280,16.00000000,0
1531240865846,1531240865840,843236,0.00038280,1.00000000,0
1531240865920,1531240865914,843237,0.00038330,4.00000000,0
1531240975961,1531240975957,843238,0.00038422,33.00000000,0
1531241104588,1531241104581,843239,0.00038422,1.00000000,0
1531241117268,1531241117263,843240,0.00038423,3.00000000,0
1531241119846,1531241119842,843241,0.00038422,11.00000000,1
1531241160669,1531241160663,843242,0.00038423,1.00000000,0
1531241166823,1531241166818,843243,0.00038423,38.00000000,0
1531241362625,1531241362620,843244,0.00038450,5.00000000,1
1531241368612,1531241368607,843245,0.00038450,3.00000000,1
1531241405837,1531241405831,843246,0.00038460,3.00000000,0
1531241485601,1531241485597,843247,0.00038450,1.00000000,1
1531241638001,1531241637995,843248,0.00038450,17.00000000,1
1531241689641,1531241689634,843249,0.00038460,28.00000000,0
1531241704961,1531241704954,843250,0.00038461,3.00000000,0
1531241714704,1531241714699,843251,0.00038462,21.00000000,0
1531241810758,1531241810754,843252,0.00038450,54.00000000,1
1531241819300,1531241819296,843253,0.00038287,1.00000000,1
1531242131412,1531242131406,843254,0.00038292,22.00000000,1
1531242162972,1531242162966,843255,0.00038446,16.00000000,0
1531242275535,1531242275531,843256,0.00038440,14.00000000,0
1531242363303,1531242363298,843257,0.00038440,16.00000000,0
1531242763883,1531242763878,843258,0.00038439,43.00000000,0
1531242763883,1531242763878,843259,0.00038440,38.00000000,0
1531242831628,1531242831623,843260,0.00038298,1.00000000,1
1531242832835,1531242832829,843261,0.00038297,1.00000000,1
1531243013580,1531243013579,843262,0.00038440,1.00000000,0
1531243350664,1531243350657,843263,0.00038340,23.00000000,1
1531243482901,1531243482894,843264,0.00038440,21.00000000,0
1531243485145,1531243485143,843265,0.00038440,52.00000000,1
1531243502949,1531243502943,843266,0.00038440,104.00000000,1
1531243528210,1531243528204,843267,0.00038440,18.00000000,1
1531243631199,1531243631191,843268,0.00038445,31.00000000,1
1531243644179,1531243644171,843269,0.00038445,1.00000000,1
1531243723424,1531243723414,843270,0.00038446,3.00000000,0
1531243723875,1531243723867,843271,0.00038463,97.00000000,0
1531243729656,1531243729649,843272,0.00038440,66.00000000,1
1531243731201,1531243731194,843273,0.00038445,43.00000000,1
1531243801226,1531243801224,843274,0.00038445,58.00000000,1
1531243958058,1531243958052,843275,0.00038445,31.00000000,1
1531243990101,1531243990095,843276,0.00038440,78.00000000,1
1531243990144,1531243990138,843277,0.00038440,51.00000000,1
1531243992267,1531243992260,843278,0.00038340,1.00000000,1
1531244040280,1531244040274,843279,0.00038440,16.00000000,0
1531244163294,1531244163287,843280,0.00038440,10.00000000,0
1531244168931,1531244168923,843281,0.00038424,5.00000000,0
1531244394861,1531244394853,843282,0.00038424,59.00000000,0
1531244395464,1531244395456,843283,0.00038424,12.00000000,0
1531244395464,1531244395456,843284,0.00038439,8.00000000,0
1531244610515,1531244610512,843285,0.00038341,119.00000000,1
1531244610515,1531244610512,843286,0.00038340,31.00000000,1
1531244610515,1531244610512,843287,0.00038307,3.00000000,1
1531244610515,1531244610512,843288,0.00038292,16.00000000,1
1531244610515,1531244610512,843289,0.00038286,3.00000000,1
1531244610515,1531244610512,843290,0.00038275,20.00000000,1
1531244610515,1531244610512,843291,0.00038269,25.00000000,1
1531244610515,1531244610512,843292,0.00038248,63.00000000,1
1531244610515,1531244610512,843293,0.00038197,132.00000000,1
1531244610515,1531244610512,843294,0.00038001,32.00000000,1
1531244611452,1531244611444,843295,0.00038191,10.00000000,0
1531244617380,1531244617370,843296,0.00038059,1.00000000,1
1531244617415,1531244617407,843297,0.00038059,1.00000000,1
1531244618223,1531244618216,843298,0.00038115,22.00000000,0
1531244618471,1531244618462,843299,0.00038059,90.00000000,1
1531244618471,1531244618462,843300,0.00038057,25.00000000,1
1531244618471,1531244618462,843301,0.00038003,20.00000000,1
1531244618471,1531244618462,843302,0.00038000,9.00000000,1
1531244618471,1531244618462,843303,0.00037990,1.00000000,1
1531244620287,1531244620284,843304,0.00037992,1.00000000,1
1531244620629,1531244620627,843305,0.00038220,20.00000000,0
1531244621929,1531244621923,843306,0.00037992,47.00000000,1
1531244997198,1531244997191,843307,0.00038296,5.00000000,0
1531245123912,1531245123907,843308,0.00038270,1.00000000,0
1531245171259,1531245171252,843309,0.00038264,14.00000000,0
1531245345461,1531245345455,843310,0.00038254,23.00000000,0
1531245365089,1531245365082,843311,0.00038254,42.00000000,0
1531245367710,1531245367703,843312,0.00038254,40.00000000,0
1531245367710,1531245367703,843313,0.00038255,13.00000000,0
1531245373889,1531245373837,843314,0.00038255,11.00000000,0
1531245655869,1531245655861,843315,0.00038122,1.00000000,1
1531245841682,1531245841676,843316,0.00038122,2.00000000,1
1531245846161,1531245846154,843317,0.00038122,7.00000000,0
1531245846241,1531245846233,843318,0.00038122,2.00000000,0
1531245846241,1531245846233,843319,0.00038234,6.00000000,0
1531245846578,1531245846570,843320,0.00038234,7.00000000,0
1531246079605,1531246079597,843321,0.00038230,33.00000000,0
1531246094817,1531246094811,843322,0.00038230,3.00000000,0
1531246161436,1531246161427,843323,0.00038230,1.00000000,0
1531246190331,1531246190322,843324,0.00038230,1.00000000,0
1531246309566,1531246309557,843325,0.00038230,5.00000000,0
1531246429950,1531246429947,843326,0.00038230,4.00000000,0
1531246787093,1531246787084,843327,0.00038230,5.00000000,0
1531247103619,1531247103613,843328,0.00038230,3.00000000,0
1531247115505,1531247115500,843329,0.00038230,4.00000000,0
1531247117463,1531247117458,843330,0.00038285,3.00000000,0
1531247201358,1531247201352,843331,0.00038402,48.00000000,0
1531247494591,1531247494590,843332,0.00038274,37.00000000,1
1531247529787,1531247529790,843333,0.00038402,15.00000000,0
1531247529787,1531247529790,843334,0.00038403,20.00000000,0
1531247533232,1531247533230,843335,0.00038419,13.00000000,0
1531247533922,1531247533917,843336,0.00038419,20.00000000,0
1531247543108,1531247543102,843337,0.00038408,30.00000000,1
1531247561102,1531247561097,843338,0.00038440,52.00000000,0
1531247561103,1531247561097,843339,0.00038486,60.00000000,0
1531247561760,1531247561753,843340,0.00038486,44.00000000,1
1531247565097,1531247565097,843341,0.00038491,38.00000000,1
1531247565097,1531247565097,843342,0.00038486,156.00000000,1
1531247570717,1531247570712,843343,0.00038486,194.00000000,1
1531247582129,1531247582123,843344,0.00038486,1.00000000,1
1531247582634,1531247582630,843345,0.00038486,1.00000000,1
1531247584486,1531247584482,843346,0.00038486,194.00000000,1
1531247584551,1531247584554,843347,0.00038486,25.00000000,1
1531247604613,1531247604609,843348,0.00038486,791.00000000,1
1531247606135,1531247606132,843349,0.00038325,1.00000000,1
1531247606196,1531247606176,843350,0.00038325,1.00000000,1
1531247666228,1531247666223,843351,0.00038339,92.00000000,1
1531247666250,1531247666245,843352,0.00038339,174.00000000,0
1531247666254,1531247666250,843353,0.00038339,175.00000000,0
1531247666277,1531247666271,843354,0.00038339,19.00000000,0
1531247666289,1531247666286,843355,0.00038339,92.00000000,0
1531247666297,1531247666293,843356,0.00038339,174.00000000,0
1531247671913,1531247671906,843357,0.00038339,20.00000000,0
1531247699449,1531247699445,843358,0.00038339,1559.00000000,0
1531247735970,1531247735967,843359,0.00038339,26.00000000,0
1531247750509,1531247750505,843360,0.00038339,582.00000000,0
1531248418360,1531248418352,843361,0.00038502,11.00000000,0
1531248419014,1531248419007,843362,0.00038502,4.00000000,0
1531248785414,1531248785409,843363,0.00038479,34.00000000,0
1531248803437,1531248803429,843364,0.00038479,35.00000000,0
1531248805452,1531248805442,843365,0.00038479,24.00000000,0
1531248823130,1531248823128,843366,0.00038479,7.00000000,0
1531248824035,1531248824030,843367,0.00038479,35.00000000,0
1531248843682,1531248843674,843368,0.00038479,35.00000000,0
1531249198906,1531249198900,843369,0.00038475,35.00000000,1
1531249204100,1531249204092,843370,0.00038479,3.00000000,0
1531249220934,1531249220928,843371,0.00038479,3.00000000,0
1531249405032,1531249405028,843372,0.00038478,23.00000000,0
1531249405032,1531249405028,843373,0.00038479,77.00000000,0
1531249424273,1531249424263,843374,0.00038479,143.00000000,0
1531249429218,1531249429209,843375,0.00038479,194.00000000,1
1531249429468,1531249429460,843376,0.00038479,5.00000000,1
1531249433664,1531249433654,843377,0.00038479,14.00000000,1
1531249463452,1531249463444,843378,0.00038502,35.00000000,0
1531249463464,1531249463454,843379,0.00038502,12.00000000,0
1531249502549,1531249502541,843380,0.00038502,1.00000000,0
1531249604751,1531249604754,843381,0.00038482,1.00000000,1
1531249605572,1531249605563,843382,0.00038482,1.00000000,1
1531249743161,1531249743151,843383,0.00038494,18.00000000,1
1531249850059,1531249850050,843384,0.00038648,15.00000000,0
1531249850059,1531249850050,843385,0.00038649,20.00000000,0
1531249850059,1531249850050,843386,0.00038657,2.00000000,0
1531249898499,1531249898489,843387,0.00038501,41.00000000,1
1531249922570,1531249922563,843388,0.00038498,24.00000000,1
1531250027028,1531250027022,843389,0.00038657,4.00000000,0
1531250045750,1531250045740,843390,0.00038657,4.00000000,0
1531250045778,1531250045767,843391,0.00038657,4.00000000,0
1531250393478,1531250393468,843392,0.00038647,3.00000000,0
1531250394755,1531250394753,843393,0.00038647,4.00000000,0
1531250394797,1531250394786,843394,0.00038647,4.00000000,0
1531250394827,1531250394822,843395,0.00038647,4.00000000,0
1531250395338,1531250395334,843396,0.00038647,31.00000000,0
1531250416141,1531250416131,843397,0.00038646,6.00000000,0
1531250416759,1531250416761,843398,0.00038646,1.00000000,0
1531250429226,1531250429218,843399,0.00038544,5.00000000,1
1531250434737,1531250434730,843400,0.00038646,11.00000000,0
1531250434778,1531250434783,843401,0.00038646,6.00000000,0
1531250434844,1531250434834,843402,0.00038647,7.00000000,0
1531251500910,1531251500899,843403,0.00038559,1.00000000,1
1531251502101,1531251502091,843404,0.00038481,1.00000000,1
1531251546897,1531251546886,843405,0.00038699,5.00000000,0
1531251770224,1531251770214,843406,0.00038699,4.00000000,0
1531251789530,1531251789524,843407,0.00038553,2.00000000,1
1531252449822,1531252449821,843408,0.00038699,7.00000000,0
1531253112181,1531253112171,843409,0.00038622,5.00000000,0
1531253217289,1531253217280,843410,0.00038622,17.00000000,0
1531253405554,1531253405549,843411,0.00038591,1.00000000,1
1531253426715,1531253426707,843412,0.00038622,17.00000000,0
1531253489383,1531253489374,843413,0.00038622,1.00000000,0
1531253779236,1531253779227,843414,0.00038700,5.00000000,0
1531253839188,1531253839178,843415,0.00038627,5.00000000,1
1531253917160,1531253917149,843416,0.00038624,27.00000000,1
1531253917160,1531253917149,843417,0.00038622,9.00000000,1
1531253917160,1531253917149,843418,0.00038551,161.00000000,1
1531254078378,1531254078369,843419,0.00038711,25.00000000,0
1531254215602,1531254215599,843420,0.00038606,1.00000000,1
1531254216804,1531254216797,843421,0.00038605,1.00000000,1
1531254243827,1531254243818,843422,0.00038709,1.00000000,0
1531254689475,1531254689469,843423,0.00038707,81.00000000,0
1531254744835,1531254744829,843424,0.00038700,3.00000000,1
1531254809700,1531254809693,843425,0.00038699,20.00000000,0
1531255180442,1531255180435,843426,0.00038630,1.00000000,1
1531255225124,1531255225120,843427,0.00038630,12.00000000,1
1531255313432,1531255313429,843428,0.00038627,36.00000000,0
1531255404941,1531255404942,843429,0.00038627,1.00000000,0
1531255404941,1531255404942,843430,0.00038628,16.00000000,0
1531255496151,1531255496145,843431,0.00038628,11.00000000,0
1531255496151,1531255496145,843432,0.00038630,37.00000000,0
1531255580008,1531255580005,843433,0.00038615,1.00000000,1
1531255617286,1531255617282,843434,0.00038615,81.00000000,1
1531255938628,1531255938625,843435,0.00038630,38.00000000,0
1531256146544,1531256146540,843436,0.00038711,3.00000000,0
1531256146544,1531256146540,843437,0.00038712,53.00000000,0
1531256146544,1531256146540,843438,0.00038777,12.00000000,0
1531256146544,1531256146540,843439,0.00038787,3.00000000,0
1531256146544,1531256146540,843440,0.00038821,6.00000000,0
1531256146544,1531256146540,843441,0.00038871,120.00000000,0
1531256146544,1531256146540,843442,0.00038873,120.00000000,0
1531256146544,1531256146540,843443,0.00038883,52.00000000,0
1531256217288,1531256217285,843444,0.00038658,78.00000000,1
1531256310381,1531256310382,843445,0.00038844,3.00000000,0
1531256715237,1531256715241,843446,0.00038733,10.00000000,1
1531256747827,1531256747825,843447,0.00038826,10.00000000,0
1531256747827,1531256747825,843448,0.00038844,26.00000000,0
1531256747856,1531256747863,843449,0.00038844,13.00000000,1
1531257031966,1531257031964,843450,0.00038863,78.00000000,0
1531257036857,1531257036859,843451,0.00038863,1.00000000,1
1531257036924,1531257036927,843452,0.00038863,1.00000000,1
1531257060795,1531257060797,843453,0.00038868,1.00000000,1
1531257103875,1531257103873,843454,0.00038883,8.00000000,0
1531257103875,1531257103873,843455,0.00038943,17.00000000,0
1531257112034,1531257112033,843456,0.00038868,77.00000000,1
1531257448696,1531257448696,843457,0.00038873,26.00000000,1
1531257448696,1531257448696,843458,0.00038868,68.00000000,1
1531257448696,1531257448696,843459,0.00038863,83.00000000,1
1531257448710,1531257448705,843460,0.00038800,23.00000000,0
1531257485417,1531257485418,843461,0.00038747,19.00000000,1
1531257485475,1531257485470,843462,0.00038703,22.00000000,0
1531257511078,1531257511075,843463,0.00038673,194.00000000,1
1531257515377,1531257515372,843464,0.00038672,36.00000000,1
1531257517729,1531257517725,843465,0.00038672,37.00000000,1
1531257517729,1531257517725,843466,0.00038667,16.00000000,1
1531257517729,1531257517725,843467,0.00038632,48.00000000,1
1531257517729,1531257517725,843468,0.00038630,10.00000000,1
1531257525991,1531257525988,843469,0.00038630,15.00000000,1
1531257525991,1531257525988,843470,0.00038626,37.00000000,1
1531257525991,1531257525988,843471,0.00038621,85.00000000,1
1531257525991,1531257525988,843472,0.00038569,20.00000000,1
1531257525991,1531257525988,843473,0.00038519,37.00000000,1
1531257528231,1531257528234,843474,0.00038521,1.00000000,1
1531257528335,1531257528332,843475,0.00038521,1.00000000,1
1531257533816,1531257533814,843476,0.00038521,89.00000000,1
1531257533816,1531257533814,843477,0.00038519,60.00000000,1
1531257533816,1531257533814,843478,0.00038500,10.00000000,1
1531257533816,1531257533814,843479,0.00038497,15.00000000,1
1531257533816,1531257533814,843480,0.00038496,20.00000000,1
1531257535674,1531257535671,843481,0.00038481,91.00000000,1
1531257537048,1531257537049,843482,0.00038483,1.00000000,1
1531257537190,1531257537187,843483,0.00038483,25.00000000,1
1531257748999,1531257748997,843484,0.00038572,15.00000000,1
1531257748999,1531257748997,843485,0.00038560,7.00000000,1
1531257748999,1531257748997,843486,0.00038488,60.00000000,1
1531257748999,1531257748997,843487,0.00038487,17.00000000,1
1531257749476,1531257749472,843488,0.00038487,20.00000000,1
1531257749476,1531257749472,843489,0.00038479,3.00000000,1
1531257749476,1531257749472,843490,0.00038456,3.00000000,1
1531257749476,1531257749472,843491,0.00038451,14.00000000,1
1531257749476,1531257749472,843492,0.00038351,20.00000000,1
1531257750447,1531257750449,843493,0.00038489,14.00000000,1
1531257750930,1531257750927,843494,0.00038489,11.00000000,1
1531257752574,1531257752575,843495,0.00038489,66.00000000,1
1531257754966,1531257754966,843496,0.00038490,11.00000000,1
1531257755879,1531257755879,843497,0.00038490,49.00000000,1
1531257757036,1531257757032,843498,0.00038490,6.00000000,1
1531257757036,1531257757032,843499,0.00038357,25.00000000,1
1531257757241,1531257757241,843500,0.00038357,1.00000000,1
1531257757314,1531257757317,843501,0.00038357,1.00000000,1
1531257757359,1531257757355,843502,0.00038357,1.00000000,1
1531257757471,1531257757469,843503,0.00038357,64.00000000,1
1531257757471,1531257757469,843504,0.00038353,28.00000000,1
1531257759273,1531257759273,843505,0.00038356,15.00000000,1
1531257762410,1531257762407,843506,0.00038361,1.00000000,1
1531257769302,1531257769297,843507,0.00038364,1.00000000,1
1531257772613,1531257772611,843508,0.00038367,1.00000000,1
1531258470827,1531258470826,843509,0.00038456,20.00000000,1
1531258508183,1531258508176,843510,0.00038611,3.00000000,0
1531258702627,1531258702625,843511,0.00038609,3.00000000,0
1531258702627,1531258702625,843512,0.00038610,22.00000000,0
1531259033661,1531259033658,843513,0.00038612,4.00000000,0
1531259100747,1531259100742,843514,0.00038460,1.00000000,1
1531259136227,1531259136220,843515,0.00038500,45.00000000,0
1531259371830,1531259371823,843516,0.00038464,17.00000000,1
1531259393221,1531259393214,843517,0.00038464,33.00000000,1
1531259408383,1531259408377,843518,0.00038613,3.00000000,0
1531260179783,1531260179778,843519,0.00038442,92.00000000,1
1531260180415,1531260180411,843520,0.00038438,8.00000000,1
1531260401034,1531260401028,843521,0.00038613,3.00000000,0
1531260401034,1531260401028,843522,0.00038668,22.00000000,0
1531261164791,1531261164786,843523,0.00038556,5.00000000,0
1531261182216,1531261182211,843524,0.00038556,178.00000000,0
1531261293185,1531261293182,843525,0.00038556,10.00000000,1
1531261811735,1531261811731,843526,0.00038555,6.00000000,0
1531261817827,1531261817825,843527,0.00038555,5.00000000,0
1531262040133,1531262040131,843528,0.00038555,67.00000000,0
1531262101358,1531262101354,843529,0.00038553,40.00000000,1
1531262719744,1531262719742,843530,0.00038402,7.00000000,0
1531262930051,1531262930049,843531,0.00038402,2.00000000,0
1531263016445,1531263016445,843532,0.00038295,5.00000000,1
1531263232753,1531263232753,843533,0.00038402,2.00000000,0
1531263467128,1531263467128,843534,0.00038402,6.00000000,0
1531263547984,1531263547983,843535,0.00038402,2.00000000,0
1531263785212,1531263785212,843536,0.00038402,26.00000000,0
1531264014993,1531264014993,843537,0.00038402,15.00000000,0
1531264121242,1531264121240,843538,0.00038301,50.00000000,1
1531264150967,1531264150961,843539,0.00038297,12.00000000,1
1531264150967,1531264150961,843540,0.00038295,183.00000000,1
1531264151046,1531264151044,843541,0.00038295,425.00000000,1
1531264155737,1531264155735,843542,0.00038295,185.00000000,1
1531264156762,1531264156761,843543,0.00038281,195.00000000,1
1531264156764,1531264156761,843544,0.00038281,66.00000000,1
1531264156764,1531264156761,843545,0.00038241,20.00000000,1
1531264156764,1531264156761,843546,0.00038127,6.00000000,1
1531264156764,1531264156761,843547,0.00038112,154.00000000,1
1531264156774,1531264156773,843548,0.00038100,62.00000000,0
1531264157189,1531264157187,843549,0.00038100,33.00000000,0
1531264157333,1531264157330,843550,0.00038068,3.00000000,1
1531264157333,1531264157330,843551,0.00038061,117.00000000,1
1531264157333,1531264157330,843552,0.00038017,3.00000000,1
1531264157333,1531264157330,843553,0.00037992,131.00000000,1
1531264157333,1531264157330,843554,0.00037990,74.00000000,1
1531264157333,1531264157330,843555,0.00037973,6.00000000,1
1531264157333,1531264157330,843556,0.00037904,6.00000000,1
1531264157333,1531264157330,843557,0.00037903,125.00000000,1
1531264157333,1531264157330,843558,0.00037903,18.00000000,1
1531264157333,1531264157330,843559,0.00037900,5.00000000,1
1531264157334,1531264157330,843560,0.00037891,4.00000000,1
1531264157334,1531264157330,843561,0.00037885,15.00000000,1
1531264157334,1531264157330,843562,0.00037820,1.00000000,1
1531264157352,1531264157351,843563,0.00037900,26.00000000,0
1531264158790,1531264158789,843564,0.00038100,33.00000000,1
1531264158818,1531264158818,843565,0.00038055,61.00000000,0
1531264158850,1531264158848,843566,0.00037916,1.00000000,1
1531264158989,1531264158989,843567,0.00037909,1.00000000,1
1531264158997,1531264158996,843568,0.00038055,21.00000000,0
1531264159003,1531264159004,843569,0.00037909,1.00000000,1
1531264159211,1531264159208,843570,0.00038055,28.00000000,0
1531264159863,1531264159863,843571,0.00038128,31.00000000,1
1531264161164,1531264161163,843572,0.00038128,1.00000000,1
1531264161193,1531264161192,843573,0.00038128,1.00000000,1
1531264169281,1531264169277,843574,0.00037946,13.00000000,1
1531264169819,1531264169817,843575,0.00037946,1.00000000,1
1531264169855,1531264169855,843576,0.00037946,1.00000000,1
1531264169887,1531264169887,843577,0.00037954,1.00000000,1
1531264173583,1531264173584,843578,0.00037974,1.00000000,1
1531264173774,1531264173770,843579,0.00037974,1.00000000,1
1531264173789,1531264173788,843580,0.00037974,1.00000000,1
1531264174094,1531264174093,843581,0.00038137,7.00000000,0
1531264179473,1531264179471,843582,0.00038137,58.00000000,0
1531264179779,1531264179777,843583,0.00037979,1.00000000,1
1531264182594,1531264182594,843584,0.00037980,1.00000000,1
1531264189481,1531264189480,843585,0.00037985,1.00000000,1
1531264193309,1531264193308,843586,0.00038137,7.00000000,0
1531264207735,1531264207734,843587,0.00037985,62.00000000,1
1531264208612,1531264208610,843588,0.00037993,3.00000000,1
1531264214109,1531264214107,843589,0.00037995,49.00000000,1
1531264214109,1531264214107,843590,0.00037977,77.00000000,1
1531264214109,1531264214107,843591,0.00037900,26.00000000,1
1531264214109,1531264214107,843592,0.00037829,6.00000000,1
1531264214360,1531264214360,843593,0.00038137,5.00000000,0
1531264218744,1531264218743,843594,0.00037886,1.00000000,1
1531264218798,1531264218797,843595,0.00037886,1.00000000,1
1531264218922,1531264218923,843596,0.00037886,1.00000000,1
1531264222155,1531264222154,843597,0.00037913,1.00000000,1
1531264222184,1531264222182,843598,0.00037913,1.00000000,1
1531264222228,1531264222227,843599,0.00037913,1.00000000,1
1531264228789,1531264228788,843600,0.00037933,1.00000000,1
1531264233632,1531264233632,843601,0.00037954,1.00000000,1
1531264238295,1531264238294,843602,0.00037954,1.00000000,1
1531264241300,1531264241300,843603,0.00037954,21.00000000,1
1531264250687,1531264250685,843604,0.00037954,21.00000000,1
1531264251390,1531264251388,843605,0.00037956,23.00000000,1
1531264266722,1531264266720,843606,0.00037959,72.00000000,1
1531264266722,1531264266720,843607,0.00037957,1.00000000,1
1531264291099,1531264291097,843608,0.00037957,9.00000000,1
1531264291099,1531264291097,843609,0.00037955,15.00000000,1
1531264291099,1531264291097,843610,0.00037952,64.00000000,1
1531264291099,1531264291097,843611,0.00037743,5.00000000,1
1531264291099,1531264291097,843612,0.00037735,5.00000000,1
1531264291099,1531264291097,843613,0.00037720,60.00000000,1
1531264291099,1531264291097,843614,0.00037717,5.00000000,1
1531264291822,1531264291821,843615,0.00037943,5.00000000,0
1531264294641,1531264294641,843616,0.00037988,39.00000000,0
1531264295215,1531264295213,843617,0.00037748,1.00000000,1
1531264295430,1531264295429,843618,0.00037756,1.00000000,1
1531264296370,1531264296369,843619,0.00037767,1.00000000,1
1531264301747,1531264301745,843620,0.00037838,1.00000000,1
1531264301798,1531264301799,843621,0.00037838,1.00000000,1
1531264301825,1531264301825,843622,0.00037838,1.00000000,1
1531264304680,1531264304679,843623,0.00037851,59.00000000,1
1531264304742,1531264304740,843624,0.00037851,1.00000000,1
1531264312202,1531264312202,843625,0.00037815,1.00000000,1
1531264312254,1531264312249,843626,0.00037816,1.00000000,1
1531264312317,1531264312315,843627,0.00037816,1.00000000,1
1531264316239,1531264316238,843628,0.00037819,1.00000000,1
1531264319345,1531264319340,843629,0.00037824,1.00000000,1
1531264323473,1531264323472,843630,0.00037830,1.00000000,1
1531264327628,1531264327628,843631,0.00037829,1.00000000,1
1531264331250,1531264331248,843632,0.00037829,2.00000000,1
1531264331250,1531264331248,843633,0.00037828,23.00000000,1
1531264331932,1531264331931,843634,0.00037828,1.00000000,1
1531264335516,1531264335515,843635,0.00037987,2.00000000,0
1531264336905,1531264336904,843636,0.00037830,1.00000000,1
1531264343222,1531264343220,843637,0.00037738,1.00000000,1
1531264343256,1531264343257,843638,0.00037738,1.00000000,1
1531264343276,1531264343275,843639,0.00037738,1.00000000,1
1531264345128,1531264345127,843640,0.00037741,1.00000000,1
1531264345191,1531264345192,843641,0.00037741,1.00000000,1
1531264346076,1531264346076,843642,0.00037744,1.00000000,1
1531264350712,1531264350712,843643,0.00037753,1.00000000,1
1531264350745,1531264350744,843644,0.00037753,1.00000000,1
1531264350845,1531264350842,843645,0.00037753,1.00000000,1
1531264353587,1531264353587,843646,0.00037762,1.00000000,1
1531264359823,1531264359823,843647,0.00037818,1.00000000,1
1531264362803,1531264362802,843648,0.00037980,5.00000000,0
1531264362803,1531264362802,843649,0.00037981,18.00000000,0
1531264364057,1531264364055,843650,0.00037818,1.00000000,1
1531264367275,1531264367274,843651,0.00037984,6.00000000,0
1531264367275,1531264367274,843652,0.00037988,1.00000000,0
1531264367275,1531264367274,843653,0.00038321,8.00000000,0
1531264369167,1531264369165,843654,0.00038321,5.00000000,0
1531264370184,1531264370183,843655,0.00037828,1.00000000,1
1531264682470,1531264682468,843656,0.00038206,2.00000000,0
1531264745663,1531264745661,843657,0.00038093,92.00000000,1
1531264745663,1531264745661,843658,0.00038091,105.00000000,1
1531264745663,1531264745661,843659,0.00038074,10.00000000,1
1531264748707,1531264748706,843660,0.00038206,3.00000000,0
1531264806463,1531264806461,843661,0.00038143,18.00000000,0
1531264810856,1531264810855,843662,0.00038143,2.00000000,0
1531264810856,1531264810855,843663,0.00038204,16.00000000,0
1531264810856,1531264810855,843664,0.00038205,30.00000000,0
1531264810856,1531264810855,843665,0.00038206,1.00000000,0
1531264995941,1531264995941,843666,0.00038314,15.00000000,0
1531265018566,1531265018566,843667,0.00038206,8.00000000,1
1531265018566,1531265018566,843668,0.00038153,58.00000000,1
1531265070720,1531265070719,843669,0.00038296,2.00000000,0
1531265714740,1531265714736,843670,0.00038234,7.00000000,0
1531265838892,1531265838891,843671,0.00038093,20.00000000,1
1531265998182,1531265998180,843672,0.00038154,20.00000000,0
1531266007704,1531266007704,843673,0.00038160,23.00000000,0
1531266180266,1531266180265,843674,0.00038001,18.00000000,1
1531266306229,1531266306227,843675,0.00038001,3.00000000,0
1531266348537,1531266348537,843676,0.00037951,1.00000000,1
1531266493874,1531266493873,843677,0.00038001,5.00000000,0
1531266493874,1531266493873,843678,0.00038087,2.00000000,0
1531266494854,1531266494854,843679,0.00038087,20.00000000,0
1531266786972,1531266786973,843680,0.00038085,36.00000000,0
1531266786972,1531266786973,843681,0.00038086,64.00000000,0
1531267069967,1531267069968,843682,0.00038007,13.00000000,1
1531267070530,1531267070529,843683,0.00038007,35.00000000,1
1531267129041,1531267129042,843684,0.00038086,26.00000000,0
1531267197929,1531267197931,843685,0.00037961,35.00000000,1
1531267199425,1531267199427,843686,0.00038086,3.00000000,0
1531267199726,1531267199725,843687,0.00038086,10.00000000,0
1531267199726,1531267199725,843688,0.00038090,3.00000000,0
1531267199726,1531267199725,843689,0.00038150,7.00000000,0
1531267207955,1531267207955,843690,0.00038150,3.00000000,0
1531267240643,1531267240644,843691,0.00038150,3.00000000,0
1531267826588,1531267826591,843692,0.00038142,8.00000000,0
1531267973703,1531267973703,843693,0.00038129,19.00000000,0
1531268000475,1531268000477,843694,0.00038129,3.00000000,0
1531268001851,1531268001851,843695,0.00038136,25.00000000,0
1531268006994,1531268006996,843696,0.00038136,1.00000000,0
1531268006994,1531268006996,843697,0.00038142,5.00000000,0
1531268009386,1531268009389,843698,0.00038142,32.00000000,0
1531268009484,1531268009487,843699,0.00038142,17.00000000,0
1531268125982,1531268125985,843700,0.00038085,196.00000000,1
1531268130780,1531268130783,843701,0.00038085,117.00000000,1
1531268182352,1531268182354,843702,0.00038142,9.00000000,0
1531268186217,1531268186220,843703,0.00038217,26.00000000,0
1531268187058,1531268187060,843704,0.00038083,92.00000000,1
1531268189542,1531268189545,843705,0.00038085,35.00000000,1
1531268288008,1531268288010,843706,0.00038068,4.00000000,1
1531268288008,1531268288010,843707,0.00038066,35.00000000,1
1531268345390,1531268345392,843708,0.00038012,4.00000000,1
1531268407308,1531268407311,843709,0.00038216,4.00000000,0
1531268407308,1531268407311,843710,0.00038224,22.00000000,0
1531268436712,1531268436714,843711,0.00038219,60.00000000,0
1531268436769,1531268436769,843712,0.00038228,20.00000000,0
1531268439019,1531268439022,843713,0.00038228,11.00000000,1
1531268439019,1531268439022,843714,0.00038145,9.00000000,1
1531268441832,1531268441834,843715,0.00038145,10.00000000,1
1531268442604,1531268442606,843716,0.00038145,1.00000000,1
1531268442604,1531268442606,843717,0.00038053,10.00000000,1
1531268447034,1531268447036,843718,0.00038073,30.00000000,1
1531268482864,1531268482865,843719,0.00038069,1.00000000,1
1531268500053,1531268500055,843720,0.00038255,2.00000000,0
1531269057805,1531269057808,843721,0.00038075,58.00000000,1
1531269065872,1531269065874,843722,0.00038075,29.00000000,1
1531269295135,1531269295137,843723,0.00038085,131.00000000,1
1531269463432,1531269463432,843724,0.00038072,92.00000000,1
1531269471221,1531269471223,843725,0.00038072,64.00000000,1
1531269478934,1531269478936,843726,0.00038077,105.00000000,1
1531269591257,1531269591258,843727,0.00038070,48.00000000,1
1531269726804,1531269726807,843728,0.00038216,14.00000000,0
1531269726953,1531269726954,843729,0.00038216,11.00000000,0
1531270127626,1531270127629,843730,0.00038216,17.00000000,0
1531270244592,1531270244593,843731,0.00038216,42.00000000,0
1531271000505,1531271000505,843732,0.00038216,67.00000000,0
1531271011030,1531271011029,843733,0.00038254,17.00000000,0
1531271040657,1531271040657,843734,0.00038215,51.00000000,0
1531271117609,1531271117609,843735,0.00038254,3.00000000,0
1531271845981,1531271845980,843736,0.00038071,5.00000000,1
1531271846725,1531271846723,843737,0.00038254,17.00000000,0
1531271846748,1531271846745,843738,0.00038254,3.00000000,0
1531271846811,1531271846806,843739,0.00038260,4.00000000,0
1531272333153,1531272333151,843740,0.00038260,14.00000000,0
1531272376226,1531272376221,843741,0.00038316,23.00000000,0
1531272468912,1531272468908,843742,0.00038321,3.00000000,1
1531272474387,1531272474383,843743,0.00038321,39.00000000,1
1531272475072,1531272475068,843744,0.00038316,12.00000000,1
1531272475585,1531272475579,843745,0.00038316,29.00000000,1
1531272489698,1531272489694,843746,0.00038322,3.00000000,0
1531272614183,1531272614179,843747,0.00038322,3.00000000,0
1531272875564,1531272875558,843748,0.00038260,10.00000000,1
1531272875564,1531272875558,843749,0.00038209,11.00000000,1
1531272875837,1531272875832,843750,0.00038209,10.00000000,1
1531272875837,1531272875832,843751,0.00038204,20.00000000,1
1531272875837,1531272875832,843752,0.00038200,3.00000000,1
1531272875837,1531272875832,843753,0.00038099,21.00000000,1
1531272876441,1531272876433,843754,0.00038178,7.00000000,0
1531273208711,1531273208707,843755,0.00038167,79.00000000,1
1531273293190,1531273293184,843756,0.00038322,3.00000000,0
1531273464878,1531273464873,843757,0.00038235,1.00000000,1
1531273896626,1531273896622,843758,0.00038345,9.00000000,0
1531273899362,1531273899354,843759,0.00038344,3.00000000,0
1531273992963,1531273992956,843760,0.00038339,6.00000000,0
1531274001328,1531274001320,843761,0.00038339,8.00000000,0
1531274081790,1531274081785,843762,0.00038180,22.00000000,1
1531274113538,1531274113530,843763,0.00038190,22.00000000,1
1531274439541,1531274439533,843764,0.00038240,26.00000000,1
1531274469847,1531274469840,843765,0.00038305,8.00000000,0
1531274812083,1531274812077,843766,0.00038201,3.00000000,1
1531274937594,1531274937588,843767,0.00038305,3.00000000,0
1531275335366,1531275335361,843768,0.00038297,10.00000000,0
1531275891089,1531275891087,843769,0.00038282,3.00000000,0
1531276244726,1531276244721,843770,0.00038237,11.00000000,0
1531276269082,1531276269076,843771,0.00038237,57.00000000,0
1531276269622,1531276269620,843772,0.00038237,35.00000000,0
1531276271282,1531276271277,843773,0.00038237,57.00000000,0
1531276276167,1531276276162,843774,0.00038237,57.00000000,0
1531276281234,1531276281231,843775,0.00038237,57.00000000,0
1531276281447,1531276281441,843776,0.00038238,181.00000000,0
1531276281847,1531276281841,843777,0.00038238,42.00000000,0
1531276281884,1531276281879,843778,0.00038238,10.00000000,0
1531276357904,1531276357902,843779,0.00038238,57.00000000,0
1531276359653,1531276359649,843780,0.00038238,41.00000000,0
1531276562149,1531276562145,843781,0.00038217,57.00000000,0
1531276566377,1531276566375,843782,0.00038217,57.00000000,0
1531276590695,1531276590689,843783,0.00038217,141.00000000,0
1531276852344,1531276852340,843784,0.00038295,19.00000000,0
1531276955374,1531276955369,843785,0.00038179,17.00000000,1
1531276955374,1531276955369,843786,0.00038178,4.00000000,1
1531276955374,1531276955369,843787,0.00038146,21.00000000,1
1531276956560,1531276956554,843788,0.00038148,21.00000000,1
1531276979714,1531276979709,843789,0.00038295,4.00000000,0
1531276997739,1531276997734,843790,0.00038295,4.00000000,0
1531277322711,1531277322706,843791,0.00038295,3.00000000,0
1531277395364,1531277395362,843792,0.00038295,5.00000000,0
1531277465853,1531277465848,843793,0.00038295,1.00000000,0
1531277465853,1531277465848,843794,0.00038305,18.00000000,0
1531277485072,1531277485068,843795,0.00038305,4.00000000,0
1531277517698,1531277517694,843796,0.00038213,80.00000000,1
1531277541560,1531277541557,843797,0.00038305,3.00000000,0
1531277586385,1531277586381,843798,0.00038164,8.00000000,1
1531278180174,1531278180170,843799,0.00038295,4.00000000,0
1531278500696,1531278500692,843800,0.00038094,18.00000000,1
1531278500711,1531278500707,843801,0.00038094,2.00000000,1
1531278510208,1531278510205,843802,0.00038070,7.00000000,1
1531278510208,1531278510205,843803,0.00038069,4.00000000,1
1531278513202,1531278513197,843804,0.00038039,20.00000000,1
1531278661833,1531278661827,843805,0.00038025,7.00000000,1
1531278661833,1531278661827,843806,0.00038011,5.00000000,1
1531278661833,1531278661827,843807,0.00037951,2.00000000,1
1531278661833,1531278661827,843808,0.00037927,236.00000000,1
1531278665066,1531278665070,843809,0.00037929,1.00000000,1
1531278763145,1531278763142,843810,0.00038129,4.00000000,0
1531278970031,1531278970028,843811,0.00038047,6.00000000,0
1531278970031,1531278970028,843812,0.00038085,4.00000000,0
1531279287515,1531279287513,843813,0.00037916,19.00000000,1
1531279287515,1531279287513,843814,0.00037915,20.00000000,1
1531279287515,1531279287513,843815,0.00037834,3.00000000,1
1531279287515,1531279287513,843816,0.00037816,6.00000000,1
1531279287515,1531279287513,843817,0.00037800,3.00000000,1
1531279287515,1531279287513,843818,0.00037709,48.00000000,1
1531279287515,1531279287513,843819,0.00037707,60.00000000,1
1531279287529,1531279287533,843820,0.00037707,41.00000000,0
1531279289191,1531279289190,843821,0.00037718,1.00000000,1
1531279296666,1531279296667,843822,0.00037720,1.00000000,1
1531279296914,1531279296917,843823,0.00037720,92.00000000,1
1531279296914,1531279296917,843824,0.00037707,41.00000000,1
1531279296914,1531279296917,843825,0.00037704,3.00000000,1
1531279296914,1531279296917,843826,0.00037679,4.00000000,1
1531279296914,1531279296917,843827,0.00037643,118.00000000,1
1531279296926,1531279296923,843828,0.00037643,142.00000000,0
1531279300601,1531279300598,843829,0.00037662,257.00000000,1
1531279300603,1531279300603,843830,0.00037643,15.00000000,1
1531279300638,1531279300641,843831,0.00037643,65.00000000,1
1531279300650,1531279300649,843832,0.00037611,6.00000000,1
1531279300650,1531279300649,843833,0.00037577,6.00000000,1
1531279300650,1531279300649,843834,0.00037551,24.00000000,1
1531279300650,1531279300649,843835,0.00037538,44.00000000,1
1531279300653,1531279300651,843836,0.00037538,18.00000000,1
1531279300653,1531279300651,843837,0.00037537,3.00000000,1
1531279300653,1531279300651,843838,0.00037500,10.00000000,1
1531279300653,1531279300651,843839,0.00037495,27.00000000,1
1531279300653,1531279300651,843840,0.00037460,10.00000000,1
1531279300653,1531279300651,843841,0.00037400,150.00000000,1
1531279300699,1531279300695,843842,0.00037400,46.00000000,0
1531279300714,1531279300710,843843,0.00037400,42.00000000,0
1531279300842,1531279300837,843844,0.00037499,2.00000000,0
1531279301334,1531279301333,843845,0.00037499,32.00000000,0
1531279301385,1531279301382,843846,0.00037514,21.00000000,0
1531279303524,1531279303523,843847,0.00037461,1.00000000,1
1531279303553,1531279303549,843848,0.00037461,1.00000000,1
1531279303624,1531279303620,843849,0.00037461,1.00000000,1
1531279308988,1531279308986,843850,0.00037461,1.00000000,1
1531279309253,1531279309252,843851,0.00037461,1.00000000,1
1531279309312,1531279309312,843852,0.00037461,1.00000000,1
1531279309483,1531279309479,843853,0.00037461,1.00000000,1
1531279309483,1531279309479,843854,0.00037400,11.00000000,1
1531279309483,1531279309479,843855,0.00037382,5.00000000,1
1531279309483,1531279309479,843856,0.00037362,195.00000000,1
1531279313816,1531279313814,843857,0.00037376,14.00000000,1
1531279313816,1531279313814,843858,0.00037374,5.00000000,1
1531279313816,1531279313814,843859,0.00037362,6.00000000,1
1531279315514,1531279315510,843860,0.00037362,1.00000000,1
1531279315679,1531279315675,843861,0.00037362,1.00000000,1
1531279315709,1531279315706,843862,0.00037362,1.00000000,1
1531279317638,1531279317635,843863,0.00037362,1.00000000,1
