event_time,trade_time,trade_id,price,quantity,maker
1531210407464,1531210407460,3502575,0.00003331,1232.00000000,1
1531210407475,1531210407471,3502576,0.00003331,1521.00000000,1
1531210459595,1531210459591,3502577,0.00003344,1.00000000,0
1531210554053,1531210554049,3502578,0.00003344,8.00000000,0
1531210626848,1531210626843,3502579,0.00003333,510.00000000,1
1531210626868,1531210626862,3502580,0.00003333,909.00000000,1
1531210637658,1531210637655,3502581,0.00003344,1.00000000,0
1531210646839,1531210646835,3502582,0.00003344,229.00000000,0
1531210647542,1531210647537,3502583,0.00003344,452.00000000,1
1531210651973,1531210651968,3502584,0.00003347,3.00000000,0
1531210656373,1531210656368,3502585,0.00003342,280.00000000,0
1531210656384,1531210656381,3502586,0.00003338,223.00000000,1
1531210707699,1531210707694,3502587,0.00003338,541.00000000,1
1531210709541,1531210709536,3502588,0.00003337,239.00000000,1
1531210805813,1531210805808,3502589,0.00003333,3250.00000000,0
1531210805823,1531210805818,3502590,0.00003329,1332.00000000,1
1531210806540,1531210806537,3502591,0.00003328,240.00000000,1
1531210807538,1531210807533,3502592,0.00003327,391.00000000,1
1531210825731,1531210825727,3502593,0.00003318,1025.00000000,1
1531210825744,1531210825738,3502594,0.00003318,5275.00000000,0
1531210835914,1531210835910,3502595,0.00003326,1046.00000000,0
1531210835928,1531210835925,3502596,0.00003319,545.00000000,1
1531210865196,1531210865192,3502597,0.00003334,77.00000000,0
1531210889548,1531210889543,3502598,0.00003318,968.00000000,1
1531210918820,1531210918816,3502599,0.00003318,1439.00000000,1
1531210918847,1531210918843,3502600,0.00003318,478.00000000,1
1531210947064,1531210947059,3502601,0.00003318,286.00000000,1
1531210975250,1531210975245,3502602,0.00003317,200.00000000,1
1531210984317,1531210984313,3502603,0.00003318,1934.00000000,1
1531210984326,1531210984321,3502604,0.00003318,1711.00000000,1
1531210991689,1531210991685,3502605,0.00003328,1.00000000,0
1531211007087,1531211007083,3502606,0.00003323,2092.00000000,0
1531211007099,1531211007095,3502607,0.00003318,1715.00000000,1
1531211030660,1531211030655,3502608,0.00003322,706.00000000,0
1531211030675,1531211030670,3502609,0.00003322,444.00000000,1
1531211095197,1531211095192,3502610,0.00003320,1683.00000000,1
1531211098605,1531211098600,3502611,0.00003326,3.00000000,0
1531211102825,1531211102820,3502612,0.00003320,16.00000000,1
1531211106008,1531211106004,3502613,0.00003323,4855.00000000,0
1531211106016,1531211106014,3502614,0.00003320,1718.00000000,1
1531211113346,1531211113341,3502615,0.00003320,16.00000000,0
1531211123552,1531211123547,3502616,0.00003325,119.00000000,0
1531211128292,1531211128288,3502617,0.00003321,1819.00000000,1
1531211128312,1531211128307,3502618,0.00003321,362.00000000,1
1531211167332,1531211167331,3502619,0.00003321,1365.00000000,1
1531211167348,1531211167346,3502620,0.00003321,1018.00000000,1
1531211179773,1531211179767,3502621,0.00003321,1143.00000000,1
1531211179790,1531211179787,3502622,0.00003321,1659.00000000,1
1531211227877,1531211227872,3502623,0.00003321,313.00000000,1
1531211265018,1531211265014,3502624,0.00003325,1313.00000000,0
1531211265032,1531211265027,3502625,0.00003321,130.00000000,1
1531211265052,1531211265051,3502626,0.00003321,1132.00000000,1
1531211287076,1531211287072,3502627,0.00003325,747.00000000,0
1531211287093,1531211287089,3502628,0.00003321,314.00000000,1
1531211317480,1531211317476,3502629,0.00003325,2710.00000000,0
1531211317494,1531211317490,3502630,0.00003321,622.00000000,1
1531211317521,1531211317517,3502631,0.00003321,1783.00000000,1
1531211369043,1531211369039,3502632,0.00003321,1423.00000000,1
1531211369070,1531211369066,3502633,0.00003321,118.00000000,1
1531211375493,1531211375489,3502634,0.00003330,7.00000000,0
1531211375708,1531211375703,3502635,0.00003321,361.00000000,1
1531211375724,1531211375720,3502636,0.00003321,718.00000000,1
1531211396205,1531211396201,3502637,0.00003330,1.00000000,0
1531211405327,1531211405322,3502638,0.00003325,3767.00000000,0
1531211405337,1531211405332,3502639,0.00003321,540.00000000,1
1531211405352,1531211405348,3502640,0.00003321,1728.00000000,1
1531211418512,1531211418508,3502641,0.00003330,1.00000000,0
1531211433793,1531211433788,3502642,0.00003326,4005.00000000,0
1531211433810,1531211433806,3502643,0.00003322,1683.00000000,1
1531211487337,1531211487333,3502644,0.00003322,502.00000000,1
1531211494916,1531211494910,3502645,0.00003322,1627.00000000,1
1531211545324,1531211545320,3502646,0.00003322,1224.00000000,1
1531211577950,1531211577945,3502647,0.00003328,1.00000000,0
1531211580458,1531211580455,3502648,0.00003322,1930.00000000,1
1531211618796,1531211618791,3502649,0.00003328,1.00000000,0
1531211630352,1531211630348,3502650,0.00003322,1540.00000000,1
1531211638586,1531211638581,3502651,0.00003324,58.00000000,0
1531211638594,1531211638590,3502652,0.00003322,1340.00000000,1
1531211638616,1531211638612,3502653,0.00003322,31.00000000,1
1531211665967,1531211665963,3502654,0.00003322,1940.00000000,1
1531211669339,1531211669334,3502655,0.00003321,5.00000000,1
1531211686603,1531211686600,3502656,0.00003327,3.00000000,0
1531211714675,1531211714670,3502657,0.00003322,221.00000000,1
1531211717670,1531211717665,3502658,0.00003324,60.00000000,1
1531211719668,1531211719663,3502659,0.00003322,96.00000000,1
1531211746628,1531211746622,3502660,0.00003320,1286.00000000,1
1531211746649,1531211746644,3502661,0.00003320,1467.00000000,1
1531211760469,1531211760465,3502662,0.00003323,245.00000000,0
1531211760482,1531211760478,3502663,0.00003320,186.00000000,1
1531211787052,1531211787048,3502664,0.00003320,1146.00000000,1
1531211806768,1531211806762,3502665,0.00003323,2726.00000000,0
1531211806779,1531211806775,3502666,0.00003320,31.00000000,1
1531211806790,1531211806785,3502667,0.00003320,1175.00000000,1
1531211828040,1531211828035,3502668,0.00003320,581.00000000,1
1531211828057,1531211828053,3502669,0.00003320,83.00000000,1
1531211838026,1531211838021,3502670,0.00003320,1970.00000000,1
1531211838050,1531211838049,3502671,0.00003320,1615.00000000,1
1531211848168,1531211848164,3502672,0.00003320,930.00000000,1
1531211848188,1531211848186,3502673,0.00003320,1002.00000000,1
1531211882381,1531211882377,3502674,0.00003327,23.00000000,0
1531211908045,1531211908040,3502675,0.00003323,1890.00000000,0
1531211908064,1531211908059,3502676,0.00003320,1212.00000000,1
1531211954572,1531211954567,3502677,0.00003320,1292.00000000,1
1531211954597,1531211954593,3502678,0.00003320,1588.00000000,1
1531211986309,1531211986306,3502679,0.00003320,500.00000000,1
1531211989498,1531211989493,3502680,0.00003323,3547.00000000,0
1531211989517,1531211989512,3502681,0.00003320,1256.00000000,1
1531212006240,1531212006236,3502682,0.00003323,1605.00000000,0
1531212006255,1531212006250,3502683,0.00003320,1483.00000000,1
1531212006281,1531212006278,3502684,0.00003320,658.00000000,1
1531212027348,1531212027343,3502685,0.00003320,436.00000000,1
1531212044388,1531212044384,3502686,0.00003320,485.00000000,1
1531212047309,1531212047304,3502687,0.00003327,7.00000000,0
1531212087497,1531212087493,3502688,0.00003323,417.00000000,0
1531212087510,1531212087504,3502689,0.00003319,157.00000000,1
1531212127025,1531212127021,3502690,0.00003324,101.00000000,0
1531212127040,1531212127036,3502691,0.00003321,962.00000000,1
1531212127064,1531212127060,3502692,0.00003321,64.00000000,1
1531212141583,1531212141582,3502693,0.00003327,1.00000000,0
1531212158202,1531212158198,3502694,0.00003327,2.00000000,0
1531212168139,1531212168135,3502695,0.00003321,71.00000000,1
1531212230851,1531212230846,3502696,0.00003321,1214.00000000,1
1531212230870,1531212230866,3502697,0.00003321,1052.00000000,1
1531212250970,1531212250965,3502698,0.00003324,53.00000000,0
1531212250989,1531212250985,3502699,0.00003321,706.00000000,1
1531212251009,1531212251004,3502700,0.00003321,47.00000000,1
1531212265985,1531212265981,3502701,0.00003327,1.00000000,0
1531212286955,1531212286950,3502702,0.00003321,735.00000000,1
1531212286971,1531212286966,3502703,0.00003321,1014.00000000,1
1531212317020,1531212317016,3502704,0.00003321,32.00000000,1
1531212317036,1531212317032,3502705,0.00003321,843.00000000,1
1531212346807,1531212346803,3502706,0.00003324,432.00000000,0
1531212346816,1531212346812,3502707,0.00003322,333.00000000,1
1531212374121,1531212374118,3502708,0.00003322,1136.00000000,1
1531212409410,1531212409406,3502709,0.00003324,1115.00000000,0
1531212409429,1531212409424,3502710,0.00003322,1429.00000000,1
1531212409458,1531212409453,3502711,0.00003322,764.00000000,1
1531212416784,1531212416778,3502712,0.00003327,1.00000000,0
1531212421640,1531212421636,3502713,0.00003327,1.00000000,0
1531212424866,1531212424863,3502714,0.00003327,546.00000000,0
1531212447372,1531212447366,3502715,0.00003334,30.00000000,0
1531212447372,1531212447366,3502716,0.00003339,239.00000000,0
1531212447372,1531212447366,3502717,0.00003346,246.00000000,0
1531212447372,1531212447366,3502718,0.00003347,11215.00000000,0
1531212454932,1531212454928,3502719,0.00003326,7.00000000,1
1531212455457,1531212455452,3502720,0.00003326,7.00000000,1
1531212456186,1531212456181,3502721,0.00003326,12.00000000,1
1531212456627,1531212456623,3502722,0.00003326,34.00000000,1
1531212457149,1531212457145,3502723,0.00003326,8.00000000,1
1531212457604,1531212457598,3502724,0.00003326,16.00000000,1
1531212458086,1531212458082,3502725,0.00003326,14.00000000,1
1531212458608,1531212458604,3502726,0.00003326,6.00000000,1
1531212459130,1531212459126,3502727,0.00003326,8.00000000,1
1531212459693,1531212459691,3502728,0.00003326,6.00000000,1
1531212460028,1531212460022,3502729,0.00003326,16.00000000,1
1531212460422,1531212460417,3502730,0.00003326,6.00000000,1
1531212460908,1531212460904,3502731,0.00003327,18.00000000,1
1531212461250,1531212461245,3502732,0.00003327,8.00000000,1
1531212461653,1531212461649,3502733,0.00003327,15.00000000,1
1531212461994,1531212461988,3502734,0.00003327,49.00000000,1
1531212462334,1531212462328,3502735,0.00003326,8.00000000,1
1531212462795,1531212462790,3502736,0.00003326,26.00000000,1
1531212463328,1531212463322,3502737,0.00003326,10.00000000,1
1531212463708,1531212463704,3502738,0.00003326,15.00000000,1
1531212464112,1531212464107,3502739,0.00003326,6.00000000,1
1531212464473,1531212464467,3502740,0.00003326,9.00000000,1
1531212464870,1531212464866,3502741,0.00003326,7.00000000,1
1531212465251,1531212465247,3502742,0.00003326,19.00000000,1
1531212465251,1531212465247,3502743,0.00003321,4.00000000,1
1531212465897,1531212465893,3502744,0.00003321,95.00000000,1
1531212466714,1531212466710,3502745,0.00003322,7.00000000,1
1531212467214,1531212467208,3502746,0.00003322,26.00000000,1
1531212467549,1531212467544,3502747,0.00003322,7.00000000,1
1531212467841,1531212467836,3502748,0.00003322,14.00000000,1
1531212468164,1531212468159,3502749,0.00003322,15.00000000,1
1531212468508,1531212468502,3502750,0.00003322,13.00000000,1
1531212468964,1531212468959,3502751,0.00003322,7.00000000,1
1531212469429,1531212469422,3502752,0.00003322,6.00000000,1
1531212469788,1531212469783,3502753,0.00003322,12.00000000,1
1531212470118,1531212470114,3502754,0.00003322,15.00000000,1
1531212470554,1531212470549,3502755,0.00003322,15.00000000,1
1531212471234,1531212471229,3502756,0.00003322,5.00000000,1
1531212471234,1531212471229,3502757,0.00003321,1.00000000,1
1531212471694,1531212471691,3502758,0.00003317,19.00000000,1
1531212472108,1531212472104,3502759,0.00003317,27.00000000,1
1531212472586,1531212472581,3502760,0.00003317,26.00000000,1
1531212485885,1531212485881,3502761,0.00003319,1626.00000000,1
1531212485903,1531212485899,3502762,0.00003319,910.00000000,1
1531212501686,1531212501682,3502763,0.00003319,638.00000000,1
1531212501709,1531212501705,3502764,0.00003319,825.00000000,1
1531212542736,1531212542734,3502765,0.00003329,71.00000000,0
1531212545104,1531212545101,3502766,0.00003327,1458.00000000,0
1531212545121,1531212545117,3502767,0.00003320,1355.00000000,1
1531212545132,1531212545128,3502768,0.00003320,1176.00000000,1
1531212582287,1531212582282,3502769,0.00003324,4351.00000000,0
1531212582303,1531212582299,3502770,0.00003320,1543.00000000,1
1531212608203,1531212608198,3502771,0.00003324,684.00000000,0
1531212608223,1531212608219,3502772,0.00003320,622.00000000,1
1531212612752,1531212612747,3502773,0.00003324,37.00000000,0
1531212614735,1531212614731,3502774,0.00003328,71.00000000,0
1531212630760,1531212630756,3502775,0.00003320,6.00000000,1
1531212631117,1531212631111,3502776,0.00003320,43.00000000,1
1531212631736,1531212631732,3502777,0.00003320,7.00000000,1
1531212632177,1531212632173,3502778,0.00003320,10.00000000,1
1531212632597,1531212632592,3502779,0.00003320,68.00000000,1
1531212633235,1531212633229,3502780,0.00003320,10.00000000,1
1531212633960,1531212633955,3502781,0.00003320,588.00000000,1
1531212633987,1531212633982,3502782,0.00003320,151.00000000,1
1531212634028,1531212634023,3502783,0.00003319,8.00000000,1
1531212634509,1531212634505,3502784,0.00003319,7.00000000,1
1531212634734,1531212634729,3502785,0.00003320,144.00000000,0
1531212635042,1531212635036,3502786,0.00003319,12.00000000,1
1531212635644,1531212635639,3502787,0.00003319,7.00000000,1
1531212636174,1531212636170,3502788,0.00003319,7.00000000,1
1531212636525,1531212636522,3502789,0.00003319,15.00000000,1
1531212637072,1531212637068,3502790,0.00003319,17.00000000,1
1531212637542,1531212637536,3502791,0.00003319,20.00000000,1
1531212637923,1531212637919,3502792,0.00003319,17.00000000,1
1531212638725,1531212638721,3502793,0.00003319,18.00000000,1
1531212639534,1531212639530,3502794,0.00003319,7.00000000,1
1531212640489,1531212640484,3502795,0.00003319,6.00000000,1
1531212641029,1531212641024,3502796,0.00003319,10.00000000,1
1531212641950,1531212641945,3502797,0.00003319,7.00000000,1
1531212642924,1531212642919,3502798,0.00003319,16.00000000,1
1531212643564,1531212643560,3502799,0.00003319,7.00000000,1
1531212644317,1531212644311,3502800,0.00003319,30.00000000,1
1531212645176,1531212645171,3502801,0.00003319,16.00000000,1
1531212646025,1531212646018,3502802,0.00003319,16.00000000,1
1531212646690,1531212646685,3502803,0.00003319,22.00000000,1
1531212648110,1531212648106,3502804,0.00003319,10.00000000,1
1531212648992,1531212648987,3502805,0.00003319,15.00000000,1
1531212649559,1531212649555,3502806,0.00003319,7.00000000,1
1531212650428,1531212650424,3502807,0.00003319,21.00000000,1
1531212651652,1531212651648,3502808,0.00003319,20.00000000,1
1531212652711,1531212652708,3502809,0.00003319,29.00000000,1
1531212653333,1531212653327,3502810,0.00003319,31.00000000,1
1531212653938,1531212653933,3502811,0.00003319,6.00000000,1
1531212654550,1531212654544,3502812,0.00003319,9.00000000,1
1531212654550,1531212654544,3502813,0.00003317,15.00000000,1
1531212655413,1531212655408,3502814,0.00003317,16.00000000,1
1531212655810,1531212655805,3502815,0.00003317,39.00000000,1
1531212656370,1531212656366,3502816,0.00003317,8.00000000,1
1531212656791,1531212656786,3502817,0.00003317,50.00000000,1
1531212657294,1531212657290,3502818,0.00003317,17.00000000,1
1531212658562,1531212658557,3502819,0.00003317,99.00000000,1
1531212658562,1531212658557,3502820,0.00003316,1.00000000,1
1531212664820,1531212664815,3502821,0.00003323,2074.00000000,0
1531212664830,1531212664825,3502822,0.00003317,1017.00000000,1
1531212712368,1531212712363,3502823,0.00003317,50.00000000,1
1531212712391,1531212712386,3502824,0.00003317,1158.00000000,1
1531212747225,1531212747219,3502825,0.00003323,237.00000000,0
1531212747240,1531212747235,3502826,0.00003317,111.00000000,1
1531212758839,1531212758834,3502827,0.00003323,2090.00000000,0
1531212758887,1531212758883,3502828,0.00003317,1323.00000000,1
1531212770719,1531212770715,3502829,0.00003317,942.00000000,1
1531212772478,1531212772473,3502830,0.00003330,240.00000000,0
1531212772478,1531212772473,3502831,0.00003340,90.00000000,0
1531212772478,1531212772473,3502832,0.00003341,299.00000000,0
1531212772478,1531212772473,3502833,0.00003343,437.00000000,0
1531212812294,1531212812290,3502834,0.00003322,21.00000000,1
1531212813317,1531212813311,3502835,0.00003321,16.00000000,1
1531212813557,1531212813552,3502836,0.00003321,21.00000000,1
1531212814471,1531212814467,3502837,0.00003321,28.00000000,1
1531212815304,1531212815300,3502838,0.00003322,14.00000000,1
1531212816008,1531212816004,3502839,0.00003321,40.00000000,1
1531212816503,1531212816498,3502840,0.00003322,10.00000000,1
1531212816559,1531212816555,3502841,0.00003322,14.00000000,1
1531212817143,1531212817139,3502842,0.00003322,13.00000000,1
1531212817663,1531212817661,3502843,0.00003323,13.00000000,1
1531212818037,1531212818032,3502844,0.00003323,46.00000000,1
1531212818638,1531212818633,3502845,0.00003322,33.00000000,1
1531212818638,1531212818633,3502846,0.00003321,5.00000000,1
1531212819189,1531212819185,3502847,0.00003321,17.00000000,1
1531212819833,1531212819829,3502848,0.00003321,27.00000000,1
1531212820369,1531212820364,3502849,0.00003321,9.00000000,1
1531212821089,1531212821084,3502850,0.00003321,10.00000000,1
1531212821836,1531212821833,3502851,0.00003321,7.00000000,1
1531212822182,1531212822180,3502852,0.00003322,56.00000000,1
1531212822740,1531212822737,3502853,0.00003322,15.00000000,1
1531212823316,1531212823310,3502854,0.00003322,17.00000000,1
1531212823919,1531212823913,3502855,0.00003322,17.00000000,1
1531212824813,1531212824810,3502856,0.00003322,8.00000000,1
1531212825528,1531212825524,3502857,0.00003322,10.00000000,1
1531212826309,1531212826304,3502858,0.00003322,7.00000000,1
1531212827247,1531212827242,3502859,0.00003322,1174.00000000,1
1531212827282,1531212827277,3502860,0.00003322,130.00000000,0
1531212827418,1531212827414,3502861,0.00003321,25.00000000,1
1531212827558,1531212827552,3502862,0.00003321,1.00000000,1
1531212828804,1531212828799,3502863,0.00003321,6.00000000,1
1531212829596,1531212829593,3502864,0.00003321,9.00000000,1
1531212830199,1531212830195,3502865,0.00003321,7.00000000,1
1531212831028,1531212831024,3502866,0.00003321,12.00000000,1
1531212831028,1531212831024,3502867,0.00003317,11.00000000,1
1531212831909,1531212831905,3502868,0.00003319,34.00000000,1
1531212832912,1531212832908,3502869,0.00003319,18.00000000,1
1531212833488,1531212833482,3502870,0.00003319,32.00000000,1
1531212834235,1531212834231,3502871,0.00003319,16.00000000,1
1531212835158,1531212835152,3502872,0.00003319,18.00000000,1
1531212835841,1531212835837,3502873,0.00003319,17.00000000,1
1531212836477,1531212836473,3502874,0.00003319,13.00000000,1
1531212837212,1531212837210,3502875,0.00003319,6.00000000,1
1531212837806,1531212837801,3502876,0.00003319,6.00000000,1
1531212838344,1531212838340,3502877,0.00003319,6.00000000,1
1531212839220,1531212839215,3502878,0.00003319,53.00000000,1
1531212839962,1531212839957,3502879,0.00003319,14.00000000,1
1531212840671,1531212840667,3502880,0.00003319,20.00000000,1
1531212850635,1531212850631,3502881,0.00003327,1247.00000000,0
1531212850652,1531212850647,3502882,0.00003320,725.00000000,1
1531212867969,1531212867963,3502883,0.00003318,318.00000000,1
1531212867979,1531212867975,3502884,0.00003318,126.00000000,1
1531212874566,1531212874561,3502885,0.00003333,105.00000000,0
1531212875001,1531212874996,3502886,0.00003333,86.00000000,0
1531212875855,1531212875851,3502887,0.00003332,70.00000000,0
1531212875855,1531212875851,3502888,0.00003332,59.00000000,1
1531212888835,1531212888831,3502889,0.00003333,309.00000000,0
1531212894990,1531212894984,3502890,0.00003335,236.00000000,0
1531212896159,1531212896154,3502891,0.00003332,15.00000000,1
1531212896793,1531212896788,3502892,0.00003332,7.00000000,1
1531212897316,1531212897311,3502893,0.00003332,27.00000000,1
1531212897685,1531212897681,3502894,0.00003332,20.00000000,1
1531212898086,1531212898080,3502895,0.00003332,18.00000000,1
1531212898580,1531212898576,3502896,0.00003332,35.00000000,1
1531212898580,1531212898576,3502897,0.00003324,50.00000000,1
1531212899058,1531212899053,3502898,0.00003324,7.00000000,1
1531212899637,1531212899632,3502899,0.00003325,14.00000000,1
1531212900350,1531212900345,3502900,0.00003325,18.00000000,1
1531212900840,1531212900833,3502901,0.00003325,6.00000000,1
1531212901394,1531212901389,3502902,0.00003324,9.00000000,1
1531212901859,1531212901857,3502903,0.00003324,10.00000000,1
1531212902529,1531212902526,3502904,0.00003324,10.00000000,1
1531212902959,1531212902954,3502905,0.00003324,18.00000000,1
1531212903348,1531212903343,3502906,0.00003324,6.00000000,1
1531212903849,1531212903846,3502907,0.00003324,15.00000000,1
1531212904435,1531212904431,3502908,0.00003324,7.00000000,1
1531212904813,1531212904809,3502909,0.00003324,7.00000000,1
1531212905335,1531212905330,3502910,0.00003324,18.00000000,1
1531212905724,1531212905719,3502911,0.00003324,13.00000000,1
1531212906137,1531212906133,3502912,0.00003324,18.00000000,1
1531212906567,1531212906562,3502913,0.00003324,21.00000000,1
1531212906955,1531212906949,3502914,0.00003324,31.00000000,1
1531212906955,1531212906949,3502915,0.00003317,1.00000000,1
1531212907380,1531212907374,3502916,0.00003317,12.00000000,1
1531212907800,1531212907796,3502917,0.00003318,19.00000000,1
1531212908321,1531212908316,3502918,0.00003318,30.00000000,1
1531212908321,1531212908316,3502919,0.00003317,5.00000000,1
1531212908732,1531212908724,3502920,0.00003318,9.00000000,1
1531212909265,1531212909261,3502921,0.00003318,7.00000000,1
1531212909867,1531212909863,3502922,0.00003318,32.00000000,1
1531212910289,1531212910286,3502923,0.00003318,16.00000000,1
1531212910604,1531212910598,3502924,0.00003318,9.00000000,1
1531212910838,1531212910834,3502925,0.00003318,8.00000000,1
1531212911323,1531212911318,3502926,0.00003318,10.00000000,1
1531212911693,1531212911687,3502927,0.00003318,14.00000000,1
1531212912102,1531212912097,3502928,0.00003318,18.00000000,1
1531212912464,1531212912460,3502929,0.00003318,15.00000000,1
1531212913027,1531212913024,3502930,0.00003318,20.00000000,1
1531212913432,1531212913428,3502931,0.00003318,7.00000000,1
1531212914027,1531212914021,3502932,0.00003318,15.00000000,1
1531212914776,1531212914773,3502933,0.00003318,33.00000000,1
1531212914852,1531212914848,3502934,0.00003327,38.00000000,0
1531212915922,1531212915917,3502935,0.00003318,374.00000000,1
1531212915946,1531212915943,3502936,0.00003318,634.00000000,1
1531212915967,1531212915963,3502937,0.00003318,213.00000000,0
1531212924850,1531212924845,3502938,0.00003327,49.00000000,0
1531212925759,1531212925755,3502939,0.00003328,128.00000000,0
1531212946970,1531212946967,3502940,0.00003328,1.00000000,0
1531212948237,1531212948232,3502941,0.00003323,1266.00000000,0
1531212948252,1531212948246,3502942,0.00003318,615.00000000,1
1531212954577,1531212954573,3502943,0.00003320,1052.00000000,1
1531213008997,1531213008993,3502944,0.00003323,3142.00000000,0
1531213009011,1531213009006,3502945,0.00003319,408.00000000,1
1531213009029,1531213009024,3502946,0.00003319,1893.00000000,1
1531213053209,1531213053204,3502947,0.00003324,1974.00000000,0
1531213053222,1531213053218,3502948,0.00003324,561.00000000,1
1531213085013,1531213085009,3502949,0.00003320,139.00000000,1
1531213165782,1531213165778,3502950,0.00003318,925.00000000,1
1531213165803,1531213165797,3502951,0.00003318,158.00000000,1
1531213171051,1531213171047,3502952,0.00003328,1.00000000,0
1531213171051,1531213171047,3502953,0.00003331,157.00000000,0
1531213177831,1531213177805,3502954,0.00003331,82.00000000,0
1531213259285,1531213259280,3502955,0.00003336,62.00000000,1
1531213259305,1531213259300,3502956,0.00003336,157.00000000,1
1531213298722,1531213298714,3502957,0.00003336,500.00000000,1
1531213298722,1531213298714,3502958,0.00003331,239.00000000,1
1531213298722,1531213298714,3502959,0.00003328,89.00000000,1
1531213298722,1531213298714,3502960,0.00003324,178.00000000,1
1531213298722,1531213298714,3502961,0.00003317,721.00000000,1
1531213298722,1531213298714,3502962,0.00003316,60.00000000,1
1531213298722,1531213298714,3502963,0.00003313,245.00000000,1
1531213298722,1531213298714,3502964,0.00003310,3172.00000000,1
1531213346557,1531213346551,3502965,0.00003309,5.00000000,1
1531213365730,1531213365725,3502966,0.00003318,31.00000000,1
1531213370017,1531213370011,3502967,0.00003322,392.00000000,0
1531213370068,1531213370062,3502968,0.00003318,578.00000000,1
1531213370085,1531213370081,3502969,0.00003318,361.00000000,1
1531213370126,1531213370121,3502970,0.00003318,31.00000000,0
1531213384772,1531213384767,3502971,0.00003327,20.00000000,0
1531213407081,1531213407077,3502972,0.00003325,578.00000000,0
1531213414408,1531213414403,3502973,0.00003317,1980.00000000,1
1531213414431,1531213414425,3502974,0.00003317,924.00000000,1
1531213442718,1531213442713,3502975,0.00003319,95.00000000,1
1531213447938,1531213447933,3502976,0.00003328,1.00000000,0
1531213448038,1531213448033,3502977,0.00003328,239.00000000,0
1531213448518,1531213448512,3502978,0.00003319,204.00000000,1
1531213448533,1531213448529,3502979,0.00003319,1302.00000000,1
1531213448956,1531213448951,3502980,0.00003319,95.00000000,0
1531213466035,1531213466031,3502981,0.00003325,2918.00000000,0
1531213466047,1531213466042,3502982,0.00003318,1999.00000000,1
1531213492161,1531213492157,3502983,0.00003320,206.00000000,1
1531213492920,1531213492917,3502984,0.00003320,137.00000000,0
1531213499209,1531213499205,3502985,0.00003318,708.00000000,1
1531213499236,1531213499232,3502986,0.00003318,976.00000000,1
1531213513382,1531213513377,3502987,0.00003317,1.00000000,1
1531213548432,1531213548427,3502988,0.00003318,1661.00000000,1
1531213581770,1531213581765,3502989,0.00003322,2942.00000000,0
1531213581787,1531213581783,3502990,0.00003318,1886.00000000,1
1531213606746,1531213606742,3502991,0.00003323,1793.00000000,0
1531213606753,1531213606748,3502992,0.00003319,735.00000000,1
1531213606838,1531213606834,3502993,0.00003327,206.00000000,0
1531213607981,1531213607976,3502994,0.00003328,200.00000000,0
1531213638581,1531213638571,3502995,0.00003332,389.00000000,0
1531213638581,1531213638571,3502996,0.00003333,239.00000000,0
1531213638581,1531213638571,3502997,0.00003334,178.00000000,0
1531213638581,1531213638571,3502998,0.00003335,123.00000000,0
1531213638581,1531213638571,3502999,0.00003337,245.00000000,0
1531213638581,1531213638571,3503000,0.00003340,118.00000000,0
1531213638581,1531213638571,3503001,0.00003348,332.00000000,0
1531213638582,1531213638571,3503002,0.00003350,463.00000000,0
1531213638582,1531213638571,3503003,0.00003351,258.00000000,0
1531213638582,1531213638571,3503004,0.00003352,345.00000000,0
1531213638582,1531213638571,3503005,0.00003358,41.00000000,0
1531213638582,1531213638571,3503006,0.00003360,35.00000000,0
1531213638582,1531213638571,3503007,0.00003363,120.00000000,0
1531213638582,1531213638571,3503008,0.00003364,125.00000000,0
1531213638582,1531213638571,3503009,0.00003369,134.00000000,0
1531213638582,1531213638571,3503010,0.00003373,955.00000000,0
1531213662830,1531213662826,3503011,0.00003336,18.00000000,1
1531213663221,1531213663216,3503012,0.00003336,12.00000000,1
1531213663859,1531213663855,3503013,0.00003336,7.00000000,1
1531213664479,1531213664473,3503014,0.00003336,6.00000000,1
1531213664887,1531213664881,3503015,0.00003336,6.00000000,1
1531213665439,1531213665433,3503016,0.00003336,15.00000000,1
1531213665967,1531213665962,3503017,0.00003336,46.00000000,1
1531213666511,1531213666506,3503018,0.00003336,7.00000000,1
1531213667029,1531213667026,3503019,0.00003336,18.00000000,1
1531213667103,1531213667099,3503020,0.00003336,1103.00000000,1
1531213667654,1531213667650,3503021,0.00003335,34.00000000,1
1531213668161,1531213668157,3503022,0.00003335,18.00000000,1
1531213668602,1531213668598,3503023,0.00003335,36.00000000,1
1531213669153,1531213669147,3503024,0.00003335,9.00000000,1
1531213669710,1531213669706,3503025,0.00003335,18.00000000,1
1531213685462,1531213685454,3503026,0.00003336,135.00000000,0
1531213685462,1531213685454,3503027,0.00003344,76.00000000,0
1531213685484,1531213685480,3503028,0.00003344,163.00000000,0
1531213685525,1531213685521,3503029,0.00003335,163.00000000,1
1531213685924,1531213685919,3503030,0.00003336,68.00000000,0
1531213690423,1531213690420,3503031,0.00003350,212.00000000,0
1531213690449,1531213690446,3503032,0.00003350,212.00000000,0
1531213690451,1531213690447,3503033,0.00003350,206.00000000,0
1531213710033,1531213710028,3503034,0.00003338,100.00000000,1
1531213726694,1531213726690,3503035,0.00003336,1056.00000000,1
1531213774435,1531213774430,3503036,0.00003336,1246.00000000,1
1531213790229,1531213790224,3503037,0.00003337,1603.00000000,1
1531213802979,1531213802975,3503038,0.00003336,1000.00000000,1
1531213809518,1531213809513,3503039,0.00003336,1000.00000000,1
1531213822286,1531213822282,3503040,0.00003336,59.00000000,0
1531213833123,1531213833119,3503041,0.00003335,161.00000000,1
1531213844254,1531213844249,3503042,0.00003333,100.00000000,0
1531213844948,1531213844942,3503043,0.00003334,51.00000000,0
1531213846936,1531213846932,3503044,0.00003336,370.00000000,0
1531213867857,1531213867853,3503045,0.00003339,1016.00000000,1
1531213867872,1531213867866,3503046,0.00003339,1954.00000000,1
1531213873955,1531213873950,3503047,0.00003339,200.00000000,0
1531213881625,1531213881621,3503048,0.00003334,528.00000000,1
1531213942134,1531213942129,3503049,0.00003334,240.00000000,1
1531213942147,1531213942143,3503050,0.00003334,30.00000000,1
1531214027612,1531214027607,3503051,0.00003331,3.00000000,1
1531214086181,1531214086177,3503052,0.00003332,1205.00000000,1
1531214099854,1531214099849,3503053,0.00003333,1.00000000,1
1531214128439,1531214128436,3503054,0.00003333,726.00000000,1
1531214128453,1531214128449,3503055,0.00003333,1825.00000000,1
1531214149207,1531214149204,3503056,0.00003338,1752.00000000,0
1531214149217,1531214149213,3503057,0.00003333,1593.00000000,1
1531214169223,1531214169220,3503058,0.00003333,1000.00000000,1
1531214183283,1531214183279,3503059,0.00003334,871.00000000,1
1531214186749,1531214186743,3503060,0.00003333,1519.00000000,1
1531214186767,1531214186763,3503061,0.00003333,288.00000000,1
1531214188490,1531214188486,3503062,0.00003332,1.00000000,1
1531214190359,1531214190355,3503063,0.00003332,1.00000000,1
1531214198988,1531214198984,3503064,0.00003334,1.00000000,1
1531214248203,1531214248199,3503065,0.00003335,1263.00000000,1
1531214248203,1531214248199,3503066,0.00003334,187.00000000,1
1531214288498,1531214288494,3503067,0.00003332,1296.00000000,1
1531214288516,1531214288512,3503068,0.00003332,900.00000000,1
1531214431044,1531214431040,3503069,0.00003339,1598.00000000,0
1531214431055,1531214431051,3503070,0.00003335,592.00000000,1
1531214447156,1531214447152,3503071,0.00003339,1881.00000000,0
1531214447163,1531214447159,3503072,0.00003334,811.00000000,1
1531214468626,1531214468622,3503073,0.00003331,31.00000000,1
1531214470921,1531214470917,3503074,0.00003331,30.00000000,0
1531214470921,1531214470917,3503075,0.00003344,239.00000000,0
1531214470921,1531214470917,3503076,0.00003353,35.00000000,0
1531214475578,1531214475574,3503077,0.00003341,541.00000000,0
1531214475588,1531214475584,3503078,0.00003330,861.00000000,1
1531214475609,1531214475605,3503079,0.00003330,343.00000000,1
1531214498110,1531214498105,3503080,0.00003340,1000.00000000,1
1531214498827,1531214498824,3503081,0.00003340,1.00000000,1
1531214512404,1531214512399,3503082,0.00003352,129.00000000,1
1531214520972,1531214520968,3503083,0.00003351,238.00000000,1
1531214545618,1531214545614,3503084,0.00003352,3880.00000000,0
1531214545625,1531214545620,3503085,0.00003347,1940.00000000,1
1531214550643,1531214550639,3503086,0.00003346,189.00000000,1
1531214551145,1531214551140,3503087,0.00003345,238.00000000,1
1531214586476,1531214586472,3503088,0.00003342,1083.00000000,1
1531214586493,1531214586489,3503089,0.00003342,401.00000000,1
1531214599191,1531214599187,3503090,0.00003341,239.00000000,1
1531214618436,1531214618432,3503091,0.00003335,8.00000000,1
1531214633482,1531214633477,3503092,0.00003343,1280.00000000,0
1531214633491,1531214633487,3503093,0.00003336,1003.00000000,1
1531214633505,1531214633501,3503094,0.00003336,970.00000000,1
1531214644688,1531214644683,3503095,0.00003343,139.00000000,0
1531214644704,1531214644698,3503096,0.00003336,92.00000000,1
1531214660042,1531214660039,3503097,0.00003335,231.00000000,1
1531214673047,1531214673043,3503098,0.00003329,190.00000000,1
1531214685261,1531214685257,3503099,0.00003322,167.00000000,1
1531214707979,1531214707974,3503100,0.00003325,3964.00000000,0
1531214708088,1531214708085,3503101,0.00003322,1770.00000000,1
1531214711174,1531214711169,3503102,0.00003328,256.00000000,0
1531214715728,1531214715722,3503103,0.00003337,239.00000000,0
1531214719244,1531214719239,3503104,0.00003321,46.00000000,1
1531214733149,1531214733144,3503105,0.00003340,239.00000000,1
1531214733808,1531214733804,3503106,0.00003328,46.00000000,0
1531214768528,1531214768524,3503107,0.00003321,8.00000000,1
1531214781991,1531214781987,3503108,0.00003329,31.00000000,0
1531214787672,1531214787666,3503109,0.00003332,858.00000000,0
1531214787690,1531214787687,3503110,0.00003322,780.00000000,1
1531214800376,1531214800372,3503111,0.00003321,7.00000000,1
1531214800539,1531214800534,3503112,0.00003321,54.00000000,0
1531214840040,1531214840035,3503113,0.00003320,2.00000000,1
1531214860409,1531214860405,3503114,0.00003320,31.00000000,1
1531214887073,1531214887070,3503115,0.00003321,88.00000000,1
1531214888559,1531214888554,3503116,0.00003326,2120.00000000,0
1531214888570,1531214888566,3503117,0.00003321,297.00000000,1
1531214888595,1531214888590,3503118,0.00003321,686.00000000,1
1531214888643,1531214888639,3503119,0.00003321,88.00000000,0
1531214912238,1531214912234,3503120,0.00003321,877.00000000,1
1531214942941,1531214942937,3503121,0.00003330,131.00000000,0
1531214948971,1531214948967,3503122,0.00003325,870.00000000,0
1531214948986,1531214948981,3503123,0.00003321,1581.00000000,1
1531214949011,1531214949008,3503124,0.00003321,791.00000000,1
1531214985954,1531214985950,3503125,0.00003320,1.00000000,1
1531214995313,1531214995309,3503126,0.00003321,1432.00000000,1
1531214995333,1531214995329,3503127,0.00003321,1760.00000000,1
1531215016179,1531215016175,3503128,0.00003323,300.00000000,0
1531215016672,1531215016668,3503129,0.00003323,553.00000000,0
1531215016695,1531215016691,3503130,0.00003324,391.00000000,0
1531215017348,1531215017345,3503131,0.00003323,129.00000000,1
1531215029669,1531215029665,3503132,0.00003324,822.00000000,1
1531215029683,1531215029679,3503133,0.00003324,1122.00000000,1
1531215092436,1531215092431,3503134,0.00003324,4.00000000,1
1531215160018,1531215160013,3503135,0.00003338,46.00000000,0
1531215161033,1531215161029,3503136,0.00003339,129.00000000,0
1531215162024,1531215162021,3503137,0.00003340,447.00000000,0
1531215202116,1531215202112,3503138,0.00003341,8.00000000,1
1531215215467,1531215215463,3503139,0.00003339,4.00000000,1
1531215275028,1531215275025,3503140,0.00003339,3904.00000000,1
1531215276022,1531215276018,3503141,0.00003338,1383.00000000,1
1531215302737,1531215302734,3503142,0.00003327,198.00000000,1
1531215302737,1531215302734,3503143,0.00003324,52.00000000,1
1531215314452,1531215314448,3503144,0.00003325,1.00000000,1
1531215317092,1531215317088,3503145,0.00003325,201.00000000,1
1531215347603,1531215347597,3503146,0.00003324,4.00000000,1
1531215347603,1531215347597,3503147,0.00003320,10.00000000,1
1531215349091,1531215349087,3503148,0.00003320,945.00000000,1
1531215352529,1531215352525,3503149,0.00003323,1232.00000000,0
1531215353192,1531215353186,3503150,0.00003323,300.00000000,0
1531215353228,1531215353223,3503151,0.00003323,578.00000000,0
1531215354688,1531215354684,3503152,0.00003322,198.00000000,0
1531215366444,1531215366440,3503153,0.00003321,2139.00000000,0
1531215366453,1531215366450,3503154,0.00003321,605.00000000,1
1531215371553,1531215371549,3503155,0.00003323,8.00000000,0
1531215388547,1531215388543,3503156,0.00003323,2137.00000000,0
1531215388559,1531215388554,3503157,0.00003322,978.00000000,1
1531215388576,1531215388573,3503158,0.00003322,855.00000000,1
1531215412711,1531215412706,3503159,0.00003322,1837.00000000,0
1531215429297,1531215429292,3503160,0.00003320,3028.00000000,0
1531215429314,1531215429309,3503161,0.00003320,1852.00000000,1
1531215452034,1531215452030,3503162,0.00003321,467.00000000,0
1531215452050,1531215452046,3503163,0.00003320,354.00000000,1
1531215452102,1531215452099,3503164,0.00003323,100.00000000,0
1531215452188,1531215452183,3503165,0.00003325,300.00000000,0
1531215452369,1531215452366,3503166,0.00003325,276.00000000,0
1531215469093,1531215469088,3503167,0.00003323,3935.00000000,0
1531215469101,1531215469097,3503168,0.00003322,728.00000000,1
1531215469114,1531215469110,3503169,0.00003322,1789.00000000,1
1531215487120,1531215487115,3503170,0.00003324,222.00000000,0
1531215492709,1531215492705,3503171,0.00003324,1163.00000000,0
1531215524188,1531215524183,3503172,0.00003324,2.00000000,0
1531215524188,1531215524183,3503173,0.00003325,298.00000000,0
1531215525201,1531215525197,3503174,0.00003325,300.00000000,0
1531215525232,1531215525228,3503175,0.00003325,258.00000000,0
1531215525259,1531215525256,3503176,0.00003325,1008.00000000,0
1531215527045,1531215527042,3503177,0.00003327,804.00000000,0
1531215528035,1531215528031,3503178,0.00003328,240.00000000,0
1531215544049,1531215544044,3503179,0.00003335,413.00000000,0
1531215546041,1531215546036,3503180,0.00003336,239.00000000,0
1531215548069,1531215548064,3503181,0.00003340,450.00000000,0
1531215550041,1531215550037,3503182,0.00003342,350.00000000,0
1531215586038,1531215586034,3503183,0.00003343,239.00000000,0
1531215647369,1531215647366,3503184,0.00003336,100.00000000,1
1531215674126,1531215674121,3503185,0.00003336,43.00000000,1
1531215683062,1531215683058,3503186,0.00003343,117.00000000,0
1531215708942,1531215708938,3503187,0.00003336,23.00000000,1
1531215710287,1531215710283,3503188,0.00003335,23.00000000,1
1531215755869,1531215755863,3503189,0.00003339,1706.00000000,1
1531215755869,1531215755863,3503190,0.00003335,216.00000000,1
1531215755869,1531215755863,3503191,0.00003328,272.00000000,1
1531215755869,1531215755863,3503192,0.00003327,180.00000000,1
1531215755869,1531215755863,3503193,0.00003322,1720.00000000,1
1531215785663,1531215785658,3503194,0.00003328,193.00000000,1
1531215785663,1531215785658,3503195,0.00003325,240.00000000,1
1531215785663,1531215785658,3503196,0.00003322,505.00000000,1
1531215809176,1531215809172,3503197,0.00003324,1452.00000000,1
1531215815638,1531215815634,3503198,0.00003331,839.00000000,0
1531215815652,1531215815648,3503199,0.00003322,646.00000000,1
1531215851522,1531215851517,3503200,0.00003321,4.00000000,1
1531215869441,1531215869436,3503201,0.00003321,311.00000000,1
1531215871679,1531215871676,3503202,0.00003334,43.00000000,0
1531215927172,1531215927168,3503203,0.00003326,1060.00000000,1
1531215953407,1531215953402,3503204,0.00003323,15.00000000,1
1531215967168,1531215967164,3503205,0.00003324,81.00000000,1
1531215970997,1531215970992,3503206,0.00003321,24.00000000,1
1531215973307,1531215973302,3503207,0.00003323,220.00000000,1
1531216007304,1531216007299,3503208,0.00003327,2181.00000000,0
1531216007323,1531216007320,3503209,0.00003322,671.00000000,1
1531216007345,1531216007339,3503210,0.00003322,1759.00000000,1
1531216008165,1531216008157,3503211,0.00003321,113.00000000,1
1531216015163,1531216015159,3503212,0.00003319,240.00000000,1
1531216029136,1531216029132,3503213,0.00003318,1897.00000000,1
1531216038197,1531216038194,3503214,0.00003320,12163.00000000,1
1531216039168,1531216039164,3503215,0.00003320,184.00000000,1
1531216089320,1531216089316,3503216,0.00003325,3268.00000000,0
1531216089338,1531216089333,3503217,0.00003318,31.00000000,1
1531216089358,1531216089354,3503218,0.00003318,1193.00000000,1
1531216089960,1531216089955,3503219,0.00003317,2.00000000,1
1531216114473,1531216114467,3503220,0.00003327,30.00000000,0
1531216134132,1531216134128,3503221,0.00003318,1253.00000000,1
1531216136178,1531216136174,3503222,0.00003317,188.00000000,1
1531216159005,1531216159002,3503223,0.00003317,754.00000000,0
1531216159022,1531216159017,3503224,0.00003317,1.00000000,0
1531216187592,1531216187588,3503225,0.00003324,591.00000000,0
1531216187613,1531216187610,3503226,0.00003321,448.00000000,1
1531216193830,1531216193826,3503227,0.00003320,61.00000000,1
1531216219579,1531216219575,3503228,0.00003321,1241.00000000,1
1531216219594,1531216219590,3503229,0.00003321,1068.00000000,1
1531216267312,1531216267307,3503230,0.00003321,1119.00000000,1
1531216267332,1531216267327,3503231,0.00003321,1996.00000000,1
1531216299954,1531216299950,3503232,0.00003321,396.00000000,1
1531216326718,1531216326714,3503233,0.00003321,1449.00000000,1
1531216326738,1531216326735,3503234,0.00003321,658.00000000,1
1531216353263,1531216353259,3503235,0.00003321,1262.00000000,1
1531216388192,1531216388187,3503236,0.00003321,1509.00000000,1
1531216425960,1531216425955,3503237,0.00003326,3215.00000000,0
1531216425981,1531216425976,3503238,0.00003321,59.00000000,1
1531216426005,1531216426001,3503239,0.00003321,1307.00000000,1
1531216444921,1531216444916,3503240,0.00003321,1709.00000000,1
1531216444940,1531216444936,3503241,0.00003321,495.00000000,1
1531216463565,1531216463559,3503242,0.00003321,350.00000000,1
1531216557955,1531216557950,3503243,0.00003321,2149.00000000,0
1531216559001,1531216558998,3503244,0.00003321,547.00000000,1
1531216562417,1531216562412,3503245,0.00003321,1904.00000000,1
1531216562460,1531216562455,3503246,0.00003321,180.00000000,0
1531216563353,1531216563349,3503247,0.00003320,5613.00000000,1
1531216564381,1531216564378,3503248,0.00003314,35.00000000,1
1531216568862,1531216568857,3503249,0.00003308,4.00000000,1
1531216579341,1531216579336,3503250,0.00003308,1.00000000,1
1531216589577,1531216589573,3503251,0.00003309,753.00000000,1
1531216626901,1531216626896,3503252,0.00003317,30.00000000,0
1531216632480,1531216632475,3503253,0.00003311,62.00000000,1
1531216666335,1531216666332,3503254,0.00003313,2051.00000000,0
1531216666346,1531216666343,3503255,0.00003309,1554.00000000,1
1531216671168,1531216671164,3503256,0.00003317,1.00000000,0
1531216698233,1531216698230,3503257,0.00003308,1.00000000,1
1531216744358,1531216744353,3503258,0.00003309,99.00000000,1
1531216752810,1531216752805,3503259,0.00003308,5.00000000,1
1531216778096,1531216778092,3503260,0.00003312,3190.00000000,0
1531216778110,1531216778105,3503261,0.00003312,1731.00000000,1
1531216808019,1531216808016,3503262,0.00003313,3988.00000000,0
1531216808036,1531216808031,3503263,0.00003309,1676.00000000,1
1531216823440,1531216823436,3503264,0.00003309,1611.00000000,1
1531216864940,1531216864935,3503265,0.00003313,440.00000000,0
1531216864953,1531216864948,3503266,0.00003309,186.00000000,1
1531216864975,1531216864971,3503267,0.00003313,202.00000000,1
1531216906665,1531216906660,3503268,0.00003310,1215.00000000,1
1531216921027,1531216921022,3503269,0.00003310,578.00000000,1
1531216921040,1531216921036,3503270,0.00003310,201.00000000,1
1531216948325,1531216948321,3503271,0.00003310,1224.00000000,1
1531216948345,1531216948342,3503272,0.00003310,647.00000000,1
1531216963252,1531216963248,3503273,0.00003309,150.00000000,1
1531216981073,1531216981067,3503274,0.00003313,1652.00000000,0
1531216981085,1531216981081,3503275,0.00003313,1073.00000000,1
1531216981262,1531216981259,3503276,0.00003313,318.00000000,1
1531217030255,1531217030251,3503277,0.00003311,1060.00000000,1
1531217045251,1531217045247,3503278,0.00003309,1573.00000000,1
1531217048186,1531217048181,3503279,0.00003306,31.00000000,1
1531217054815,1531217054810,3503280,0.00003306,1.00000000,1
1531217066037,1531217066033,3503281,0.00003311,1161.00000000,0
1531217066056,1531217066050,3503282,0.00003311,445.00000000,1
1531217082038,1531217082035,3503283,0.00003314,2153.00000000,0
1531217082054,1531217082049,3503284,0.00003308,179.00000000,1
1531217082074,1531217082069,3503285,0.00003308,979.00000000,1
1531217097156,1531217097151,3503286,0.00003319,3.00000000,0
1531217104354,1531217104349,3503287,0.00003309,31.00000000,1
1531217125810,1531217125806,3503288,0.00003310,1397.00000000,1
1531217125827,1531217125822,3503289,0.00003310,1462.00000000,1
1531217150675,1531217150671,3503290,0.00003309,211.00000000,0
1531217150675,1531217150671,3503291,0.00003309,4076.00000000,0
1531217150961,1531217150956,3503292,0.00003309,1.00000000,1
1531217166470,1531217166464,3503293,0.00003310,1383.00000000,1
1531217166480,1531217166476,3503294,0.00003310,1329.00000000,1
1531217208750,1531217208746,3503295,0.00003322,1.00000000,0
1531217215322,1531217215318,3503296,0.00003309,2888.00000000,0
1531217215331,1531217215325,3503297,0.00003309,2112.00000000,0
1531217215331,1531217215325,3503298,0.00003322,239.00000000,0
1531217215331,1531217215325,3503299,0.00003336,86.00000000,0
1531217215331,1531217215325,3503300,0.00003337,180.00000000,0
1531217215331,1531217215325,3503301,0.00003338,129.00000000,0
1531217215331,1531217215325,3503302,0.00003343,30.00000000,0
1531217215331,1531217215325,3503303,0.00003349,112.00000000,0
1531217215380,1531217215376,3503304,0.00003304,78.00000000,1
1531217215380,1531217215376,3503305,0.00003295,31.00000000,1
1531217215380,1531217215376,3503306,0.00003292,451.00000000,1
1531217216650,1531217216646,3503307,0.00003313,4.00000000,1
1531217222232,1531217222229,3503308,0.00003347,30.00000000,0
1531217230726,1531217230721,3503309,0.00003340,239.00000000,0
1531217230726,1531217230721,3503310,0.00003342,90.00000000,0
1531217233153,1531217233147,3503311,0.00003324,5.00000000,1
1531217234844,1531217234840,3503312,0.00003323,5.00000000,1
1531217236987,1531217236982,3503313,0.00003324,5.00000000,1
1531217238844,1531217238840,3503314,0.00003325,5.00000000,1
1531217239960,1531217239955,3503315,0.00003327,301.00000000,1
1531217240203,1531217240199,3503316,0.00003327,298.00000000,1
1531217240214,1531217240210,3503317,0.00003326,298.00000000,1
1531217241597,1531217241592,3503318,0.00003328,240.00000000,1
1531217242768,1531217242763,3503319,0.00003326,5.00000000,1
1531217246638,1531217246633,3503320,0.00003326,5.00000000,1
1531217247620,1531217247616,3503321,0.00003334,1695.00000000,0
1531217247634,1531217247629,3503322,0.00003326,569.00000000,1
1531217247656,1531217247651,3503323,0.00003326,883.00000000,1
1531217265162,1531217265158,3503324,0.00003321,31.00000000,1
1531217280796,1531217280792,3503325,0.00003323,82.00000000,0
1531217286612,1531217286606,3503326,0.00003324,37.00000000,0
1531217309370,1531217309365,3503327,0.00003327,2140.00000000,0
1531217309385,1531217309381,3503328,0.00003322,738.00000000,1
1531217347092,1531217347088,3503329,0.00003321,233.00000000,1
1531217372962,1531217372956,3503330,0.00003318,1313.00000000,0
1531217372979,1531217372975,3503331,0.00003317,952.00000000,1
1531217403828,1531217403822,3503332,0.00003317,55.00000000,1
1531217403828,1531217403822,3503333,0.00003316,190.00000000,1
1531217403828,1531217403822,3503334,0.00003310,241.00000000,1
1531217407151,1531217407147,3503335,0.00003307,3.00000000,1
1531217407394,1531217407389,3503336,0.00003307,28.00000000,1
1531217409937,1531217409932,3503337,0.00003292,534.00000000,1
1531217409937,1531217409932,3503338,0.00003290,96.00000000,1
1531217409937,1531217409932,3503339,0.00003288,4370.00000000,1
1531217412915,1531217412911,3503340,0.00003288,629.00000000,0
1531217413250,1531217413246,3503341,0.00003287,180.00000000,1
1531217413579,1531217413576,3503342,0.00003288,631.00000000,0
1531217415237,1531217415232,3503343,0.00003286,937.00000000,1
1531217415792,1531217415788,3503344,0.00003285,4.00000000,1
1531217415793,1531217415788,3503345,0.00003285,299.00000000,1
1531217415793,1531217415788,3503346,0.00003284,37.00000000,1
1531217415793,1531217415788,3503347,0.00003283,314.00000000,1
1531217416793,1531217416789,3503348,0.00003286,21.00000000,0
1531217416811,1531217416808,3503349,0.00003283,168.00000000,1
1531217418236,1531217418233,3503350,0.00003282,625.00000000,1
1531217420240,1531217420236,3503351,0.00003281,462.00000000,1
1531217421593,1531217421588,3503352,0.00003283,193.00000000,0
1531217421612,1531217421608,3503353,0.00003280,813.00000000,1
1531217421612,1531217421608,3503354,0.00003279,100.00000000,1
1531217421753,1531217421747,3503355,0.00003283,1.00000000,0
1531217423317,1531217423312,3503356,0.00003279,1092.00000000,1
1531217424239,1531217424235,3503357,0.00003277,61.00000000,1
1531217426237,1531217426232,3503358,0.00003276,31.00000000,1
1531217426990,1531217426987,3503359,0.00003275,1.00000000,1
1531217430577,1531217430572,3503360,0.00003284,578.00000000,0
1531217435510,1531217435505,3503361,0.00003292,31.00000000,0
1531217435811,1531217435807,3503362,0.00003276,165.00000000,1
1531217435811,1531217435807,3503363,0.00003275,840.00000000,1
1531217440890,1531217440885,3503364,0.00003273,4.00000000,1
1531217441925,1531217441918,3503365,0.00003273,77.00000000,1
1531217441925,1531217441918,3503366,0.00003272,634.00000000,1
1531217441925,1531217441918,3503367,0.00003263,300.00000000,1
1531217441925,1531217441918,3503368,0.00003260,1891.00000000,1
1531217441925,1531217441918,3503369,0.00003254,7039.00000000,1
1531217441945,1531217441941,3503370,0.00003264,211.00000000,0
1531217441945,1531217441941,3503371,0.00003267,450.00000000,0
1531217442060,1531217442056,3503372,0.00003268,188.00000000,0
1531217443134,1531217443131,3503373,0.00003268,255.00000000,0
1531217443319,1531217443315,3503374,0.00003268,724.00000000,0
1531217443319,1531217443315,3503375,0.00003275,986.00000000,0
1531217444666,1531217444662,3503376,0.00003268,243.00000000,1
1531217446357,1531217446351,3503377,0.00003274,45.00000000,0
1531217446440,1531217446436,3503378,0.00003273,21.00000000,0
1531217446450,1531217446444,3503379,0.00003273,10.00000000,0
1531217446450,1531217446444,3503380,0.00003274,10.00000000,0
1531217446677,1531217446672,3503381,0.00003261,4.00000000,1
1531217449136,1531217449131,3503382,0.00003263,5.00000000,1
1531217452284,1531217452280,3503383,0.00003272,110.00000000,0
1531217452284,1531217452280,3503384,0.00003273,31.00000000,0
1531217454270,1531217454264,3503385,0.00003292,36.00000000,0
1531217454623,1531217454618,3503386,0.00003265,6.00000000,1
1531217454860,1531217454855,3503387,0.00003292,10.00000000,0
1531217454920,1531217454913,3503388,0.00003292,9.00000000,0
1531217455035,1531217455031,3503389,0.00003292,6.00000000,0
1531217455035,1531217455031,3503390,0.00003293,2.00000000,0
1531217455217,1531217455212,3503391,0.00003293,23.00000000,0
1531217455261,1531217455256,3503392,0.00003293,10.00000000,0
1531217455570,1531217455567,3503393,0.00003293,21.00000000,0
1531217455621,1531217455616,3503394,0.00003293,9.00000000,0
1531217455657,1531217455654,3503395,0.00003293,17.00000000,0
1531217455757,1531217455752,3503396,0.00003293,23.00000000,0
1531217455805,1531217455802,3503397,0.00003293,34.00000000,0
1531217455880,1531217455875,3503398,0.00003293,7.00000000,0
1531217455968,1531217455964,3503399,0.00003293,12.00000000,0
1531217456091,1531217456087,3503400,0.00003293,10.00000000,0
1531217456206,1531217456201,3503401,0.00003293,33.00000000,0
1531217459197,1531217459194,3503402,0.00003293,26.00000000,0
1531217459365,1531217459361,3503403,0.00003293,7.00000000,0
1531217459420,1531217459417,3503404,0.00003293,20.00000000,0
1531217459474,1531217459470,3503405,0.00003293,16.00000000,0
1531217459552,1531217459548,3503406,0.00003293,32.00000000,0
1531217459607,1531217459602,3503407,0.00003293,7.00000000,0
1531217459681,1531217459675,3503408,0.00003293,9.00000000,0
1531217459733,1531217459728,3503409,0.00003293,35.00000000,0
1531217459857,1531217459852,3503410,0.00003293,19.00000000,0
1531217459934,1531217459930,3503411,0.00003293,12.00000000,0
1531217459992,1531217459986,3503412,0.00003293,32.00000000,0
1531217460031,1531217460027,3503413,0.00003293,21.00000000,0
1531217460157,1531217460152,3503414,0.00003293,18.00000000,0
1531217460264,1531217460260,3503415,0.00003293,18.00000000,0
1531217460330,1531217460325,3503416,0.00003293,7.00000000,0
1531217460350,1531217460347,3503417,0.00003293,13.00000000,0
1531217460429,1531217460425,3503418,0.00003293,7.00000000,0
1531217460526,1531217460521,3503419,0.00003293,15.00000000,0
1531217460541,1531217460536,3503420,0.00003293,3.00000000,0
1531217460573,1531217460568,3503421,0.00003293,6.00000000,0
1531217460635,1531217460631,3503422,0.00003293,18.00000000,0
1531217460665,1531217460661,3503423,0.00003293,10.00000000,0
1531217460741,1531217460737,3503424,0.00003293,10.00000000,0
1531217460808,1531217460803,3503425,0.00003293,9.00000000,0
1531217460839,1531217460835,3503426,0.00003293,6.00000000,0
1531217460959,1531217460956,3503427,0.00003293,18.00000000,0
1531217461072,1531217461066,3503428,0.00003293,14.00000000,0
1531217461143,1531217461139,3503429,0.00003293,85.00000000,0
1531217461191,1531217461187,3503430,0.00003293,18.00000000,0
1531217461257,1531217461252,3503431,0.00003293,20.00000000,0
1531217461398,1531217461393,3503432,0.00003293,27.00000000,0
1531217461688,1531217461683,3503433,0.00003293,15.00000000,0
1531217461826,1531217461822,3503434,0.00003293,14.00000000,0
1531217461863,1531217461859,3503435,0.00003293,53.00000000,0
1531217461923,1531217461918,3503436,0.00003293,20.00000000,0
1531217461970,1531217461966,3503437,0.00003293,6.00000000,0
1531217462044,1531217462040,3503438,0.00003293,6.00000000,0
1531217462190,1531217462187,3503439,0.00003294,6.00000000,0
1531217462249,1531217462245,3503440,0.00003294,13.00000000,0
1531217462523,1531217462519,3503441,0.00003294,17.00000000,0
1531217462554,1531217462550,3503442,0.00003294,7.00000000,0
1531217462581,1531217462576,3503443,0.00003294,18.00000000,0
1531217462630,1531217462627,3503444,0.00003294,16.00000000,0
1531217462731,1531217462727,3503445,0.00003294,32.00000000,0
1531217462807,1531217462803,3503446,0.00003294,18.00000000,0
1531217462929,1531217462924,3503447,0.00003294,7.00000000,0
1531217462986,1531217462982,3503448,0.00003294,9.00000000,0
1531217463110,1531217463105,3503449,0.00003294,6.00000000,0
1531217463219,1531217463214,3503450,0.00003294,25.00000000,0
1531217464029,1531217464025,3503451,0.00003271,322.00000000,1
1531217466228,1531217466224,3503452,0.00003293,7.00000000,0
1531217466279,1531217466275,3503453,0.00003293,10.00000000,0
1531217466364,1531217466360,3503454,0.00003293,8.00000000,0
1531217466446,1531217466440,3503455,0.00003293,17.00000000,0
1531217466575,1531217466569,3503456,0.00003293,15.00000000,0
1531217466607,1531217466602,3503457,0.00003272,31.00000000,1
1531217466642,1531217466638,3503458,0.00003293,56.00000000,0
1531217466765,1531217466760,3503459,0.00003293,7.00000000,0
1531217466821,1531217466817,3503460,0.00003293,10.00000000,0
1531217466954,1531217466949,3503461,0.00003293,27.00000000,0
1531217467073,1531217467069,3503462,0.00003293,17.00000000,0
1531217467193,1531217467188,3503463,0.00003293,38.00000000,0
1531217467231,1531217467226,3503464,0.00003293,46.00000000,0
1531217467277,1531217467273,3503465,0.00003293,13.00000000,0
1531217467316,1531217467312,3503466,0.00003293,13.00000000,0
1531217467538,1531217467533,3503467,0.00003293,38.00000000,0
1531217467538,1531217467533,3503468,0.00003294,2.00000000,0
1531217467752,1531217467746,3503469,0.00003294,14.00000000,0
1531217467766,1531217467763,3503470,0.00003294,28.00000000,0
1531217467826,1531217467823,3503471,0.00003294,16.00000000,0
1531217467878,1531217467875,3503472,0.00003294,21.00000000,0
1531217467933,1531217467928,3503473,0.00003294,17.00000000,0
1531217467986,1531217467983,3503474,0.00003294,50.00000000,0
1531217468185,1531217468180,3503475,0.00003275,62.00000000,1
1531217468347,1531217468343,3503476,0.00003294,39.00000000,0
1531217468406,1531217468403,3503477,0.00003294,8.00000000,0
1531217468528,1531217468524,3503478,0.00003292,24.00000000,0
1531217468584,1531217468579,3503479,0.00003292,6.00000000,0
1531217468603,1531217468598,3503480,0.00003292,1.00000000,0
1531217468603,1531217468598,3503481,0.00003293,15.00000000,0
1531217468651,1531217468648,3503482,0.00003293,31.00000000,0
1531217468729,1531217468723,3503483,0.00003293,29.00000000,0
1531217468820,1531217468816,3503484,0.00003293,20.00000000,0
1531217468928,1531217468925,3503485,0.00003293,7.00000000,0
1531217469011,1531217469006,3503486,0.00003293,15.00000000,0
1531217469056,1531217469051,3503487,0.00003293,10.00000000,0
1531217469112,1531217469107,3503488,0.00003293,22.00000000,0
1531217469222,1531217469218,3503489,0.00003284,16.00000000,0
1531217469306,1531217469297,3503490,0.00003284,16.00000000,0
1531217469370,1531217469366,3503491,0.00003284,30.00000000,0
1531217469451,1531217469448,3503492,0.00003284,7.00000000,0
1531217469531,1531217469527,3503493,0.00003284,16.00000000,0
1531217469580,1531217469575,3503494,0.00003283,7.00000000,0
1531217469691,1531217469687,3503495,0.00003283,6.00000000,0
1531217469745,1531217469740,3503496,0.00003283,7.00000000,0
1531217469844,1531217469840,3503497,0.00003283,17.00000000,0
1531217470009,1531217470004,3503498,0.00003283,20.00000000,0
1531217470113,1531217470108,3503499,0.00003283,5.00000000,0
1531217470113,1531217470108,3503500,0.00003284,12.00000000,0
1531217470167,1531217470163,3503501,0.00003284,15.00000000,0
1531217470260,1531217470256,3503502,0.00003284,7.00000000,0
1531217470339,1531217470336,3503503,0.00003284,7.00000000,0
1531217470456,1531217470452,3503504,0.00003284,7.00000000,0
1531217470521,1531217470517,3503505,0.00003284,8.00000000,0
1531217470547,1531217470543,3503506,0.00003284,12.00000000,0
1531217470586,1531217470583,3503507,0.00003284,10.00000000,0
1531217470674,1531217470670,3503508,0.00003284,68.00000000,0
1531217470759,1531217470755,3503509,0.00003279,29.00000000,0
1531217470807,1531217470804,3503510,0.00003279,7.00000000,0
1531217470809,1531217470805,3503511,0.00003279,1.00000000,0
1531217470809,1531217470805,3503512,0.00003284,42.00000000,0
1531217470826,1531217470822,3503513,0.00003284,18.00000000,0
1531217470879,1531217470875,3503514,0.00003284,6.00000000,0
1531217470884,1531217470879,3503515,0.00003284,26.00000000,0
1531217470944,1531217470940,3503516,0.00003284,19.00000000,0
1531217470994,1531217470989,3503517,0.00003284,6.00000000,0
1531217471010,1531217471006,3503518,0.00003284,15.00000000,0
1531217471043,1531217471038,3503519,0.00003284,15.00000000,0
1531217471061,1531217471057,3503520,0.00003284,12.00000000,0
1531217471073,1531217471069,3503521,0.00003284,27.00000000,0
1531217471098,1531217471093,3503522,0.00003284,6.00000000,0
1531217471129,1531217471125,3503523,0.00003284,7.00000000,0
1531217471179,1531217471174,3503524,0.00003284,13.00000000,0
1531217471327,1531217471323,3503525,0.00003284,15.00000000,0
1531217471340,1531217471335,3503526,0.00003284,14.00000000,0
1531217471357,1531217471351,3503527,0.00003284,7.00000000,0
1531217471430,1531217471425,3503528,0.00003284,26.00000000,0
1531217471497,1531217471493,3503529,0.00003284,7.00000000,0
1531217471537,1531217471532,3503530,0.00003284,95.00000000,0
1531217471545,1531217471540,3503531,0.00003284,374.00000000,0
1531217471620,1531217471615,3503532,0.00003294,23.00000000,0
1531217471693,1531217471690,3503533,0.00003294,7.00000000,0
1531217471747,1531217471741,3503534,0.00003294,9.00000000,0
1531217471805,1531217471801,3503535,0.00003294,10.00000000,0
1531217471837,1531217471832,3503536,0.00003294,6.00000000,0
1531217471946,1531217471940,3503537,0.00003278,142.00000000,1
1531217471952,1531217471947,3503538,0.00003294,15.00000000,0
1531217472000,1531217471996,3503539,0.00003294,10.00000000,0
1531217472117,1531217472111,3503540,0.00003294,26.00000000,0
1531217472240,1531217472236,3503541,0.00003294,8.00000000,0
1531217472258,1531217472253,3503542,0.00003294,49.00000000,0
1531217472395,1531217472391,3503543,0.00003293,15.00000000,0
1531217472516,1531217472512,3503544,0.00003293,8.00000000,0
1531217472595,1531217472590,3503545,0.00003293,18.00000000,0
1531217472704,1531217472698,3503546,0.00003279,5.00000000,1
1531217472790,1531217472787,3503547,0.00003293,6.00000000,0
1531217472798,1531217472795,3503548,0.00003293,6.00000000,0
1531217472858,1531217472854,3503549,0.00003293,8.00000000,0
1531217472875,1531217472872,3503550,0.00003293,16.00000000,0
1531217472901,1531217472897,3503551,0.00003293,6.00000000,0
1531217473052,1531217473047,3503552,0.00003293,14.00000000,0
1531217473113,1531217473108,3503553,0.00003293,16.00000000,0
1531217473166,1531217473161,3503554,0.00003293,8.00000000,0
1531217473210,1531217473206,3503555,0.00003293,21.00000000,0
1531217473211,1531217473206,3503556,0.00003294,13.00000000,0
1531217473310,1531217473306,3503557,0.00003294,12.00000000,0
1531217473501,1531217473497,3503558,0.00003294,7.00000000,0
1531217473512,1531217473508,3503559,0.00003294,7.00000000,0
1531217473675,1531217473670,3503560,0.00003294,18.00000000,0
1531217473811,1531217473807,3503561,0.00003294,36.00000000,0
1531217473885,1531217473879,3503562,0.00003294,9.00000000,0
1531217473903,1531217473900,3503563,0.00003279,100.00000000,1
1531217473941,1531217473937,3503564,0.00003294,18.00000000,0
1531217473994,1531217473990,3503565,0.00003294,34.00000000,0
1531217474057,1531217474053,3503566,0.00003294,18.00000000,0
1531217474173,1531217474168,3503567,0.00003294,7.00000000,0
1531217474231,1531217474226,3503568,0.00003294,46.00000000,0
1531217474528,1531217474525,3503569,0.00003294,15.00000000,0
1531217474598,1531217474593,3503570,0.00003294,6.00000000,0
1531217474644,1531217474640,3503571,0.00003294,6.00000000,0
1531217474771,1531217474767,3503572,0.00003294,7.00000000,0
1531217474834,1531217474829,3503573,0.00003294,18.00000000,0
1531217474898,1531217474894,3503574,0.00003294,14.00000000,0
1531217474898,1531217474894,3503575,0.00003297,1.00000000,0
1531217475025,1531217475020,3503576,0.00003297,15.00000000,0
1531217475085,1531217475081,3503577,0.00003297,18.00000000,0
1531217475124,1531217475120,3503578,0.00003297,14.00000000,0
1531217476987,1531217476983,3503579,0.00003283,142.00000000,1
1531217493294,1531217493290,3503580,0.00003273,403.00000000,1
1531217493294,1531217493290,3503581,0.00003270,776.00000000,1
1531217494245,1531217494241,3503582,0.00003270,143.00000000,0
1531217494300,1531217494296,3503583,0.00003269,83.00000000,1
1531217494316,1531217494311,3503584,0.00003269,133.00000000,0
1531217496715,1531217496711,3503585,0.00003292,30.00000000,0
1531217507401,1531217507397,3503586,0.00003267,31.00000000,1
1531217515128,1531217515123,3503587,0.00003279,24.00000000,0
1531217522748,1531217522745,3503588,0.00003268,437.00000000,1
1531217547191,1531217547187,3503589,0.00003278,30.00000000,0
1531217563213,1531217563209,3503590,0.00003271,79.00000000,0
1531217563223,1531217563219,3503591,0.00003264,54.00000000,1
1531217563850,1531217563846,3503592,0.00003261,275.00000000,1
1531217566018,1531217566013,3503593,0.00003261,1.00000000,1
1531217575787,1531217575781,3503594,0.00003261,240.00000000,1
1531217575810,1531217575805,3503595,0.00003261,162.00000000,0
1531217599504,1531217599499,3503596,0.00003268,44.00000000,1
1531217599504,1531217599499,3503597,0.00003259,31.00000000,1
1531217599504,1531217599499,3503598,0.00003258,31.00000000,1
1531217599504,1531217599499,3503599,0.00003256,160.00000000,1
1531217606087,1531217606082,3503600,0.00003267,1448.00000000,0
1531217606108,1531217606102,3503601,0.00003259,1378.00000000,1
1531217606125,1531217606120,3503602,0.00003259,521.00000000,1
1531217623847,1531217623843,3503603,0.00003259,291.00000000,1
1531217624492,1531217624488,3503604,0.00003268,7.00000000,0
1531217626400,1531217626396,3503605,0.00003268,305.00000000,0
1531217629333,1531217629329,3503606,0.00003260,31.00000000,1
1531217634745,1531217634739,3503607,0.00003260,1240.00000000,1
1531217634765,1531217634761,3503608,0.00003260,508.00000000,1
1531217634821,1531217634817,3503609,0.00003260,31.00000000,0
1531217643659,1531217643656,3503610,0.00003268,1000.00000000,0
1531217643679,1531217643675,3503611,0.00003268,86.00000000,0
1531217645885,1531217645880,3503612,0.00003267,2300.00000000,0
1531217645904,1531217645898,3503613,0.00003260,247.00000000,1
1531217645926,1531217645920,3503614,0.00003260,935.00000000,1
1531217646797,1531217646793,3503615,0.00003254,4.00000000,1
1531217650246,1531217650242,3503616,0.00003260,31.00000000,0
1531217654803,1531217654798,3503617,0.00003274,246.00000000,0
1531217654803,1531217654798,3503618,0.00003275,369.00000000,0
1531217664058,1531217664054,3503619,0.00003275,7.00000000,0
1531217666371,1531217666364,3503620,0.00003275,144.00000000,0
1531217666371,1531217666364,3503621,0.00003276,160.00000000,0
1531217666371,1531217666364,3503622,0.00003278,4.00000000,0
1531217666371,1531217666364,3503623,0.00003284,31.00000000,0
1531217666371,1531217666364,3503624,0.00003289,581.00000000,0
1531217670975,1531217670971,3503625,0.00003289,913.00000000,0
1531217672372,1531217672367,3503626,0.00003289,63.00000000,0
1531217676182,1531217676177,3503627,0.00003268,5.00000000,1
1531217678045,1531217678042,3503628,0.00003270,5.00000000,1
1531217704683,1531217704677,3503629,0.00003290,437.00000000,0
1531217704683,1531217704677,3503630,0.00003292,158.00000000,0
1531217711814,1531217711810,3503631,0.00003275,17.00000000,1
1531217715848,1531217715843,3503632,0.00003292,138.00000000,0
1531217807592,1531217807587,3503633,0.00003293,30.00000000,0
1531217809202,1531217809198,3503634,0.00003281,186.00000000,1
1531217809210,1531217809207,3503635,0.00003281,348.00000000,1
1531217811277,1531217811272,3503636,0.00003266,6.00000000,1
1531217877204,1531217877200,3503637,0.00003293,1.00000000,0
1531217894502,1531217894497,3503638,0.00003283,1806.00000000,1
1531217935355,1531217935351,3503639,0.00003293,131.00000000,0
1531217936737,1531217936732,3503640,0.00003293,21.00000000,1
1531217936757,1531217936752,3503641,0.00003296,140.00000000,0
1531217957817,1531217957812,3503642,0.00003293,14.00000000,1
1531217968364,1531217968360,3503643,0.00003294,1442.00000000,1
1531217968375,1531217968370,3503644,0.00003294,143.00000000,1
1531217969480,1531217969475,3503645,0.00003293,137.00000000,1
1531217989354,1531217989349,3503646,0.00003274,5.00000000,1
1531217991018,1531217991014,3503647,0.00003284,2249.00000000,0
1531217991028,1531217991024,3503648,0.00003273,662.00000000,1
1531217991053,1531217991049,3503649,0.00003273,1541.00000000,1
1531217991350,1531217991346,3503650,0.00003271,5.00000000,1
1531218006154,1531218006150,3503651,0.00003271,142.00000000,1
1531218027177,1531218027172,3503652,0.00003297,1.00000000,0
1531218091672,1531218091667,3503653,0.00003296,3.00000000,0
1531218107219,1531218107213,3503654,0.00003285,204.00000000,1
1531218121553,1531218121530,3503655,0.00003271,46.00000000,1
1531218121553,1531218121530,3503656,0.00003267,678.00000000,1
1531218121553,1531218121530,3503657,0.00003264,360.00000000,1
1531218121553,1531218121530,3503658,0.00003263,1125.00000000,1
1531218121553,1531218121530,3503659,0.00003262,80.00000000,1
1531218121553,1531218121530,3503660,0.00003260,517.00000000,1
1531218121553,1531218121530,3503661,0.00003259,925.00000000,1
1531218121553,1531218121530,3503662,0.00003257,190.00000000,1
1531218121553,1531218121530,3503663,0.00003256,188.00000000,1
1531218121553,1531218121530,3503664,0.00003255,125.00000000,1
1531218121553,1531218121530,3503665,0.00003254,6930.00000000,1
1531218121553,1531218121530,3503666,0.00003253,343.00000000,1
1531218121553,1531218121530,3503667,0.00003251,67.00000000,1
1531218121553,1531218121530,3503668,0.00003250,4831.00000000,1
1531218121553,1531218121530,3503669,0.00003249,153.00000000,1
1531218121553,1531218121530,3503670,0.00003248,4259.00000000,1
1531218121553,1531218121530,3503671,0.00003247,313.00000000,1
1531218121553,1531218121530,3503672,0.00003246,31.00000000,1
1531218121553,1531218121530,3503673,0.00003245,615.00000000,1
1531218121553,1531218121530,3503674,0.00003244,2647.00000000,1
1531218121553,1531218121530,3503675,0.00003243,926.00000000,1
1531218121553,1531218121530,3503676,0.00003242,1561.00000000,1
1531218121553,1531218121530,3503677,0.00003241,520.00000000,1
1531218121553,1531218121530,3503678,0.00003237,80.00000000,1
1531218121553,1531218121530,3503679,0.00003236,433.00000000,1
1531218121553,1531218121530,3503680,0.00003235,5006.00000000,1
1531218121553,1531218121530,3503681,0.00003233,14138.00000000,1
1531218121574,1531218121569,3503682,0.00003250,51.00000000,0
1531218121574,1531218121569,3503683,0.00003251,5680.00000000,0
1531218121582,1531218121578,3503684,0.00003251,721.00000000,0
1531218121583,1531218121579,3503685,0.00003251,721.00000000,0
1531218121613,1531218121609,3503686,0.00003251,181.00000000,0
1531218121616,1531218121611,3503687,0.00003233,721.00000000,1
1531218123053,1531218123048,3503688,0.00003234,6.00000000,1
1531218124190,1531218124187,3503689,0.00003248,130.00000000,0
1531218124837,1531218124833,3503690,0.00003235,210.00000000,1
1531218127347,1531218127343,3503691,0.00003235,2881.00000000,1
1531218128273,1531218128269,3503692,0.00003234,862.00000000,1
1531218128343,1531218128338,3503693,0.00003234,228.00000000,1
1531218128569,1531218128564,3503694,0.00003231,32.00000000,1
1531218130284,1531218130281,3503695,0.00003227,6.00000000,1
1531218130336,1531218130332,3503696,0.00003227,78.00000000,1
1531218131624,1531218131618,3503697,0.00003231,3.00000000,0
1531218131674,1531218131670,3503698,0.00003228,179.00000000,0
1531218131675,1531218131670,3503699,0.00003231,70.00000000,0
1531218131737,1531218131732,3503700,0.00003228,153.00000000,1
1531218131864,1531218131860,3503701,0.00003228,25.00000000,1
1531218132591,1531218132585,3503702,0.00003228,103.00000000,0
1531218132786,1531218132778,3503703,0.00003225,245.00000000,1
1531218133119,1531218133115,3503704,0.00003225,86.00000000,1
1531218136119,1531218136116,3503705,0.00003225,100.00000000,1
1531218136619,1531218136615,3503706,0.00003234,31.00000000,0
1531218136877,1531218136872,3503707,0.00003225,251.00000000,1
1531218137341,1531218137336,3503708,0.00003227,774.00000000,1
1531218139496,1531218139492,3503709,0.00003225,230.00000000,1
1531218146496,1531218146491,3503710,0.00003224,118.00000000,1
1531218147429,1531218147424,3503711,0.00003224,2253.00000000,1
1531218147429,1531218147424,3503712,0.00003223,50.00000000,1
1531218147429,1531218147424,3503713,0.00003222,192.00000000,1
1531218148162,1531218148158,3503714,0.00003221,2173.00000000,0
1531218148353,1531218148349,3503715,0.00003220,515.00000000,1
1531218153304,1531218153300,3503716,0.00003214,6.00000000,1
1531218155760,1531218155756,3503717,0.00003214,186.00000000,1
1531218155809,1531218155805,3503718,0.00003211,65.00000000,0
1531218156456,1531218156451,3503719,0.00003209,307.00000000,1
1531218156457,1531218156451,3503720,0.00003209,42.00000000,1
1531218156457,1531218156451,3503721,0.00003201,119.00000000,1
1531218156457,1531218156451,3503722,0.00003200,339.00000000,1
1531218156457,1531218156451,3503723,0.00003200,500.00000000,1
1531218156458,1531218156451,3503724,0.00003200,71.00000000,1
1531218156459,1531218156451,3503725,0.00003200,741.00000000,1
1531218156459,1531218156451,3503726,0.00003200,1840.00000000,1
1531218156461,1531218156451,3503727,0.00003196,650.00000000,1
1531218156461,1531218156451,3503728,0.00003194,101.00000000,1
1531218156461,1531218156451,3503729,0.00003190,502.00000000,1
1531218156472,1531218156467,3503730,0.00003190,300.00000000,0
1531218156472,1531218156467,3503731,0.00003200,801.00000000,0
1531218156474,1531218156470,3503732,0.00003200,1101.00000000,0
1531218156482,1531218156476,3503733,0.00003200,1101.00000000,0
1531218156494,1531218156489,3503734,0.00003188,1100.00000000,1
1531218156494,1531218156489,3503735,0.00003187,46.00000000,1
1531218156494,1531218156489,3503736,0.00003186,378.00000000,1
1531218156494,1531218156489,3503737,0.00003184,678.00000000,1
1531218156495,1531218156490,3503738,0.00003200,171.00000000,0
1531218156978,1531218156972,3503739,0.00003205,46.00000000,0
1531218157092,1531218157088,3503740,0.00003209,98.00000000,0
1531218157092,1531218157088,3503741,0.00003214,86.00000000,0
1531218157738,1531218157730,3503742,0.00003203,186.00000000,0
1531218158857,1531218158851,3503743,0.00003206,76.00000000,0
1531218159349,1531218159344,3503744,0.00003208,306.00000000,0
1531218159755,1531218159749,3503745,0.00003208,809.00000000,0
1531218160190,1531218160185,3503746,0.00003207,204.00000000,0
1531218161196,1531218161190,3503747,0.00003202,6.00000000,1
1531218161705,1531218161701,3503748,0.00003207,212.00000000,0
1531218161953,1531218161948,3503749,0.00003207,1364.00000000,0
1531218162168,1531218162163,3503750,0.00003205,138.00000000,0
1531218163592,1531218163587,3503751,0.00003202,4.00000000,1
1531218165642,1531218165638,3503752,0.00003202,270.00000000,1
1531218166226,1531218166222,3503753,0.00003202,270.00000000,1
1531218167041,1531218167037,3503754,0.00003202,268.00000000,1
1531218168869,1531218168865,3503755,0.00003208,1.00000000,0
1531218170377,1531218170373,3503756,0.00003212,47.00000000,0
1531218170754,1531218170749,3503757,0.00003204,62.00000000,1
1531218170754,1531218170749,3503758,0.00003200,84.00000000,1
1531218170788,1531218170784,3503759,0.00003200,87.00000000,1
1531218170788,1531218170784,3503760,0.00003195,109.00000000,1
1531218172876,1531218172872,3503761,0.00003212,1.00000000,1
1531218174367,1531218174363,3503762,0.00003213,7824.00000000,0
1531218175374,1531218175371,3503763,0.00003212,32.00000000,1
1531218175556,1531218175552,3503764,0.00003217,31.00000000,0
1531218175608,1531218175602,3503765,0.00003217,31.00000000,0
1531218176037,1531218176033,3503766,0.00003212,7.00000000,1
1531218176051,1531218176046,3503767,0.00003202,57.00000000,0
1531218177530,1531218177525,3503768,0.00003218,41.00000000,0
1531218177774,1531218177768,3503769,0.00003218,197.00000000,0
1531218177850,1531218177846,3503770,0.00003224,64.00000000,0
1531218178086,1531218178081,3503771,0.00003225,212.00000000,0
1531218179405,1531218179401,3503772,0.00003218,242.00000000,1
1531218179405,1531218179401,3503773,0.00003203,43.00000000,1
1531218180136,1531218180131,3503774,0.00003205,287.00000000,1
1531218182447,1531218182442,3503775,0.00003221,62.00000000,0
1531218182827,1531218182820,3503776,0.00003221,47.00000000,0
1531218186505,1531218186501,3503777,0.00003221,46.00000000,0
1531218187527,1531218187522,3503778,0.00003220,616.00000000,0
1531218189510,1531218189507,3503779,0.00003224,3061.00000000,0
1531218189760,1531218189756,3503780,0.00003225,23.00000000,0
1531218190506,1531218190502,3503781,0.00003223,515.00000000,0
1531218192358,1531218192354,3503782,0.00003225,1579.00000000,0
1531218193364,1531218193359,3503783,0.00003229,32.00000000,0
1531218196070,1531218196065,3503784,0.00003217,61.00000000,1
1531218196773,1531218196769,3503785,0.00003230,40.00000000,0
1531218196811,1531218196806,3503786,0.00003217,5.00000000,1
1531218200291,1531218200287,3503787,0.00003217,32.00000000,0
1531218200850,1531218200846,3503788,0.00003216,137.00000000,1
1531218210293,1531218210289,3503789,0.00003220,134.00000000,0
1531218212129,1531218212124,3503790,0.00003216,346.00000000,1
1531218217249,1531218217245,3503791,0.00003218,5.00000000,1
1531218224009,1531218224004,3503792,0.00003218,5.00000000,1
1531218231530,1531218231524,3503793,0.00003218,5.00000000,1
1531218241408,1531218241404,3503794,0.00003219,5.00000000,1
1531218245720,1531218245716,3503795,0.00003219,1296.00000000,1
1531218255305,1531218255301,3503796,0.00003218,5.00000000,1
1531218255726,1531218255723,3503797,0.00003219,5.00000000,0
1531218273034,1531218273030,3503798,0.00003229,66.00000000,0
1531218273034,1531218273030,3503799,0.00003231,34.00000000,0
1531218278565,1531218278561,3503800,0.00003231,4.00000000,0
1531218281321,1531218281317,3503801,0.00003231,154.00000000,0
1531218287500,1531218287495,3503802,0.00003233,303.00000000,0
1531218313985,1531218313981,3503803,0.00003232,94.00000000,0
1531218322603,1531218322597,3503804,0.00003232,645.00000000,0
1531218323321,1531218323317,3503805,0.00003233,269.00000000,0
1531218323430,1531218323424,3503806,0.00003232,218.00000000,1
1531218324348,1531218324344,3503807,0.00003234,88.00000000,0
1531218326318,1531218326313,3503808,0.00003235,311.00000000,0
1531218332099,1531218332093,3503809,0.00003238,169.00000000,0
1531218334371,1531218334366,3503810,0.00003232,524.00000000,1
1531218342455,1531218342451,3503811,0.00003238,890.00000000,0
1531218342491,1531218342486,3503812,0.00003238,342.00000000,1
1531218342497,1531218342493,3503813,0.00003238,191.00000000,1
1531218342637,1531218342631,3503814,0.00003238,342.00000000,1
1531218342721,1531218342717,3503815,0.00003238,242.00000000,1
1531218342742,1531218342737,3503816,0.00003238,89.00000000,1
1531218343326,1531218343322,3503817,0.00003239,123.00000000,0
1531218367322,1531218367318,3503818,0.00003241,192.00000000,0
1531218375889,1531218375885,3503819,0.00003242,1899.00000000,0
1531218375899,1531218375895,3503820,0.00003239,826.00000000,1
1531218384522,1531218384518,3503821,0.00003243,37.00000000,1
1531218394643,1531218394639,3503822,0.00003245,2.00000000,0
1531218413526,1531218413521,3503823,0.00003245,29.00000000,0
1531218424773,1531218424768,3503824,0.00003245,17.00000000,1
1531218425518,1531218425513,3503825,0.00003246,14.00000000,0
1531218467766,1531218467758,3503826,0.00003246,531.00000000,0
1531218467766,1531218467758,3503827,0.00003247,1814.00000000,0
1531218467766,1531218467758,3503828,0.00003248,56.00000000,0
1531218467766,1531218467758,3503829,0.00003249,308.00000000,0
1531218467766,1531218467758,3503830,0.00003250,1176.00000000,0
1531218467766,1531218467758,3503831,0.00003251,6013.00000000,0
1531218467773,1531218467769,3503832,0.00003251,212.00000000,0
1531218467802,1531218467797,3503833,0.00003251,1497.00000000,0
1531218469329,1531218469325,3503834,0.00003252,153.00000000,0
1531218470343,1531218470339,3503835,0.00003253,3260.00000000,0
1531218472339,1531218472333,3503836,0.00003255,380.00000000,0
1531218480742,1531218480739,3503837,0.00003255,4.00000000,0
1531218489667,1531218489663,3503838,0.00003255,5.00000000,0
1531218489951,1531218489946,3503839,0.00003255,3072.00000000,0
1531218509139,1531218509135,3503840,0.00003247,1326.00000000,1
1531218509149,1531218509145,3503841,0.00003247,1613.00000000,1
1531218517852,1531218517847,3503842,0.00003255,2419.00000000,0
1531218517852,1531218517847,3503843,0.00003256,983.00000000,0
1531218552113,1531218552108,3503844,0.00003247,954.00000000,1
1531218562378,1531218562374,3503845,0.00003256,35.00000000,0
1531218570194,1531218570189,3503846,0.00003256,30.00000000,0
1531218586463,1531218586459,3503847,0.00003256,53.00000000,0
1531218586761,1531218586757,3503848,0.00003247,437.00000000,1
1531218602327,1531218602321,3503849,0.00003247,31.00000000,1
1531218612159,1531218612154,3503850,0.00003256,142.00000000,0
1531218619365,1531218619360,3503851,0.00003254,189.00000000,0
1531218619365,1531218619360,3503852,0.00003256,57.00000000,0
1531218628933,1531218628928,3503853,0.00003256,1.00000000,0
1531218647405,1531218647400,3503854,0.00003252,668.00000000,0
1531218647421,1531218647416,3503855,0.00003248,934.00000000,1
1531218647441,1531218647437,3503856,0.00003248,458.00000000,1
1531218656249,1531218656244,3503857,0.00003256,6.00000000,0
1531218659646,1531218659642,3503858,0.00003248,490.00000000,1
1531218666893,1531218666889,3503859,0.00003255,61.00000000,0
1531218683486,1531218683480,3503860,0.00003247,2060.00000000,1
1531218684355,1531218684351,3503861,0.00003246,531.00000000,1
1531218703235,1531218703231,3503862,0.00003246,14.00000000,0
1531218710567,1531218710560,3503863,0.00003246,471.00000000,0
1531218711363,1531218711357,3503864,0.00003246,2552.00000000,1
1531218740344,1531218740340,3503865,0.00003245,15.00000000,1
1531218742383,1531218742378,3503866,0.00003243,117.00000000,1
1531218743376,1531218743371,3503867,0.00003242,63.00000000,1
1531218744368,1531218744363,3503868,0.00003241,154.00000000,1
1531218749164,1531218749158,3503869,0.00003223,6.00000000,1
1531218755065,1531218755060,3503870,0.00003234,809.00000000,0
1531218755077,1531218755073,3503871,0.00003223,343.00000000,1
1531218755232,1531218755227,3503872,0.00003223,6.00000000,0
1531218756663,1531218756657,3503873,0.00003225,6.00000000,1
1531218764512,1531218764507,3503874,0.00003245,8.00000000,0
1531218772974,1531218772970,3503875,0.00003232,53.00000000,1
1531218785266,1531218785262,3503876,0.00003244,53.00000000,0
1531218797528,1531218797519,3503877,0.00003229,622.00000000,1
1531218797528,1531218797519,3503878,0.00003226,1487.00000000,1
1531218797528,1531218797519,3503879,0.00003222,170.00000000,1
1531218797528,1531218797519,3503880,0.00003218,1701.00000000,1
1531218797528,1531218797519,3503881,0.00003216,381.00000000,1
1531218797528,1531218797519,3503882,0.00003215,311.00000000,1
1531218797528,1531218797519,3503883,0.00003214,923.00000000,1
1531218797528,1531218797519,3503884,0.00003213,338.00000000,1
1531218797528,1531218797519,3503885,0.00003212,386.00000000,1
1531218797528,1531218797519,3503886,0.00003211,674.00000000,1
1531218804087,1531218804083,3503887,0.00003222,2376.00000000,0
1531218804101,1531218804096,3503888,0.00003214,1371.00000000,1
1531218804128,1531218804124,3503889,0.00003214,1828.00000000,1
1531218804665,1531218804662,3503890,0.00003211,6.00000000,1
1531218807112,1531218807108,3503891,0.00003231,34.00000000,0
1531218844443,1531218844439,3503892,0.00003230,320.00000000,0
1531218845435,1531218845430,3503893,0.00003231,158.00000000,0
1531218862226,1531218862222,3503894,0.00003221,32.00000000,1
1531218862428,1531218862422,3503895,0.00003221,32.00000000,1
1531218876765,1531218876760,3503896,0.00003221,303.00000000,1
1531218890659,1531218890654,3503897,0.00003222,1130.00000000,1
1531218890682,1531218890677,3503898,0.00003222,810.00000000,1
1531218896377,1531218896372,3503899,0.00003222,63.00000000,0
1531218898405,1531218898400,3503900,0.00003222,3072.00000000,0
1531218912309,1531218912303,3503901,0.00003221,619.00000000,1
1531218912386,1531218912382,3503902,0.00003221,225.00000000,0
1531218916162,1531218916156,3503903,0.00003234,23.00000000,0
1531218917443,1531218917438,3503904,0.00003231,247.00000000,0
1531218919439,1531218919434,3503905,0.00003230,41.00000000,0
1531218925061,1531218925056,3503906,0.00003235,11.00000000,0
1531218985457,1531218985453,3503907,0.00003235,839.00000000,0
1531218990559,1531218990555,3503908,0.00003230,170.00000000,0
1531218994532,1531218994528,3503909,0.00003234,192.00000000,0
1531219021194,1531219021190,3503910,0.00003238,2.00000000,0
1531219021449,1531219021444,3503911,0.00003238,153.00000000,0
1531219023605,1531219023600,3503912,0.00003239,480.00000000,0
1531219028622,1531219028618,3503913,0.00003241,4455.00000000,0
1531219028629,1531219028625,3503914,0.00003236,1626.00000000,1
1531219049529,1531219049525,3503915,0.00003241,490.00000000,0
1531219049546,1531219049541,3503916,0.00003236,958.00000000,1
1531219049570,1531219049566,3503917,0.00003236,169.00000000,1
1531219066678,1531219066674,3503918,0.00003236,268.00000000,1
1531219066690,1531219066686,3503919,0.00003236,571.00000000,1
1531219111083,1531219111079,3503920,0.00003246,20.00000000,0
1531219116607,1531219116601,3503921,0.00003246,92.00000000,0
1531219118529,1531219118524,3503922,0.00003236,815.00000000,1
1531219118546,1531219118542,3503923,0.00003236,283.00000000,1
1531219169986,1531219169982,3503924,0.00003241,2526.00000000,0
1531219170003,1531219169998,3503925,0.00003236,1545.00000000,1
1531219170035,1531219170029,3503926,0.00003236,1504.00000000,1
1531219171633,1531219171629,3503927,0.00003246,280.00000000,0
1531219195268,1531219195263,3503928,0.00003241,3660.00000000,0
1531219195287,1531219195283,3503929,0.00003236,1430.00000000,1
1531219197437,1531219197432,3503930,0.00003235,61.00000000,1
1531219197437,1531219197432,3503931,0.00003230,64.00000000,1
1531219197437,1531219197432,3503932,0.00003220,667.00000000,1
1531219197437,1531219197432,3503933,0.00003219,546.00000000,1
1531219215053,1531219215047,3503934,0.00003243,2.00000000,0
1531219291890,1531219291886,3503935,0.00003231,714.00000000,1
1531219298624,1531219298619,3503936,0.00003241,56.00000000,0
1531219301640,1531219301636,3503937,0.00003241,1.00000000,0
1531219302436,1531219302431,3503938,0.00003241,61.00000000,0
1531219346909,1531219346906,3503939,0.00003240,13.00000000,0
1531219349863,1531219349858,3503940,0.00003240,140.00000000,0
1531219355051,1531219355046,3503941,0.00003240,1.00000000,0
1531219355391,1531219355387,3503942,0.00003230,508.00000000,1
1531219355422,1531219355417,3503943,0.00003230,1661.00000000,1
1531219380494,1531219380490,3503944,0.00003235,189.00000000,0
1531219387778,1531219387773,3503945,0.00003228,1994.00000000,1
1531219387798,1531219387792,3503946,0.00003228,986.00000000,1
1531219456708,1531219456703,3503947,0.00003243,3.00000000,0
1531219476132,1531219476129,3503948,0.00003242,45.00000000,0
1531219479143,1531219479139,3503949,0.00003242,1.00000000,0
1531219489854,1531219489848,3503950,0.00003231,88.00000000,1
1531219489874,1531219489870,3503951,0.00003231,137.00000000,1
1531219532054,1531219532049,3503952,0.00003232,472.00000000,1
1531219547532,1531219547526,3503953,0.00003237,805.00000000,0
1531219547544,1531219547539,3503954,0.00003232,932.00000000,1
1531219547566,1531219547562,3503955,0.00003232,629.00000000,1
1531219556374,1531219556368,3503956,0.00003231,38.00000000,1
1531219556374,1531219556368,3503957,0.00003229,124.00000000,1
1531219556374,1531219556368,3503958,0.00003227,247.00000000,1
1531219556374,1531219556368,3503959,0.00003220,200.00000000,1
1531219556387,1531219556381,3503960,0.00003220,400.00000000,0
1531219556422,1531219556418,3503961,0.00003220,240.00000000,0
1531219556515,1531219556507,3503962,0.00003218,196.00000000,1
1531219556515,1531219556507,3503963,0.00003212,204.00000000,1
1531219587377,1531219587372,3503964,0.00003217,206.00000000,1
1531219587377,1531219587372,3503965,0.00003216,186.00000000,1
1531219587377,1531219587372,3503966,0.00003212,270.00000000,1
1531219587390,1531219587384,3503967,0.00003212,274.00000000,0
1531219607494,1531219607490,3503968,0.00003230,163.00000000,0
1531219608363,1531219608358,3503969,0.00003217,63.00000000,1
1531219608883,1531219608877,3503970,0.00003226,836.00000000,0
1531219608898,1531219608893,3503971,0.00003217,429.00000000,1
1531219608924,1531219608920,3503972,0.00003217,658.00000000,1
1531219608945,1531219608940,3503973,0.00003217,63.00000000,0
1531219614636,1531219614630,3503974,0.00003228,92.00000000,0
1531219615129,1531219615124,3503975,0.00003216,66.00000000,1
1531219615129,1531219615124,3503976,0.00003214,132.00000000,1
1531219615129,1531219615124,3503977,0.00003211,1207.00000000,1
1531219616639,1531219616634,3503978,0.00003226,83.00000000,0
1531219618502,1531219618497,3503979,0.00003227,343.00000000,0
1531219620496,1531219620490,3503980,0.00003228,247.00000000,0
1531219627124,1531219627117,3503981,0.00003234,3.00000000,0
1531219634949,1531219634944,3503982,0.00003233,13.00000000,0
1531219646062,1531219646058,3503983,0.00003228,2566.00000000,0
1531219646076,1531219646070,3503984,0.00003223,1860.00000000,1
1531219669882,1531219669878,3503985,0.00003233,336.00000000,0
1531219669882,1531219669878,3503986,0.00003234,130.00000000,0
1531219669882,1531219669878,3503987,0.00003237,246.00000000,0
1531219669882,1531219669878,3503988,0.00003246,2089.00000000,0
1531219669882,1531219669878,3503989,0.00003247,7678.00000000,0
1531219671427,1531219671423,3503990,0.00003233,922.00000000,0
1531219712944,1531219712939,3503991,0.00003246,7.00000000,0
1531219727477,1531219727472,3503992,0.00003240,5041.00000000,0
1531219727497,1531219727491,3503993,0.00003235,1881.00000000,1
1531219749337,1531219749331,3503994,0.00003238,3555.00000000,0
1531219749353,1531219749347,3503995,0.00003232,199.00000000,1
1531219749353,1531219749347,3503996,0.00003231,1347.00000000,1
1531219789824,1531219789820,3503997,0.00003239,1769.00000000,0
1531219789834,1531219789830,3503998,0.00003234,1552.00000000,1
1531219815031,1531219815026,3503999,0.00003235,292.00000000,1
1531219817165,1531219817161,3504000,0.00003240,2793.00000000,0
1531219817183,1531219817178,3504001,0.00003235,999.00000000,1
1531219830560,1531219830556,3504002,0.00003234,34.00000000,1
1531219857457,1531219857452,3504003,0.00003234,14.00000000,1
1531219866337,1531219866332,3504004,0.00003235,13.00000000,0
1531219879112,1531219879106,3504005,0.00003240,1064.00000000,0
1531219879124,1531219879120,3504006,0.00003237,853.00000000,1
1531219879144,1531219879140,3504007,0.00003237,605.00000000,1
1531219880437,1531219880432,3504008,0.00003239,199.00000000,0
1531219888191,1531219888190,3504009,0.00003236,17.00000000,1
1531219910080,1531219910076,3504010,0.00003240,1247.00000000,0
1531219910090,1531219910085,3504011,0.00003237,1475.00000000,1
1531219910112,1531219910106,3504012,0.00003237,643.00000000,1
1531219916813,1531219916810,3504013,0.00003244,236.00000000,0
1531219923554,1531219923548,3504014,0.00003244,77.00000000,0
1531219946105,1531219946101,3504015,0.00003235,937.00000000,1
1531219946130,1531219946125,3504016,0.00003235,31.00000000,1
1531219956296,1531219956291,3504017,0.00003234,300.00000000,1
1531219970981,1531219970976,3504018,0.00003246,237.00000000,0
1531220002276,1531220002271,3504019,0.00003246,2.00000000,0
1531220002276,1531220002271,3504020,0.00003247,1.00000000,0
1531220005811,1531220005807,3504021,0.00003236,1567.00000000,1
1531220005829,1531220005825,3504022,0.00003236,1137.00000000,1
1531220017012,1531220017007,3504023,0.00003236,60.00000000,1
1531220017031,1531220017025,3504024,0.00003235,64.00000000,0
1531220017055,1531220017050,3504025,0.00003235,68.00000000,0
1531220046159,1531220046153,3504026,0.00003235,207.00000000,1
1531220068327,1531220068323,3504027,0.00003240,810.00000000,0
1531220068339,1531220068335,3504028,0.00003236,1273.00000000,1
1531220068356,1531220068352,3504029,0.00003236,300.00000000,1
1531220081913,1531220081907,3504030,0.00003244,1.00000000,0
1531220087807,1531220087803,3504031,0.00003239,2627.00000000,0
1531220087823,1531220087819,3504032,0.00003235,1051.00000000,1
1531220095181,1531220095175,3504033,0.00003243,700.00000000,0
1531220095181,1531220095175,3504034,0.00003244,330.00000000,0
1531220097012,1531220097006,3504035,0.00003244,181.00000000,0
1531220128949,1531220128944,3504036,0.00003239,3869.00000000,0
1531220128966,1531220128961,3504037,0.00003235,1974.00000000,1
1531220139682,1531220139678,3504038,0.00003235,1818.00000000,1
1531220156513,1531220156509,3504039,0.00003243,2.00000000,0
1531220199920,1531220199915,3504040,0.00003243,7.00000000,0
1531220208603,1531220208599,3504041,0.00003239,4087.00000000,0
1531220208619,1531220208614,3504042,0.00003235,1703.00000000,1
1531220220939,1531220220933,3504043,0.00003239,2074.00000000,0
1531220220955,1531220220952,3504044,0.00003235,1330.00000000,1
1531220247179,1531220247173,3504045,0.00003235,810.00000000,1
1531220247190,1531220247185,3504046,0.00003235,311.00000000,1
1531220278472,1531220278466,3504047,0.00003235,250.00000000,0
1531220295796,1531220295792,3504048,0.00003235,1136.00000000,1
1531220327432,1531220327428,3504049,0.00003236,618.00000000,1
1531220327447,1531220327443,3504050,0.00003236,1858.00000000,1
1531220334552,1531220334546,3504051,0.00003242,19.00000000,0
1531220336998,1531220336996,3504052,0.00003242,6.00000000,0
1531220337651,1531220337650,3504053,0.00003239,4309.00000000,0
1531220337671,1531220337667,3504054,0.00003236,1944.00000000,1
1531220337688,1531220337684,3504055,0.00003236,1620.00000000,1
1531220387608,1531220387606,3504056,0.00003236,286.00000000,1
1531220396769,1531220396765,3504057,0.00003236,1508.00000000,1
1531220448119,1531220448114,3504058,0.00003239,2782.00000000,0
1531220448134,1531220448130,3504059,0.00003237,87.00000000,1
1531220448153,1531220448149,3504060,0.00003237,1054.00000000,1
1531220471647,1531220471644,3504061,0.00003239,192.00000000,0
1531220471661,1531220471657,3504062,0.00003237,150.00000000,1
1531220513921,1531220513915,3504063,0.00003237,3961.00000000,0
1531220530803,1531220530799,3504064,0.00003242,12.00000000,0
1531220545641,1531220545635,3504065,0.00003237,1218.00000000,1
1531220561009,1531220561003,3504066,0.00003242,5.00000000,0
1531220586252,1531220586246,3504067,0.00003242,1053.00000000,0
1531220586693,1531220586688,3504068,0.00003242,308.00000000,0
1531220586894,1531220586889,3504069,0.00003242,456.00000000,0
1531220586934,1531220586929,3504070,0.00003242,6732.00000000,0
1531220587499,1531220587494,3504071,0.00003243,691.00000000,0
1531220588710,1531220588703,3504072,0.00003244,8897.00000000,0
1531220588731,1531220588723,3504073,0.00003247,192.00000000,0
1531220590555,1531220590549,3504074,0.00003252,141.00000000,0
1531220591724,1531220591719,3504075,0.00003254,62.00000000,0
1531220593561,1531220593556,3504076,0.00003255,245.00000000,0
1531220601564,1531220601558,3504077,0.00003255,493.00000000,0
1531220604732,1531220604726,3504078,0.00003255,923.00000000,0
1531220608554,1531220608548,3504079,0.00003253,1587.00000000,0
1531220608830,1531220608824,3504080,0.00003242,6.00000000,1
1531220609535,1531220609529,3504081,0.00003242,10.00000000,1
1531220610094,1531220610091,3504082,0.00003242,15.00000000,1
1531220610726,1531220610720,3504083,0.00003242,13.00000000,1
1531220611508,1531220611503,3504084,0.00003242,46.00000000,1
1531220612420,1531220612415,3504085,0.00003242,7.00000000,1
1531220613105,1531220613100,3504086,0.00003242,17.00000000,1
1531220613730,1531220613726,3504087,0.00003239,15.00000000,1
1531220614343,1531220614338,3504088,0.00003239,7.00000000,1
1531220614803,1531220614795,3504089,0.00003239,14.00000000,1
1531220615429,1531220615423,3504090,0.00003239,16.00000000,1
1531220616148,1531220616143,3504091,0.00003239,6.00000000,1
1531220616680,1531220616677,3504092,0.00003239,18.00000000,1
1531220617426,1531220617421,3504093,0.00003239,18.00000000,1
1531220618245,1531220618239,3504094,0.00003239,31.00000000,1
1531220618856,1531220618853,3504095,0.00003240,18.00000000,1
1531220619533,1531220619530,3504096,0.00003239,20.00000000,1
1531220620368,1531220620363,3504097,0.00003239,18.00000000,1
1531220620529,1531220620524,3504098,0.00003239,16.00000000,1
1531220621154,1531220621149,3504099,0.00003239,14.00000000,1
1531220622280,1531220622275,3504100,0.00003240,53.00000000,1
1531220622655,1531220622651,3504101,0.00003240,7.00000000,1
1531220623139,1531220623124,3504102,0.00003240,8.00000000,1
1531220623919,1531220623915,3504103,0.00003239,12.00000000,1
1531220624581,1531220624577,3504104,0.00003239,17.00000000,1
1531220625154,1531220625147,3504105,0.00003239,9.00000000,1
1531220625666,1531220625662,3504106,0.00003239,8.00000000,1
1531220626410,1531220626404,3504107,0.00003239,7.00000000,1
1531220626410,1531220626404,3504108,0.00003236,11.00000000,1
1531220626716,1531220626711,3504109,0.00003254,114.00000000,0
1531220626716,1531220626711,3504110,0.00003255,8.00000000,0
1531220627674,1531220627668,3504111,0.00003237,10.00000000,1
1531220628019,1531220628015,3504112,0.00003237,18.00000000,1
1531220628482,1531220628477,3504113,0.00003237,13.00000000,1
1531220629131,1531220629127,3504114,0.00003237,8.00000000,1
1531220629696,1531220629692,3504115,0.00003237,15.00000000,1
1531220630045,1531220630039,3504116,0.00003237,34.00000000,1
1531220630652,1531220630649,3504117,0.00003237,8.00000000,1
1531220631584,1531220631579,3504118,0.00003237,17.00000000,1
1531220631830,1531220631826,3504119,0.00003237,39.00000000,1
1531220632477,1531220632473,3504120,0.00003237,10.00000000,1
1531220633162,1531220633155,3504121,0.00003237,17.00000000,1
1531220634436,1531220634431,3504122,0.00003237,7.00000000,1
1531220635194,1531220635189,3504123,0.00003237,46.00000000,1
1531220644504,1531220644501,3504124,0.00003249,7.00000000,0
1531220644959,1531220644955,3504125,0.00003249,117.00000000,0
1531220675546,1531220675540,3504126,0.00003253,60.00000000,0
1531220693976,1531220693971,3504127,0.00003253,48.00000000,1
1531220693976,1531220693971,3504128,0.00003246,246.00000000,1
1531220693976,1531220693971,3504129,0.00003240,563.00000000,1
1531220693976,1531220693971,3504130,0.00003239,1704.00000000,1
1531220748776,1531220748772,3504131,0.00003244,62.00000000,1
1531220755577,1531220755572,3504132,0.00003252,62.00000000,0
1531220790176,1531220790171,3504133,0.00003252,7.00000000,1
1531220791112,1531220791107,3504134,0.00003252,64.00000000,1
1531220791112,1531220791107,3504135,0.00003245,2.00000000,1
1531220791425,1531220791419,3504136,0.00003245,9.00000000,1
1531220791981,1531220791975,3504137,0.00003245,7.00000000,1
1531220792821,1531220792815,3504138,0.00003245,18.00000000,1
1531220794069,1531220794064,3504139,0.00003245,13.00000000,1
1531220794502,1531220794496,3504140,0.00003245,18.00000000,1
1531220794817,1531220794814,3504141,0.00003245,7.00000000,1
1531220795638,1531220795632,3504142,0.00003245,46.00000000,1
1531220796415,1531220796410,3504143,0.00003245,34.00000000,1
1531220796977,1531220796972,3504144,0.00003245,19.00000000,1
1531220797647,1531220797642,3504145,0.00003245,7.00000000,1
1531220798435,1531220798430,3504146,0.00003245,32.00000000,1
1531220799576,1531220799569,3504147,0.00003245,16.00000000,1
1531220800395,1531220800390,3504148,0.00003245,15.00000000,1
1531220801040,1531220801034,3504149,0.00003245,3.00000000,1
1531220801040,1531220801034,3504150,0.00003239,4.00000000,1
1531220801800,1531220801795,3504151,0.00003239,14.00000000,1
1531220802431,1531220802423,3504152,0.00003240,6.00000000,1
1531220803022,1531220803020,3504153,0.00003240,18.00000000,1
1531220803395,1531220803389,3504154,0.00003240,10.00000000,1
1531220804221,1531220804215,3504155,0.00003240,22.00000000,1
1531220804593,1531220804589,3504156,0.00003240,15.00000000,1
1531220805190,1531220805184,3504157,0.00003240,8.00000000,1
1531220806212,1531220806208,3504158,0.00003240,25.00000000,1
1531220806862,1531220806857,3504159,0.00003240,27.00000000,1
1531220807294,1531220807289,3504160,0.00003240,33.00000000,1
1531220808128,1531220808123,3504161,0.00003240,9.00000000,1
1531220808311,1531220808305,3504162,0.00003240,7.00000000,1
1531220809624,1531220809619,3504163,0.00003240,18.00000000,1
1531220810055,1531220810049,3504164,0.00003240,12.00000000,1
1531220810183,1531220810179,3504165,0.00003240,28.00000000,1
1531220810580,1531220810574,3504166,0.00003247,3034.00000000,0
1531220810590,1531220810585,3504167,0.00003240,1944.00000000,1
1531220810619,1531220810613,3504168,0.00003240,929.00000000,1
1531220811410,1531220811404,3504169,0.00003239,7.00000000,1
1531220811531,1531220811526,3504170,0.00003240,238.00000000,0
1531220811928,1531220811924,3504171,0.00003240,16.00000000,1
1531220812597,1531220812591,3504172,0.00003240,32.00000000,1
1531220813127,1531220813120,3504173,0.00003240,14.00000000,1
1531220813127,1531220813120,3504174,0.00003239,12.00000000,1
1531220813627,1531220813622,3504175,0.00003239,26.00000000,1
1531220814251,1531220814248,3504176,0.00003239,14.00000000,1
1531220814872,1531220814851,3504177,0.00003239,20.00000000,1
1531220815171,1531220815167,3504178,0.00003239,15.00000000,1
1531220815297,1531220815291,3504179,0.00003239,15.00000000,1
1531220824997,1531220824991,3504180,0.00003250,62.00000000,0
1531220833090,1531220833086,3504181,0.00003252,1629.00000000,0
1531220833104,1531220833101,3504182,0.00003251,790.00000000,1
1531220833127,1531220833121,3504183,0.00003251,622.00000000,1
1531220833178,1531220833174,3504184,0.00003254,699.00000000,0
1531220842561,1531220842555,3504185,0.00003257,9.00000000,0
1531220855662,1531220855657,3504186,0.00003250,13.00000000,1
1531220855662,1531220855657,3504187,0.00003244,2.00000000,1
1531220856193,1531220856189,3504188,0.00003244,12.00000000,1
1531220856812,1531220856807,3504189,0.00003244,29.00000000,1
1531220857475,1531220857470,3504190,0.00003244,15.00000000,1
1531220858341,1531220858336,3504191,0.00003244,18.00000000,1
1531220858936,1531220858932,3504192,0.00003244,17.00000000,1
1531220859470,1531220859465,3504193,0.00003244,6.00000000,1
1531220860692,1531220860687,3504194,0.00003244,20.00000000,1
1531220861001,1531220860998,3504195,0.00003244,16.00000000,1
1531220861028,1531220861023,3504196,0.00003244,10.00000000,1
1531220861749,1531220861744,3504197,0.00003245,7.00000000,1
1531220862612,1531220862606,3504198,0.00003245,8.00000000,1
1531220863334,1531220863328,3504199,0.00003244,38.00000000,1
