event_time,trade_time,trade_id,price,quantity,maker
1531210388421,1531210388420,1820011,0.00005880,5.00000000,0
1531210415045,1531210415040,1820012,0.00005863,2.00000000,1
1531210416802,1531210416797,1820013,0.00005863,2.00000000,1
1531210431918,1531210431915,1820014,0.00005863,19.00000000,1
1531210433143,1531210433139,1820015,0.00005880,21.00000000,0
1531210433143,1531210433139,1820016,0.00005881,1.00000000,0
1531210449670,1531210449666,1820017,0.00005881,253.00000000,0
1531210450040,1531210450035,1820018,0.00005881,143.00000000,1
1531210453916,1531210453913,1820019,0.00005866,18.00000000,1
1531210466568,1531210466564,1820020,0.00005865,292.00000000,1
1531210505484,1531210505478,1820021,0.00005864,293.00000000,1
1531210513547,1531210513542,1820022,0.00005862,395.00000000,1
1531210526879,1531210526876,1820023,0.00005862,1.00000000,1
1531210529861,1531210529859,1820024,0.00005862,518.00000000,1
1531210529861,1531210529859,1820025,0.00005861,2869.00000000,1
1531210531591,1531210531586,1820026,0.00005861,1107.00000000,1
1531210538963,1531210538959,1820027,0.00005842,767.00000000,1
1531210568823,1531210568818,1820028,0.00005842,406.00000000,1
1531210585452,1531210585449,1820029,0.00005820,14.00000000,1
1531210586275,1531210586270,1820030,0.00005820,11.00000000,1
1531210633480,1531210633475,1820031,0.00005823,3.00000000,1
1531210653290,1531210653286,1820032,0.00005826,143.00000000,1
1531210653290,1531210653286,1820033,0.00005822,155.00000000,1
1531210653290,1531210653286,1820034,0.00005821,652.00000000,1
1531210653290,1531210653286,1820035,0.00005820,187.00000000,1
1531210687746,1531210687742,1820036,0.00005820,295.00000000,1
1531210713664,1531210713660,1820037,0.00005837,16.00000000,0
1531210724492,1531210724487,1820038,0.00005814,19.00000000,1
1531210788310,1531210788306,1820039,0.00005812,16.00000000,1
1531210790115,1531210790110,1820040,0.00005811,16.00000000,1
1531210841716,1531210841710,1820041,0.00005834,116.00000000,0
1531210912073,1531210912069,1820042,0.00005816,31.00000000,1
1531210943514,1531210943509,1820043,0.00005839,121.00000000,0
1531210946385,1531210946382,1820044,0.00005839,12.00000000,0
1531210967330,1531210967326,1820045,0.00005839,15.00000000,0
1531210998802,1531210998799,1820046,0.00005839,62.00000000,0
1531210999627,1531210999619,1820047,0.00005839,310.00000000,1
1531211032613,1531211032608,1820048,0.00005839,396.00000000,1
1531211046907,1531211046901,1820049,0.00005841,116.00000000,0
1531211070116,1531211070112,1820050,0.00005830,1025.00000000,0
1531211117905,1531211117900,1820051,0.00005812,116.00000000,1
1531211117905,1531211117900,1820052,0.00005811,48.00000000,1
1531211250994,1531211250990,1820053,0.00005840,37.00000000,0
1531211251597,1531211251593,1820054,0.00005840,75.00000000,0
1531211351121,1531211351117,1820055,0.00005840,4.00000000,0
1531211363442,1531211363438,1820056,0.00005815,4.00000000,1
1531211580874,1531211580868,1820057,0.00005824,59.00000000,1
1531211589582,1531211589581,1820058,0.00005813,19.00000000,1
1531211610826,1531211610823,1820059,0.00005825,27.00000000,1
1531211657233,1531211657229,1820060,0.00005841,33.00000000,0
1531211695156,1531211695152,1820061,0.00005841,6.00000000,0
1531211695741,1531211695737,1820062,0.00005841,695.00000000,1
1531211698222,1531211698217,1820063,0.00005828,18.00000000,1
1531211861110,1531211861107,1820064,0.00005857,116.00000000,0
1531211911432,1531211911425,1820065,0.00005828,2.00000000,1
1531211933276,1531211933272,1820066,0.00005828,19.00000000,1
1531212212938,1531212212934,1820067,0.00005829,8.00000000,1
1531212266776,1531212266771,1820068,0.00005857,116.00000000,0
1531212381368,1531212381367,1820069,0.00005836,19.00000000,1
1531212385629,1531212385624,1820070,0.00005836,1.00000000,1
1531212405793,1531212405787,1820071,0.00005829,113.00000000,1
1531212406809,1531212406805,1820072,0.00005828,209.00000000,1
1531212407825,1531212407821,1820073,0.00005825,753.00000000,1
1531212426668,1531212426665,1820074,0.00005857,8.00000000,0
1531212521429,1531212521423,1820075,0.00005817,32.00000000,1
1531212521429,1531212521423,1820076,0.00005816,101.00000000,1
1531212521429,1531212521423,1820077,0.00005814,103.00000000,1
1531212521429,1531212521423,1820078,0.00005812,105.00000000,1
1531212574234,1531212574228,1820079,0.00005807,527.00000000,1
1531212574234,1531212574228,1820080,0.00005800,5071.00000000,1
1531212574255,1531212574250,1820081,0.00005800,1384.00000000,0
1531212574266,1531212574261,1820082,0.00005800,183.00000000,0
1531212574329,1531212574323,1820083,0.00005800,370.00000000,1
1531212574329,1531212574325,1820084,0.00005800,16.00000000,1
1531212574331,1531212574327,1820085,0.00005800,141.00000000,1
1531212588824,1531212588818,1820086,0.00005800,645.00000000,1
1531212591821,1531212591817,1820087,0.00005798,18.00000000,1
1531212639507,1531212639503,1820088,0.00005820,5.00000000,0
1531212639659,1531212639653,1820089,0.00005820,5.00000000,0
1531212639779,1531212639775,1820090,0.00005820,4.00000000,0
1531212639952,1531212639946,1820091,0.00005820,3.00000000,0
1531212640134,1531212640129,1820092,0.00005820,8.00000000,0
1531212640272,1531212640269,1820093,0.00005820,7.00000000,0
1531212640503,1531212640499,1820094,0.00005820,3.00000000,0
1531212640678,1531212640673,1820095,0.00005820,3.00000000,0
1531212640959,1531212640953,1820096,0.00005820,5.00000000,0
1531212640987,1531212640986,1820097,0.00005820,4.00000000,0
1531212641287,1531212641281,1820098,0.00005820,4.00000000,0
1531212641380,1531212641374,1820099,0.00005820,5.00000000,0
1531212641632,1531212641628,1820100,0.00005820,4.00000000,0
1531212641761,1531212641757,1820101,0.00005820,6.00000000,0
1531212641892,1531212641889,1820102,0.00005820,4.00000000,0
1531212642111,1531212642106,1820103,0.00005820,7.00000000,0
1531212642270,1531212642266,1820104,0.00005820,5.00000000,0
1531212642354,1531212642350,1820105,0.00005820,5.00000000,0
1531212642530,1531212642525,1820106,0.00005820,4.00000000,0
1531212642712,1531212642706,1820107,0.00005820,6.00000000,0
1531212642912,1531212642907,1820108,0.00005820,5.00000000,0
1531212643033,1531212643029,1820109,0.00005820,4.00000000,0
1531212643254,1531212643247,1820110,0.00005820,8.00000000,0
1531212643297,1531212643293,1820111,0.00005820,3.00000000,0
1531212650239,1531212650234,1820112,0.00005817,19.00000000,0
1531212659693,1531212659688,1820113,0.00005797,48.00000000,1
1531212664682,1531212664677,1820114,0.00005817,1128.00000000,0
1531212665174,1531212665168,1820115,0.00005817,144.00000000,0
1531212665174,1531212665168,1820116,0.00005820,100.00000000,0
1531212665174,1531212665168,1820117,0.00005823,260.00000000,0
1531212665174,1531212665168,1820118,0.00005848,121.00000000,0
1531212665174,1531212665168,1820119,0.00005849,714.00000000,0
1531212665174,1531212665168,1820120,0.00005855,18.00000000,0
1531212665174,1531212665168,1820121,0.00005856,103.00000000,0
1531212665174,1531212665168,1820122,0.00005857,955.00000000,0
1531213056162,1531213056158,1820123,0.00005845,50.00000000,1
1531213078099,1531213078095,1820124,0.00005871,37.00000000,0
1531213125095,1531213125090,1820125,0.00005871,57.00000000,0
1531213160943,1531213160939,1820126,0.00005872,34.00000000,0
1531213249201,1531213249197,1820127,0.00005872,21.00000000,0
1531213284645,1531213284640,1820128,0.00005854,2.00000000,1
1531213298880,1531213298876,1820129,0.00005857,188.00000000,1
1531213319153,1531213319148,1820130,0.00005872,19.00000000,0
1531213325896,1531213325892,1820131,0.00005872,46.00000000,0
1531213351911,1531213351906,1820132,0.00005872,1404.00000000,0
1531213453469,1531213453465,1820133,0.00005848,6.00000000,1
1531213531264,1531213531261,1820134,0.00005853,77.00000000,1
1531213581995,1531213581991,1820135,0.00005865,18.00000000,1
1531213597915,1531213597909,1820136,0.00005867,20.00000000,1
1531213630003,1531213629999,1820137,0.00005870,8.00000000,1
1531213634989,1531213634985,1820138,0.00005870,148.00000000,1
1531213688363,1531213688359,1820139,0.00005862,2.00000000,1
1531213689809,1531213689805,1820140,0.00005882,103.00000000,0
1531213712509,1531213712505,1820141,0.00005860,2.00000000,1
1531213802011,1531213802008,1820142,0.00005864,106.00000000,1
1531213951011,1531213951007,1820143,0.00005864,74.00000000,1
1531213953025,1531213953021,1820144,0.00005863,511.00000000,1
1531213955017,1531213955012,1820145,0.00005863,159.00000000,1
1531213960169,1531213960164,1820146,0.00005861,60.00000000,1
1531213961168,1531213961164,1820147,0.00005860,471.00000000,1
1531214054457,1531214054452,1820148,0.00005861,1.00000000,1
1531214072533,1531214072529,1820149,0.00005879,2.00000000,0
1531214163532,1531214163527,1820150,0.00005873,104.00000000,0
1531214183901,1531214183895,1820151,0.00005874,20.00000000,0
1531214221165,1531214221162,1820152,0.00005880,40.00000000,0
1531214226580,1531214226575,1820153,0.00005882,604.00000000,0
1531214244229,1531214244224,1820154,0.00005882,470.00000000,0
1531214354067,1531214354062,1820155,0.00005882,29.00000000,0
1531214400342,1531214400339,1820156,0.00005882,313.00000000,0
1531214420071,1531214420067,1820157,0.00005882,303.00000000,0
1531214423449,1531214423443,1820158,0.00005891,60.00000000,0
1531214423449,1531214423443,1820159,0.00005896,161.00000000,0
1531214423449,1531214423443,1820160,0.00005899,40.00000000,0
1531214423449,1531214423443,1820161,0.00005900,687.00000000,0
1531214423449,1531214423443,1820162,0.00005905,35.00000000,0
1531214435352,1531214435346,1820163,0.00005878,44.00000000,1
1531214442745,1531214442740,1820164,0.00005904,1470.00000000,0
1531214445836,1531214445831,1820165,0.00005905,365.00000000,0
1531214452995,1531214452992,1820166,0.00005908,52.00000000,1
1531214453549,1531214453545,1820167,0.00005911,18.00000000,0
1531214460522,1531214460518,1820168,0.00005908,5.00000000,1
1531214460831,1531214460827,1820169,0.00005908,5.00000000,1
1531214461249,1531214461244,1820170,0.00005908,3.00000000,1
1531214461838,1531214461834,1820171,0.00005908,4.00000000,1
1531214462433,1531214462429,1820172,0.00005908,8.00000000,1
1531214462642,1531214462638,1820173,0.00005908,3.00000000,1
1531214463191,1531214463187,1820174,0.00005908,8.00000000,1
1531214464111,1531214464107,1820175,0.00005908,4.00000000,1
1531214464440,1531214464435,1820176,0.00005908,5.00000000,1
1531214464542,1531214464538,1820177,0.00005908,7.00000000,1
1531214465152,1531214465147,1820178,0.00005908,6.00000000,1
1531214465657,1531214465653,1820179,0.00005908,3.00000000,1
1531214466279,1531214466275,1820180,0.00005908,3.00000000,1
1531214466874,1531214466869,1820181,0.00005908,4.00000000,1
1531214467391,1531214467386,1820182,0.00005908,4.00000000,1
1531214467897,1531214467893,1820183,0.00005908,5.00000000,1
1531214468305,1531214468301,1820184,0.00005908,4.00000000,1
1531214468739,1531214468735,1820185,0.00005908,5.00000000,1
1531214469382,1531214469378,1820186,0.00005908,5.00000000,1
1531214469626,1531214469622,1820187,0.00005908,7.00000000,1
1531214470218,1531214470215,1820188,0.00005908,4.00000000,1
1531214470569,1531214470566,1820189,0.00005908,6.00000000,1
1531214471026,1531214471021,1820190,0.00005908,4.00000000,1
1531214471687,1531214471682,1820191,0.00005908,300.00000000,1
1531214473599,1531214473594,1820192,0.00005908,44.00000000,1
1531214473599,1531214473594,1820193,0.00005905,17.00000000,1
1531214499666,1531214499662,1820194,0.00005911,16.00000000,0
1531214499685,1531214499681,1820195,0.00005916,605.00000000,1
1531214499729,1531214499724,1820196,0.00005916,121.00000000,1
1531214499756,1531214499750,1820197,0.00005916,472.00000000,1
1531214500463,1531214500459,1820198,0.00005916,820.00000000,1
1531214511489,1531214511483,1820199,0.00005917,1112.00000000,0
1531214511489,1531214511483,1820200,0.00005918,999.00000000,0
1531214511489,1531214511483,1820201,0.00005920,2835.00000000,0
1531214511489,1531214511483,1820202,0.00005924,726.00000000,0
1531214511489,1531214511483,1820203,0.00005931,346.00000000,0
1531214511489,1531214511483,1820204,0.00005937,9.00000000,0
1531214512759,1531214512756,1820205,0.00005931,475.00000000,0
1531214512759,1531214512756,1820206,0.00005937,10.00000000,0
1531214512759,1531214512756,1820207,0.00005940,368.00000000,0
1531214527459,1531214527455,1820208,0.00005918,22.00000000,1
1531214529236,1531214529230,1820209,0.00005940,178.00000000,0
1531214529236,1531214529230,1820210,0.00005948,40.00000000,0
1531214529236,1531214529230,1820211,0.00005949,177.00000000,0
1531214529236,1531214529230,1820212,0.00005950,2675.00000000,0
1531214529236,1531214529230,1820213,0.00005959,304.00000000,0
1531214529236,1531214529230,1820214,0.00005960,300.00000000,0
1531214529236,1531214529230,1820215,0.00005969,2106.00000000,0
1531214544333,1531214544317,1820216,0.00005932,148.00000000,1
1531214549354,1531214549350,1820217,0.00005968,148.00000000,0
1531214549354,1531214549350,1820218,0.00005969,251.00000000,0
1531214552315,1531214552310,1820219,0.00005969,1498.00000000,0
1531214552369,1531214552365,1820220,0.00005969,306.00000000,1
1531214553503,1531214553499,1820221,0.00005952,22.00000000,1
1531214563553,1531214563549,1820222,0.00005969,1312.00000000,0
1531214563553,1531214563549,1820223,0.00005970,311.00000000,0
1531214566015,1531214566011,1820224,0.00005970,9.00000000,1
1531214566726,1531214566721,1820225,0.00005970,121.00000000,1
1531214568563,1531214568557,1820226,0.00005970,50.00000000,1
1531214568563,1531214568557,1820227,0.00005954,2177.00000000,1
1531214568563,1531214568557,1820228,0.00005953,185.00000000,1
1531214569112,1531214569108,1820229,0.00005948,1021.00000000,0
1531214569446,1531214569441,1820230,0.00005948,2031.00000000,0
1531214582856,1531214582852,1820231,0.00005948,636.00000000,0
1531214603136,1531214603130,1820232,0.00005948,100.00000000,1
1531214603136,1531214603130,1820233,0.00005939,65.00000000,1
1531214636600,1531214636595,1820234,0.00005947,23.00000000,1
1531214638848,1531214638844,1820235,0.00005947,2.00000000,1
1531214671734,1531214671731,1820236,0.00005947,199.00000000,1
1531214681629,1531214681625,1820237,0.00005970,65.00000000,0
1531214681629,1531214681625,1820238,0.00005971,944.00000000,0
1531214684024,1531214684020,1820239,0.00005971,54.00000000,0
1531214684024,1531214684020,1820240,0.00005972,333.00000000,0
1531214684351,1531214684347,1820241,0.00005979,302.00000000,0
1531214688128,1531214688124,1820242,0.00005979,1727.00000000,0
1531214693136,1531214693133,1820243,0.00005979,50.00000000,1
1531214708362,1531214708357,1820244,0.00005986,37.00000000,0
1531214713762,1531214713757,1820245,0.00005986,955.00000000,0
1531214716347,1531214716343,1820246,0.00005966,79.00000000,1
1531214716982,1531214716976,1820247,0.00005986,108.00000000,0
1531214716982,1531214716976,1820248,0.00005987,999.00000000,0
1531214716982,1531214716976,1820249,0.00005989,67.00000000,0
1531214716982,1531214716976,1820250,0.00005992,17.00000000,0
1531214716982,1531214716976,1820251,0.00005998,687.00000000,0
1531214716982,1531214716976,1820252,0.00006000,3122.00000000,0
1531214719644,1531214719640,1820253,0.00005968,2.00000000,1
1531214731698,1531214731692,1820254,0.00006000,3825.00000000,0
1531214733356,1531214733352,1820255,0.00005969,3.00000000,1
1531214739383,1531214739378,1820256,0.00005972,139.00000000,1
1531214739500,1531214739496,1820257,0.00005972,67.00000000,0
1531214739500,1531214739496,1820258,0.00006000,15.00000000,0
1531214739500,1531214739496,1820259,0.00006008,33.00000000,0
1531214740247,1531214740243,1820260,0.00005980,49.00000000,1
1531214746672,1531214746669,1820261,0.00006007,142.00000000,0
1531214747100,1531214747096,1820262,0.00006007,216.00000000,1
1531214747100,1531214747096,1820263,0.00005984,685.00000000,1
1531214756809,1531214756804,1820264,0.00005980,19.00000000,1
1531214758162,1531214758157,1820265,0.00006000,387.00000000,0
1531214759142,1531214759139,1820266,0.00006000,93.00000000,1
1531214770349,1531214770344,1820267,0.00006001,3.00000000,1
1531214773600,1531214773595,1820268,0.00006005,19.00000000,0
1531214773600,1531214773595,1820269,0.00006006,18.00000000,0
1531214782519,1531214782516,1820270,0.00006006,32.00000000,0
1531214782519,1531214782516,1820271,0.00006008,77.00000000,0
1531214786648,1531214786644,1820272,0.00006008,85.00000000,0
1531214786648,1531214786644,1820273,0.00006009,179.00000000,0
1531214786648,1531214786644,1820274,0.00006010,159.00000000,0
1531214789970,1531214789964,1820275,0.00006010,199.00000000,0
1531214789970,1531214789964,1820276,0.00006014,184.00000000,0
1531214789970,1531214789964,1820277,0.00006015,2540.00000000,0
1531214793784,1531214793781,1820278,0.00006015,2.00000000,1
1531214793836,1531214793831,1820279,0.00006015,10.00000000,1
1531214793993,1531214793988,1820280,0.00006015,10.00000000,1
1531214794281,1531214794276,1820281,0.00006015,13.00000000,1
1531214799057,1531214799052,1820282,0.00006020,173.00000000,0
1531214799664,1531214799660,1820283,0.00006020,158.00000000,1
1531214816287,1531214816281,1820284,0.00006020,481.00000000,1
1531214816287,1531214816281,1820285,0.00006015,1037.00000000,1
1531214830453,1531214830448,1820286,0.00006015,440.00000000,1
1531214841539,1531214841534,1820287,0.00006015,9.00000000,1
1531214841539,1531214841534,1820288,0.00006005,244.00000000,1
1531214841539,1531214841534,1820289,0.00006003,2302.00000000,1
1531214841539,1531214841534,1820290,0.00006001,28.00000000,1
1531214841539,1531214841534,1820291,0.00006000,5889.00000000,1
1531214848660,1531214848655,1820292,0.00006005,399.00000000,1
1531214852112,1531214852107,1820293,0.00006005,4168.00000000,1
1531214856169,1531214856165,1820294,0.00006000,603.00000000,1
1531214857061,1531214857056,1820295,0.00006005,1936.00000000,0
1531214858826,1531214858822,1820296,0.00006000,28.00000000,1
1531214862122,1531214862119,1820297,0.00005999,29.00000000,0
1531214863323,1531214863316,1820298,0.00005999,217.00000000,0
1531214863323,1531214863316,1820299,0.00006000,206.00000000,0
1531214863323,1531214863316,1820300,0.00006005,250.00000000,0
1531214863323,1531214863316,1820301,0.00006025,31.00000000,0
1531214863323,1531214863316,1820302,0.00006027,50.00000000,0
1531214863323,1531214863316,1820303,0.00006028,69.00000000,0
1531214863323,1531214863316,1820304,0.00006029,870.00000000,0
1531214863323,1531214863316,1820305,0.00006030,553.00000000,0
1531214863323,1531214863316,1820306,0.00006033,29.00000000,0
1531214871611,1531214871607,1820307,0.00006033,398.00000000,0
1531214876005,1531214876000,1820308,0.00006033,202.00000000,0
1531214877615,1531214877608,1820309,0.00006033,974.00000000,0
1531214877615,1531214877608,1820310,0.00006035,20.00000000,0
1531214877615,1531214877608,1820311,0.00006040,93.00000000,0
1531214877615,1531214877608,1820312,0.00006043,219.00000000,0
1531214877615,1531214877608,1820313,0.00006048,31.00000000,0
1531214877615,1531214877608,1820314,0.00006050,175.00000000,0
1531214877615,1531214877608,1820315,0.00006060,68.00000000,0
1531214877615,1531214877608,1820316,0.00006065,59.00000000,0
1531214877615,1531214877608,1820317,0.00006066,4.00000000,0
1531214881417,1531214881412,1820318,0.00006055,676.00000000,1
1531214881701,1531214881697,1820319,0.00006066,17.00000000,0
1531214882002,1531214881997,1820320,0.00006066,17.00000000,0
1531214882228,1531214882225,1820321,0.00006055,676.00000000,1
1531214882711,1531214882707,1820322,0.00006055,84.00000000,1
1531214883507,1531214883503,1820323,0.00006056,17.00000000,1
1531214887329,1531214887323,1820324,0.00006057,31.00000000,1
1531214887329,1531214887323,1820325,0.00006056,14.00000000,1
1531214887329,1531214887323,1820326,0.00006055,39.00000000,1
1531214887512,1531214887507,1820327,0.00006066,211.00000000,0
1531214887573,1531214887569,1820328,0.00006066,100.00000000,1
1531214887573,1531214887569,1820329,0.00006055,1206.00000000,1
1531214887573,1531214887569,1820330,0.00006019,195.00000000,1
1531214887573,1531214887569,1820331,0.00006015,1857.00000000,1
1531214887573,1531214887569,1820332,0.00006006,17.00000000,1
1531214887573,1531214887569,1820333,0.00006000,574.00000000,1
1531214887586,1531214887582,1820334,0.00006000,1851.00000000,0
1531214887769,1531214887764,1820335,0.00006017,242.00000000,1
1531214887769,1531214887764,1820336,0.00006016,250.00000000,1
1531214890707,1531214890702,1820337,0.00006019,177.00000000,1
1531214890855,1531214890851,1820338,0.00006019,187.00000000,1
1531214900284,1531214900278,1820339,0.00006034,19.00000000,0
1531214901296,1531214901293,1820340,0.00006034,17.00000000,0
1531214901342,1531214901338,1820341,0.00006034,17.00000000,0
1531214901384,1531214901379,1820342,0.00006034,17.00000000,0
1531214901436,1531214901432,1820343,0.00006034,34.00000000,0
1531214901456,1531214901452,1820344,0.00006034,17.00000000,0
1531214901854,1531214901850,1820345,0.00006034,17.00000000,0
1531214901963,1531214901960,1820346,0.00006034,17.00000000,0
1531214902282,1531214902277,1820347,0.00006034,48.00000000,0
1531214902282,1531214902277,1820348,0.00006056,51.00000000,0
1531214902282,1531214902277,1820349,0.00006066,276.00000000,0
1531214902282,1531214902277,1820350,0.00006067,4925.00000000,0
1531214902483,1531214902478,1820351,0.00006041,240.00000000,0
1531214903026,1531214903022,1820352,0.00006041,408.00000000,0
1531214903026,1531214903022,1820353,0.00006056,17.00000000,0
1531214903026,1531214903022,1820354,0.00006067,34.00000000,0
1531214903315,1531214903311,1820355,0.00006068,394.00000000,0
1531214903315,1531214903311,1820356,0.00006069,31.00000000,0
1531214903315,1531214903311,1820357,0.00006072,20.00000000,0
1531214903315,1531214903311,1820358,0.00006074,215.00000000,0
1531214903315,1531214903311,1820359,0.00006075,20.00000000,0
1531214903315,1531214903311,1820360,0.00006077,785.00000000,0
1531214903315,1531214903311,1820361,0.00006079,1689.00000000,0
1531214903420,1531214903414,1820362,0.00006049,220.00000000,0
1531214904027,1531214904023,1820363,0.00006033,385.00000000,0
1531214904231,1531214904227,1820364,0.00006033,3334.00000000,0
1531214904231,1531214904227,1820365,0.00006049,133.00000000,0
1531214904231,1531214904227,1820366,0.00006064,137.00000000,0
1531214904231,1531214904227,1820367,0.00006066,3991.00000000,0
1531214904253,1531214904248,1820368,0.00006066,242.00000000,1
1531214906730,1531214906726,1820369,0.00006066,6.00000000,1
1531214906730,1531214906726,1820370,0.00006051,183.00000000,1
1531214907179,1531214907174,1820371,0.00006035,40.00000000,0
1531214909088,1531214909083,1820372,0.00006053,40.00000000,1
1531214911680,1531214911676,1820373,0.00006070,105.00000000,0
1531214913342,1531214913338,1820374,0.00006070,310.00000000,0
1531214913342,1531214913338,1820375,0.00006080,999.00000000,0
1531214913342,1531214913338,1820376,0.00006087,17.00000000,0
1531214913342,1531214913338,1820377,0.00006090,359.00000000,0
1531214916227,1531214916223,1820378,0.00006090,92.00000000,0
1531214916468,1531214916463,1820379,0.00006090,167.00000000,0
1531214917701,1531214917697,1820380,0.00006096,17.00000000,0
1531214917701,1531214917697,1820381,0.00006098,110.00000000,0
1531214920288,1531214920283,1820382,0.00006097,96.00000000,0
1531214921109,1531214921104,1820383,0.00006097,137.00000000,0
1531214922900,1531214922896,1820384,0.00006091,85.00000000,1
1531214923290,1531214923285,1820385,0.00006061,100.00000000,1
1531214925240,1531214925236,1820386,0.00006091,17.00000000,1
1531214926356,1531214926352,1820387,0.00006062,17.00000000,1
1531214926422,1531214926417,1820388,0.00006098,182.00000000,0
1531214929701,1531214929695,1820389,0.00006096,17.00000000,0
1531214929701,1531214929695,1820390,0.00006097,1488.00000000,0
1531214930004,1531214930000,1820391,0.00006097,136.00000000,0
1531214930432,1531214930428,1820392,0.00006097,110.00000000,0
1531214931493,1531214931489,1820393,0.00006097,114.00000000,0
1531214931643,1531214931639,1820394,0.00006064,15.00000000,1
1531214932880,1531214932875,1820395,0.00006097,1010.00000000,0
1531214932889,1531214932885,1820396,0.00006097,247.00000000,0
1531214936197,1531214936193,1820397,0.00006096,592.00000000,0
1531214940068,1531214940064,1820398,0.00006067,17.00000000,1
1531214941447,1531214941441,1820399,0.00006096,200.00000000,0
1531214941876,1531214941872,1820400,0.00006096,17.00000000,0
1531214942031,1531214942026,1820401,0.00006096,17.00000000,0
1531214942703,1531214942698,1820402,0.00006096,17.00000000,0
1531214950174,1531214950169,1820403,0.00006096,220.00000000,0
1531214950299,1531214950296,1820404,0.00006071,42.00000000,1
1531214950811,1531214950806,1820405,0.00006096,1787.00000000,0
1531214953186,1531214953181,1820406,0.00006095,42.00000000,0
1531214953186,1531214953181,1820407,0.00006096,520.00000000,0
1531214953872,1531214953869,1820408,0.00006096,103.00000000,0
1531214956172,1531214956167,1820409,0.00006096,34.00000000,0
1531214959048,1531214959043,1820410,0.00006090,222.00000000,1
1531214959309,1531214959305,1820411,0.00006090,223.00000000,1
1531214966668,1531214966664,1820412,0.00006096,32.00000000,0
1531214968272,1531214968267,1820413,0.00006090,169.00000000,1
1531214968943,1531214968939,1820414,0.00006096,28.00000000,0
1531214976925,1531214976920,1820415,0.00006091,49.00000000,1
1531214977231,1531214977227,1820416,0.00006096,1017.00000000,0
1531214977732,1531214977727,1820417,0.00006096,48.00000000,0
1531214980701,1531214980697,1820418,0.00006092,32.00000000,1
1531214980701,1531214980697,1820419,0.00006091,102.00000000,1
1531214983754,1531214983751,1820420,0.00006091,203.00000000,1
1531214987789,1531214987785,1820421,0.00006091,163.00000000,0
1531214989684,1531214989679,1820422,0.00006091,202.00000000,0
1531214992576,1531214992573,1820423,0.00006091,48.00000000,0
1531214996050,1531214996045,1820424,0.00006091,24.00000000,0
1531214998682,1531214998677,1820425,0.00006091,484.00000000,0
1531214998793,1531214998788,1820426,0.00006090,66.00000000,1
1531214999732,1531214999728,1820427,0.00006090,213.00000000,0
1531215000768,1531215000762,1820428,0.00006076,342.00000000,1
1531215000768,1531215000762,1820429,0.00006075,62.00000000,1
1531215000768,1531215000762,1820430,0.00006069,62.00000000,1
1531215000768,1531215000762,1820431,0.00006064,27.00000000,1
1531215002373,1531215002369,1820432,0.00006064,283.00000000,1
1531215002373,1531215002369,1820433,0.00006060,1304.00000000,1
1531215003040,1531215003025,1820434,0.00006057,17.00000000,1
1531215003040,1531215003025,1820435,0.00006053,40.00000000,1
1531215003040,1531215003025,1820436,0.00006051,17.00000000,1
1531215003040,1531215003025,1820437,0.00006046,85.00000000,1
1531215003040,1531215003025,1820438,0.00006038,545.00000000,1
1531215003040,1531215003025,1820439,0.00006036,282.00000000,1
1531215003040,1531215003025,1820440,0.00006035,287.00000000,1
1531215003040,1531215003025,1820441,0.00006031,17.00000000,1
1531215003040,1531215003025,1820442,0.00006030,100.00000000,1
1531215003040,1531215003025,1820443,0.00006029,200.00000000,1
1531215003040,1531215003025,1820444,0.00006024,33.00000000,1
1531215003040,1531215003025,1820445,0.00006023,17.00000000,1
1531215003040,1531215003025,1820446,0.00006021,904.00000000,1
1531215003040,1531215003025,1820447,0.00006018,74.00000000,1
1531215003040,1531215003025,1820448,0.00006017,139.00000000,1
1531215003040,1531215003025,1820449,0.00006013,345.00000000,1
1531215003040,1531215003025,1820450,0.00006012,83.00000000,1
1531215003040,1531215003025,1820451,0.00006011,169.00000000,1
1531215003040,1531215003025,1820452,0.00006009,296.00000000,1
1531215003040,1531215003025,1820453,0.00006008,800.00000000,1
1531215003040,1531215003025,1820454,0.00006006,200.00000000,1
1531215003040,1531215003025,1820455,0.00006005,741.00000000,1
1531215003040,1531215003025,1820456,0.00006002,83.00000000,1
1531215003040,1531215003025,1820457,0.00006000,149.00000000,1
1531215003040,1531215003025,1820458,0.00005999,100.00000000,1
1531215003040,1531215003025,1820459,0.00005998,617.00000000,1
1531215003040,1531215003025,1820460,0.00005995,34.00000000,1
1531215003040,1531215003025,1820461,0.00005994,17.00000000,1
1531215003040,1531215003025,1820462,0.00005992,332.00000000,1
1531215003040,1531215003025,1820463,0.00005989,34.00000000,1
1531215003040,1531215003025,1820464,0.00005980,98.00000000,1
1531215003040,1531215003025,1820465,0.00005979,537.00000000,1
1531215003060,1531215003055,1820466,0.00005990,73.00000000,0
1531215003062,1531215003057,1820467,0.00005990,242.00000000,0
1531215003069,1531215003066,1820468,0.00005990,350.00000000,0
1531215003071,1531215003068,1820469,0.00006038,73.00000000,0
1531215003759,1531215003755,1820470,0.00006042,83.00000000,0
1531215003910,1531215003905,1820471,0.00006041,231.00000000,1
1531215004038,1531215004035,1820472,0.00006041,65.00000000,1
1531215004053,1531215004049,1820473,0.00006035,676.00000000,0
1531215004377,1531215004373,1820474,0.00006039,148.00000000,0
1531215004714,1531215004710,1820475,0.00006019,98.00000000,1
1531215004813,1531215004806,1820476,0.00006038,311.00000000,0
1531215004813,1531215004806,1820477,0.00006045,904.00000000,0
1531215004813,1531215004806,1820478,0.00006046,549.00000000,0
1531215004813,1531215004806,1820479,0.00006047,100.00000000,0
1531215004813,1531215004806,1820480,0.00006051,72.00000000,0
1531215004813,1531215004806,1820481,0.00006052,101.00000000,0
1531215004813,1531215004806,1820482,0.00006053,69.00000000,0
1531215004813,1531215004806,1820483,0.00006054,68.00000000,0
1531215004813,1531215004806,1820484,0.00006059,67.00000000,0
1531215004813,1531215004806,1820485,0.00006060,1012.00000000,0
1531215004942,1531215004936,1820486,0.00006019,32.00000000,1
1531215005842,1531215005839,1820487,0.00006042,181.00000000,1
1531215006278,1531215006271,1820488,0.00006060,1018.00000000,0
1531215006278,1531215006271,1820489,0.00006063,33.00000000,0
1531215006278,1531215006271,1820490,0.00006065,300.00000000,0
1531215006278,1531215006271,1820491,0.00006066,349.00000000,0
1531215006278,1531215006271,1820492,0.00006071,500.00000000,0
1531215006282,1531215006277,1820493,0.00006040,284.00000000,1
1531215006282,1531215006277,1820494,0.00006030,160.00000000,1
1531215006282,1531215006277,1820495,0.00006019,387.00000000,1
1531215006282,1531215006277,1820496,0.00005987,166.00000000,1
1531215006282,1531215006277,1820497,0.00005981,1148.00000000,1
1531215006282,1531215006277,1820498,0.00005980,1222.00000000,1
1531215006282,1531215006277,1820499,0.00005979,23.00000000,1
1531215006285,1531215006281,1820500,0.00005979,735.00000000,0
1531215006299,1531215006295,1820501,0.00005979,457.00000000,0
1531215006319,1531215006315,1820502,0.00006071,300.00000000,0
1531215006319,1531215006315,1820503,0.00006084,435.00000000,0
1531215006347,1531215006343,1820504,0.00005978,100.00000000,1
1531215006347,1531215006343,1820505,0.00005975,56.00000000,1
1531215006977,1531215006973,1820506,0.00006025,100.00000000,0
1531215006977,1531215006973,1820507,0.00006035,66.00000000,0
1531215007367,1531215007363,1820508,0.00006035,100.00000000,0
1531215007493,1531215007489,1820509,0.00006039,130.00000000,0
1531215007501,1531215007498,1820510,0.00006060,101.00000000,0
1531215007501,1531215007498,1820511,0.00006081,29.00000000,0
1531215007506,1531215007500,1820512,0.00006053,127.00000000,1
1531215008235,1531215008232,1820513,0.00006034,156.00000000,0
1531215008302,1531215008298,1820514,0.00006034,175.00000000,0
1531215008302,1531215008298,1820515,0.00006053,63.00000000,0
1531215008766,1531215008760,1820516,0.00005988,170.00000000,1
1531215009002,1531215008997,1820517,0.00006042,23.00000000,0
1531215009002,1531215008997,1820518,0.00006053,64.00000000,0
1531215009317,1531215009312,1820519,0.00005989,171.00000000,1
1531215009333,1531215009327,1820520,0.00006053,75.00000000,0
1531215009333,1531215009327,1820521,0.00006057,100.00000000,0
1531215009333,1531215009327,1820522,0.00006060,140.00000000,0
1531215009487,1531215009484,1820523,0.00005989,170.00000000,1
1531215009691,1531215009684,1820524,0.00005989,170.00000000,1
1531215009948,1531215009943,1820525,0.00005990,171.00000000,1
1531215010345,1531215010341,1820526,0.00006039,74.00000000,0
1531215010345,1531215010341,1820527,0.00006052,43.00000000,0
1531215010367,1531215010362,1820528,0.00005990,171.00000000,1
1531215010465,1531215010460,1820529,0.00005991,394.00000000,1
1531215010465,1531215010460,1820530,0.00005990,87.00000000,1
1531215010467,1531215010463,1820531,0.00005990,393.00000000,1
1531215010523,1531215010518,1820532,0.00006052,63.00000000,0
1531215010647,1531215010642,1820533,0.00006052,11.00000000,0
1531215010647,1531215010642,1820534,0.00006060,64.00000000,0
1531215010736,1531215010732,1820535,0.00005994,33.00000000,1
1531215010736,1531215010732,1820536,0.00005990,135.00000000,1
1531215011284,1531215011280,1820537,0.00006051,101.00000000,0
1531215012369,1531215012366,1820538,0.00006026,33.00000000,0
1531215013195,1531215013189,1820539,0.00006050,394.00000000,0
1531215013195,1531215013189,1820540,0.00006051,69.00000000,0
1531215013525,1531215013522,1820541,0.00006053,121.00000000,0
1531215014318,1531215014315,1820542,0.00006026,18.00000000,1
1531215015520,1531215015515,1820543,0.00006053,100.00000000,0
1531215015583,1531215015578,1820544,0.00006053,100.00000000,0
1531215016294,1531215016290,1820545,0.00006047,153.00000000,0
1531215016513,1531215016510,1820546,0.00006044,1187.00000000,0
1531215016715,1531215016711,1820547,0.00006027,168.00000000,1
1531215017395,1531215017391,1820548,0.00006027,168.00000000,1
1531215017911,1531215017906,1820549,0.00006027,168.00000000,1
1531215018111,1531215018106,1820550,0.00006027,53.00000000,1
1531215018111,1531215018106,1820551,0.00006026,6.00000000,1
1531215018144,1531215018139,1820552,0.00006003,108.00000000,0
1531215018392,1531215018388,1820553,0.00006003,1.00000000,0
1531215018427,1531215018422,1820554,0.00006003,108.00000000,1
1531215018427,1531215018422,1820555,0.00006002,277.00000000,1
1531215018667,1531215018662,1820556,0.00006002,168.00000000,1
1531215018909,1531215018906,1820557,0.00006002,168.00000000,1
1531215019229,1531215019223,1820558,0.00006004,168.00000000,0
1531215019229,1531215019223,1820559,0.00006014,168.00000000,0
1531215019484,1531215019479,1820560,0.00006030,410.00000000,0
1531215020409,1531215020405,1820561,0.00006032,24.00000000,0
1531215020473,1531215020470,1820562,0.00006032,426.00000000,0
1531215021251,1531215021247,1820563,0.00006052,66.00000000,0
1531215021251,1531215021247,1820564,0.00006053,249.00000000,0
1531215021579,1531215021575,1820565,0.00006039,87.00000000,0
1531215022087,1531215022083,1820566,0.00006039,88.00000000,0
1531215022541,1531215022537,1820567,0.00006039,438.00000000,0
1531215025002,1531215024999,1820568,0.00006039,88.00000000,1
1531215025002,1531215024999,1820569,0.00006032,124.00000000,1
1531215025437,1531215025432,1820570,0.00006032,38.00000000,0
1531215027298,1531215027293,1820571,0.00006032,170.00000000,0
1531215029794,1531215029788,1820572,0.00006032,100.00000000,1
1531215029794,1531215029788,1820573,0.00006012,226.00000000,1
1531215030080,1531215030076,1820574,0.00006059,207.00000000,0
1531215037603,1531215037598,1820575,0.00006058,226.00000000,0
1531215037603,1531215037598,1820576,0.00006059,30.00000000,0
1531215046576,1531215046571,1820577,0.00006016,17.00000000,1
1531215057940,1531215057936,1820578,0.00006017,454.00000000,1
1531215057940,1531215057936,1820579,0.00006007,225.00000000,1
1531215069512,1531215069509,1820580,0.00006008,112.00000000,1
1531215069512,1531215069509,1820581,0.00006007,1608.00000000,1
1531215078245,1531215078240,1820582,0.00006019,471.00000000,0
1531215078245,1531215078240,1820583,0.00006023,393.00000000,0
1531215078245,1531215078240,1820584,0.00006032,241.00000000,0
1531215079708,1531215079703,1820585,0.00006031,112.00000000,0
1531215079708,1531215079703,1820586,0.00006036,120.00000000,0
1531215082545,1531215082540,1820587,0.00006040,93.00000000,0
1531215086789,1531215086784,1820588,0.00006040,167.00000000,0
1531215092332,1531215092328,1820589,0.00006058,200.00000000,0
1531215103279,1531215103275,1820590,0.00006054,61.00000000,1
1531215103279,1531215103275,1820591,0.00006053,1229.00000000,1
1531215113345,1531215113340,1820592,0.00006058,572.00000000,0
1531215117516,1531215117513,1820593,0.00006058,967.00000000,1
1531215118821,1531215118816,1820594,0.00006058,1461.00000000,1
1531215130006,1531215130002,1820595,0.00006058,165.00000000,0
1531215131508,1531215131503,1820596,0.00006058,33.00000000,0
1531215131713,1531215131709,1820597,0.00006057,20.00000000,0
1531215131713,1531215131709,1820598,0.00006058,54.00000000,0
1531215132817,1531215132813,1820599,0.00006058,165.00000000,0
1531215133030,1531215133022,1820600,0.00006058,165.00000000,0
1531215134124,1531215134121,1820601,0.00006014,165.00000000,1
1531215134242,1531215134237,1820602,0.00006058,33.00000000,0
1531215135567,1531215135563,1820603,0.00006057,122.00000000,0
1531215139458,1531215139455,1820604,0.00006057,193.00000000,0
1531215141675,1531215141672,1820605,0.00006057,51.00000000,0
1531215141675,1531215141672,1820606,0.00006058,94.00000000,0
1531215152174,1531215152169,1820607,0.00006058,436.00000000,0
1531215209714,1531215209711,1820608,0.00006032,92.00000000,1
1531215219051,1531215219047,1820609,0.00006030,191.00000000,0
1531215223974,1531215223969,1820610,0.00006030,66.00000000,0
1531215225072,1531215225068,1820611,0.00006030,246.00000000,0
1531215225096,1531215225092,1820612,0.00006015,130.00000000,1
1531215225131,1531215225127,1820613,0.00006014,39.00000000,1
1531215233093,1531215233089,1820614,0.00006030,1.00000000,0
1531215233093,1531215233089,1820615,0.00006032,141.00000000,0
1531215238535,1531215238531,1820616,0.00006032,198.00000000,0
1531215240789,1531215240784,1820617,0.00006032,1505.00000000,0
1531215244189,1531215244184,1820618,0.00006047,105.00000000,0
1531215266870,1531215266867,1820619,0.00006047,33.00000000,0
1531215303176,1531215303172,1820620,0.00006036,212.00000000,1
1531215319033,1531215319027,1820621,0.00006044,113.00000000,0
1531215323188,1531215323182,1820622,0.00006044,17.00000000,0
1531215323188,1531215323182,1820623,0.00006047,9.00000000,0
1531215324325,1531215324320,1820624,0.00006047,600.00000000,1
1531215335745,1531215335740,1820625,0.00006047,100.00000000,1
1531215337054,1531215337051,1820626,0.00006047,176.00000000,1
1531215376439,1531215376434,1820627,0.00006033,36.00000000,0
1531215376942,1531215376939,1820628,0.00006003,774.00000000,1
1531215379891,1531215379886,1820629,0.00006028,70.00000000,0
1531215384755,1531215384750,1820630,0.00006027,774.00000000,0
1531215384755,1531215384750,1820631,0.00006028,884.00000000,0
1531215395151,1531215395147,1820632,0.00006033,61.00000000,0
1531215403739,1531215403735,1820633,0.00006033,48.00000000,0
1531215417622,1531215417618,1820634,0.00006033,166.00000000,0
1531215430257,1531215430253,1820635,0.00006048,30.00000000,0
1531215447020,1531215447015,1820636,0.00006048,52.00000000,0
1531215453134,1531215453130,1820637,0.00006057,612.00000000,0
1531215454007,1531215454002,1820638,0.00006048,45.00000000,1
1531215456406,1531215456402,1820639,0.00006057,47.00000000,0
1531215462976,1531215462971,1820640,0.00006057,380.00000000,0
1531215462976,1531215462971,1820641,0.00006058,1109.00000000,0
1531215472635,1531215472631,1820642,0.00006055,1633.00000000,0
1531215472635,1531215472631,1820643,0.00006056,2148.00000000,0
1531215473974,1531215473970,1820644,0.00006057,596.00000000,0
1531215473974,1531215473970,1820645,0.00006058,165.00000000,0
1531215475612,1531215475607,1820646,0.00006058,78.00000000,0
1531215476726,1531215476721,1820647,0.00006057,128.00000000,0
1531215476726,1531215476721,1820648,0.00006058,62.00000000,0
1531215476726,1531215476721,1820649,0.00006059,63.00000000,0
1531215477263,1531215477259,1820650,0.00006059,165.00000000,0
1531215477866,1531215477862,1820651,0.00006059,1262.00000000,0
1531215478221,1531215478217,1820652,0.00006060,40.00000000,1
1531215478541,1531215478533,1820653,0.00006060,40.00000000,1
1531215484641,1531215484637,1820654,0.00006064,102.00000000,0
1531215484641,1531215484637,1820655,0.00006090,1727.00000000,0
1531215484684,1531215484680,1820656,0.00006090,19.00000000,1
1531215484733,1531215484730,1820657,0.00006090,116.00000000,1
1531215493495,1531215493490,1820658,0.00006091,95.00000000,0
1531215493495,1531215493490,1820659,0.00006096,841.00000000,0
1531215497133,1531215497129,1820660,0.00006096,291.00000000,0
1531215498925,1531215498920,1820661,0.00006096,169.00000000,0
1531215500169,1531215500165,1820662,0.00006090,24.00000000,1
1531215502135,1531215502132,1820663,0.00006090,33.00000000,1
1531215502928,1531215502923,1820664,0.00006090,574.00000000,1
1531215507560,1531215507556,1820665,0.00006096,17.00000000,0
1531215507692,1531215507688,1820666,0.00006096,17.00000000,0
1531215507925,1531215507921,1820667,0.00006096,17.00000000,0
1531215508114,1531215508110,1820668,0.00006096,17.00000000,0
1531215523562,1531215523545,1820669,0.00006096,1434.00000000,0
1531215523562,1531215523545,1820670,0.00006097,2650.00000000,0
1531215523562,1531215523545,1820671,0.00006098,20.00000000,0
1531215523562,1531215523545,1820672,0.00006099,51.00000000,0
1531215523562,1531215523545,1820673,0.00006100,666.00000000,0
1531215523562,1531215523545,1820674,0.00006101,533.00000000,0
1531215523562,1531215523545,1820675,0.00006102,1598.00000000,0
1531215523562,1531215523545,1820676,0.00006103,296.00000000,0
1531215523562,1531215523545,1820677,0.00006114,28.00000000,0
1531215523562,1531215523545,1820678,0.00006118,93.00000000,0
1531215523562,1531215523545,1820679,0.00006120,117.00000000,0
1531215523562,1531215523545,1820680,0.00006121,71.00000000,0
1531215523562,1531215523545,1820681,0.00006123,42.00000000,0
1531215523562,1531215523545,1820682,0.00006126,34.00000000,0
1531215523562,1531215523545,1820683,0.00006130,443.00000000,0
1531215523562,1531215523545,1820684,0.00006134,372.00000000,0
1531215523562,1531215523545,1820685,0.00006140,338.00000000,0
1531215523562,1531215523545,1820686,0.00006141,25.00000000,0
1531215523562,1531215523545,1820687,0.00006147,237.00000000,0
1531215523562,1531215523545,1820688,0.00006149,435.00000000,0
1531215523562,1531215523545,1820689,0.00006150,221.00000000,0
1531215523562,1531215523545,1820690,0.00006152,255.00000000,0
1531215523562,1531215523545,1820691,0.00006158,800.00000000,0
1531215523562,1531215523545,1820692,0.00006159,605.00000000,0
1531215523562,1531215523545,1820693,0.00006172,20.00000000,0
1531215523562,1531215523545,1820694,0.00006173,236.00000000,0
1531215523562,1531215523545,1820695,0.00006174,100.00000000,0
1531215523562,1531215523545,1820696,0.00006179,49.00000000,0
1531215523562,1531215523545,1820697,0.00006183,74.00000000,0
1531215523562,1531215523545,1820698,0.00006189,1040.00000000,0
1531215523562,1531215523545,1820699,0.00006192,2799.00000000,0
1531215523562,1531215523545,1820700,0.00006193,446.00000000,0
1531215523562,1531215523545,1820701,0.00006194,50.00000000,0
1531215523562,1531215523545,1820702,0.00006196,500.00000000,0
1531215523562,1531215523545,1820703,0.00006199,1567.00000000,0
1531215523562,1531215523545,1820704,0.00006200,10660.00000000,0
1531215523562,1531215523545,1820705,0.00006209,17.00000000,0
1531215523562,1531215523545,1820706,0.00006212,65.00000000,0
1531215523562,1531215523545,1820707,0.00006219,161.00000000,0
1531215523562,1531215523545,1820708,0.00006220,74.00000000,0
1531215523562,1531215523545,1820709,0.00006222,4156.00000000,0
1531215523562,1531215523545,1820710,0.00006225,33.00000000,0
1531215523562,1531215523545,1820711,0.00006227,261.00000000,0
1531215523562,1531215523545,1820712,0.00006230,343.00000000,0
1531215523562,1531215523545,1820713,0.00006238,1985.00000000,0
1531215523719,1531215523715,1820714,0.00006238,92.00000000,0
1531215523722,1531215523718,1820715,0.00006134,81.00000000,1
1531215523739,1531215523734,1820716,0.00006109,81.00000000,1
1531215523766,1531215523761,1820717,0.00006238,24.00000000,0
1531215523897,1531215523893,1820718,0.00006116,29.00000000,1
1531215523899,1531215523895,1820719,0.00006116,19.00000000,1
1531215523991,1531215523985,1820720,0.00006116,33.00000000,1
1531215524274,1531215524270,1820721,0.00006115,100.00000000,1
1531215524405,1531215524401,1820722,0.00006116,790.00000000,1
1531215524518,1531215524514,1820723,0.00006116,33.00000000,1
1531215524888,1531215524885,1820724,0.00006153,98.00000000,1
1531215524962,1531215524958,1820725,0.00006121,72.00000000,1
1531215524962,1531215524958,1820726,0.00006117,98.00000000,1
1531215525127,1531215525123,1820727,0.00006153,78.00000000,0
1531215525153,1531215525150,1820728,0.00006117,95.00000000,1
1531215525499,1531215525492,1820729,0.00006117,380.00000000,1
1531215525499,1531215525492,1820730,0.00006116,55.00000000,1
1531215525499,1531215525492,1820731,0.00006115,391.00000000,1
1531215525499,1531215525492,1820732,0.00006112,530.00000000,1
1531215525499,1531215525492,1820733,0.00006110,294.00000000,1
1531215525499,1531215525492,1820734,0.00006109,622.00000000,1
1531215525564,1531215525558,1820735,0.00006109,192.00000000,1
1531215525564,1531215525558,1820736,0.00006108,200.00000000,1
1531215525564,1531215525558,1820737,0.00006103,135.00000000,1
1531215525564,1531215525558,1820738,0.00006102,818.00000000,1
1531215525900,1531215525896,1820739,0.00006152,32.00000000,1
1531215525900,1531215525896,1820740,0.00006110,92.00000000,1
1531215525900,1531215525896,1820741,0.00006100,86.00000000,1
1531215525900,1531215525896,1820742,0.00006096,19.00000000,1
1531215525900,1531215525896,1820743,0.00006094,1516.00000000,1
1531215525990,1531215525986,1820744,0.00006157,80.00000000,1
1531215527175,1531215527170,1820745,0.00006144,98.00000000,1
1531215527175,1531215527170,1820746,0.00006136,2.00000000,1
1531215527254,1531215527249,1820747,0.00006136,22.00000000,1
1531215527254,1531215527249,1820748,0.00006124,97.00000000,1
1531215527258,1531215527254,1820749,0.00006124,2.00000000,0
1531215527258,1531215527254,1820750,0.00006145,19.00000000,0
1531215527258,1531215527254,1820751,0.00006152,11.00000000,0
1531215528345,1531215528340,1820752,0.00006124,122.00000000,0
1531215528902,1531215528897,1820753,0.00006114,74.00000000,1
1531215530551,1531215530545,1820754,0.00006146,100.00000000,0
1531215530551,1531215530545,1820755,0.00006152,21.00000000,0
1531215530836,1531215530830,1820756,0.00006152,26.00000000,1
1531215530836,1531215530830,1820757,0.00006124,24.00000000,1
1531215530836,1531215530830,1820758,0.00006114,7.00000000,1
1531215531113,1531215531110,1820759,0.00006109,266.00000000,0
1531215533201,1531215533197,1820760,0.00006097,16.00000000,1
1531215533266,1531215533261,1820761,0.00006108,359.00000000,0
1531215533282,1531215533278,1820762,0.00006097,1.00000000,1
1531215533282,1531215533278,1820763,0.00006093,64.00000000,1
1531215533868,1531215533863,1820764,0.00006093,3.00000000,1
1531215534001,1531215533998,1820765,0.00006109,5.00000000,1
1531215534264,1531215534260,1820766,0.00006109,3.00000000,1
1531215536637,1531215536632,1820767,0.00006110,165.00000000,1
1531215540832,1531215540829,1820768,0.00006110,6.00000000,1
1531215540844,1531215540841,1820769,0.00006110,4.00000000,1
1531215540955,1531215540948,1820770,0.00006110,4.00000000,1
1531215541126,1531215541123,1820771,0.00006110,3.00000000,1
1531215541388,1531215541384,1820772,0.00006110,4.00000000,1
1531215541454,1531215541450,1820773,0.00006110,3.00000000,1
1531215541471,1531215541466,1820774,0.00006110,3.00000000,1
1531215541647,1531215541643,1820775,0.00006125,110.00000000,0
1531215541648,1531215541643,1820776,0.00006110,2.00000000,1
1531215541858,1531215541853,1820777,0.00006110,2.00000000,1
1531215541927,1531215541922,1820778,0.00006110,5.00000000,1
1531215542153,1531215542149,1820779,0.00006110,6.00000000,1
1531215542205,1531215542200,1820780,0.00006110,4.00000000,1
1531215542218,1531215542215,1820781,0.00006125,286.00000000,0
1531215542259,1531215542254,1820782,0.00006110,3.00000000,1
1531215542282,1531215542277,1820783,0.00006110,7.00000000,1
1531215542537,1531215542533,1820784,0.00006110,7.00000000,1
1531215542562,1531215542558,1820785,0.00006110,2.00000000,1
1531215542787,1531215542783,1820786,0.00006110,3.00000000,1
1531215542840,1531215542836,1820787,0.00006110,2.00000000,1
1531215543054,1531215543050,1820788,0.00006110,4.00000000,1
1531215543137,1531215543134,1820789,0.00006110,4.00000000,1
1531215544988,1531215544985,1820790,0.00006118,95.00000000,0
1531215545963,1531215545957,1820791,0.00006109,901.00000000,1
1531215545963,1531215545957,1820792,0.00006100,50.00000000,1
1531215545963,1531215545957,1820793,0.00006093,1225.00000000,1
1531215545963,1531215545957,1820794,0.00006072,81.00000000,1
1531215545963,1531215545957,1820795,0.00006054,368.00000000,1
1531215546065,1531215546060,1820796,0.00006111,214.00000000,1
1531215546158,1531215546155,1820797,0.00006071,266.00000000,1
1531215546240,1531215546233,1820798,0.00006072,151.00000000,1
1531215548126,1531215548121,1820799,0.00006116,17.00000000,0
1531215548184,1531215548181,1820800,0.00006116,17.00000000,0
1531215548234,1531215548231,1820801,0.00006116,17.00000000,0
1531215548358,1531215548353,1820802,0.00006116,17.00000000,0
1531215548589,1531215548585,1820803,0.00006116,17.00000000,0
1531215548630,1531215548625,1820804,0.00006116,17.00000000,0
1531215549236,1531215549231,1820805,0.00006110,17.00000000,0
1531215549548,1531215549543,1820806,0.00006072,85.00000000,1
1531215549548,1531215549543,1820807,0.00006071,17.00000000,1
1531215549548,1531215549543,1820808,0.00006055,17.00000000,1
1531215549548,1531215549543,1820809,0.00006054,48.00000000,1
1531215554857,1531215554852,1820810,0.00006094,394.00000000,0
1531215554857,1531215554852,1820811,0.00006095,86.00000000,0
1531215554857,1531215554852,1820812,0.00006102,64.00000000,0
1531215554857,1531215554852,1820813,0.00006103,81.00000000,0
1531215554857,1531215554852,1820814,0.00006107,471.00000000,0
1531215555205,1531215555199,1820815,0.00006118,5.00000000,0
1531215555205,1531215555199,1820816,0.00006120,81.00000000,0
1531215555205,1531215555199,1820817,0.00006127,158.00000000,0
1531215555205,1531215555199,1820818,0.00006138,34.00000000,0
1531215555205,1531215555199,1820819,0.00006140,34.00000000,0
1531215555205,1531215555199,1820820,0.00006146,17.00000000,0
1531215555205,1531215555199,1820821,0.00006151,155.00000000,0
1531215556811,1531215556806,1820822,0.00006109,1.00000000,1
1531215565608,1531215565604,1820823,0.00006129,605.00000000,0
1531215566740,1531215566736,1820824,0.00006113,100.00000000,1
1531215566740,1531215566736,1820825,0.00006108,188.00000000,1
1531215567749,1531215567744,1820826,0.00006108,12.00000000,1
1531215567749,1531215567744,1820827,0.00006107,5.00000000,1
1531215569108,1531215569104,1820828,0.00006120,17.00000000,0
1531215569273,1531215569268,1820829,0.00006120,17.00000000,0
1531215569823,1531215569819,1820830,0.00006120,17.00000000,0
1531215570122,1531215570119,1820831,0.00006120,249.00000000,0
1531215578093,1531215578090,1820832,0.00006123,122.00000000,1
1531215578445,1531215578442,1820833,0.00006129,213.00000000,0
1531215579898,1531215579895,1820834,0.00006129,375.00000000,1
1531215580436,1531215580432,1820835,0.00006139,187.00000000,0
1531215581806,1531215581803,1820836,0.00006129,59.00000000,1
1531215587691,1531215587687,1820837,0.00006129,648.00000000,1
1531215587691,1531215587687,1820838,0.00006123,458.00000000,1
1531215587691,1531215587687,1820839,0.00006113,518.00000000,1
1531215588485,1531215588482,1820840,0.00006139,691.00000000,0
1531215590677,1531215590674,1820841,0.00006140,29.00000000,0
1531215591102,1531215591098,1820842,0.00006140,100.00000000,0
1531215591193,1531215591189,1820843,0.00006140,114.00000000,0
1531215591276,1531215591259,1820844,0.00006139,200.00000000,1
1531215592042,1531215592038,1820845,0.00006142,34.00000000,0
1531215592042,1531215592038,1820846,0.00006147,34.00000000,0
1531215592042,1531215592038,1820847,0.00006150,17.00000000,0
1531215597709,1531215597705,1820848,0.00006155,15.00000000,1
1531215597709,1531215597705,1820849,0.00006140,100.00000000,1
1531215597709,1531215597705,1820850,0.00006130,17.00000000,1
1531215598208,1531215598204,1820851,0.00006131,17.00000000,1
1531215598837,1531215598832,1820852,0.00006131,119.00000000,1
1531215598837,1531215598832,1820853,0.00006130,17.00000000,1
1531215598837,1531215598832,1820854,0.00006115,45.00000000,1
1531215598837,1531215598832,1820855,0.00006113,30.00000000,1
1531215600884,1531215600881,1820856,0.00006113,91.00000000,1
1531215602174,1531215602169,1820857,0.00006106,1022.00000000,1
1531215603895,1531215603890,1820858,0.00006131,20.00000000,0
1531215606227,1531215606223,1820859,0.00006131,116.00000000,0
1531215607897,1531215607894,1820860,0.00006154,4.00000000,0
1531215608268,1531215608264,1820861,0.00006131,50.00000000,1
1531215610970,1531215610965,1820862,0.00006119,91.00000000,0
1531215612388,1531215612383,1820863,0.00006148,119.00000000,0
1531215612736,1531215612731,1820864,0.00006148,74.00000000,0
1531215612736,1531215612731,1820865,0.00006155,171.00000000,0
1531215614930,1531215614926,1820866,0.00006155,1250.00000000,0
1531215614930,1531215614926,1820867,0.00006157,17.00000000,0
1531215614930,1531215614926,1820868,0.00006158,200.00000000,0
1531215614930,1531215614926,1820869,0.00006168,586.00000000,0
1531215616344,1531215616339,1820870,0.00006155,72.00000000,1
1531215616351,1531215616346,1820871,0.00006155,113.00000000,1
1531215617014,1531215617009,1820872,0.00006155,96.00000000,1
1531215618017,1531215618013,1820873,0.00006155,1030.00000000,1
1531215618192,1531215618188,1820874,0.00006168,90.00000000,0
1531215618192,1531215618188,1820875,0.00006170,132.00000000,0
1531215618346,1531215618343,1820876,0.00006170,700.00000000,0
1531215619088,1531215619084,1820877,0.00006156,325.00000000,1
1531215619723,1531215619718,1820878,0.00006156,96.00000000,1
1531215619723,1531215619718,1820879,0.00006155,1471.00000000,1
1531215620317,1531215620312,1820880,0.00006168,100.00000000,0
1531215620332,1531215620329,1820881,0.00006168,807.00000000,0
1531215620408,1531215620404,1820882,0.00006155,438.00000000,1
1531215621109,1531215621105,1820883,0.00006155,50.00000000,1
1531215621806,1531215621801,1820884,0.00006168,108.00000000,0
1531215621806,1531215621801,1820885,0.00006170,30.00000000,0
1531215621806,1531215621801,1820886,0.00006171,143.00000000,0
1531215622059,1531215622054,1820887,0.00006171,269.00000000,0
1531215622059,1531215622054,1820888,0.00006173,17.00000000,0
1531215622059,1531215622054,1820889,0.00006174,921.00000000,0
1531215622059,1531215622054,1820890,0.00006175,214.00000000,0
1531215624609,1531215624604,1820891,0.00006161,17.00000000,0
1531215624609,1531215624604,1820892,0.00006175,299.00000000,0
1531215625502,1531215625499,1820893,0.00006161,32.00000000,1
1531215625502,1531215625499,1820894,0.00006155,115.00000000,1
1531215628108,1531215628104,1820895,0.00006174,216.00000000,1
1531215629595,1531215629590,1820896,0.00006155,165.00000000,1
1531215630262,1531215630257,1820897,0.00006175,17.00000000,0
1531215630314,1531215630310,1820898,0.00006158,17.00000000,1
1531215630802,1531215630798,1820899,0.00006158,884.00000000,1
1531215630802,1531215630798,1820900,0.00006155,10363.00000000,1
1531215632130,1531215632126,1820901,0.00006155,691.00000000,1
1531215634643,1531215634638,1820902,0.00006176,35.00000000,0
1531215634643,1531215634638,1820903,0.00006177,92.00000000,0
1531215634643,1531215634638,1820904,0.00006183,81.00000000,0
1531215634643,1531215634638,1820905,0.00006185,2343.00000000,0
1531215636333,1531215636330,1820906,0.00006155,39.00000000,1
1531215637043,1531215637039,1820907,0.00006178,291.00000000,0
1531215638131,1531215638127,1820908,0.00006178,610.00000000,0
1531215638131,1531215638127,1820909,0.00006180,16.00000000,0
1531215639033,1531215639029,1820910,0.00006180,84.00000000,0
1531215639033,1531215639029,1820911,0.00006185,520.00000000,0
1531215640044,1531215640041,1820912,0.00006179,157.00000000,0
1531215642354,1531215642349,1820913,0.00006179,39.00000000,0
1531215642978,1531215642974,1820914,0.00006178,145.00000000,1
1531215644872,1531215644869,1820915,0.00006179,14.00000000,0
1531215644974,1531215644970,1820916,0.00006178,29.00000000,1
1531215646154,1531215646151,1820917,0.00006178,2.00000000,1
1531215648490,1531215648488,1820918,0.00006178,24.00000000,1
1531215649436,1531215649433,1820919,0.00006179,17.00000000,0
1531215649901,1531215649896,1820920,0.00006178,174.00000000,1
1531215649901,1531215649896,1820921,0.00006155,4826.00000000,1
1531215650173,1531215650169,1820922,0.00006179,17.00000000,0
1531215650216,1531215650212,1820923,0.00006179,17.00000000,0
1531215651184,1531215651180,1820924,0.00006155,269.00000000,1
1531215652514,1531215652510,1820925,0.00006155,253.00000000,1
1531215653369,1531215653366,1820926,0.00006155,380.00000000,1
1531215655340,1531215655336,1820927,0.00006155,92.00000000,1
1531215657644,1531215657641,1820928,0.00006155,20.00000000,1
1531215658441,1531215658438,1820929,0.00006155,216.00000000,1
1531215661966,1531215661961,1820930,0.00006172,29.00000000,0
1531215668191,1531215668186,1820931,0.00006163,290.00000000,0
1531215669042,1531215669039,1820932,0.00006171,40.00000000,0
1531215670694,1531215670690,1820933,0.00006172,98.00000000,1
1531215673808,1531215673804,1820934,0.00006178,176.00000000,0
1531215681620,1531215681616,1820935,0.00006178,203.00000000,0
1531215681665,1531215681660,1820936,0.00006173,245.00000000,1
1531215681695,1531215681691,1820937,0.00006172,90.00000000,1
1531215681701,1531215681697,1820938,0.00006172,390.00000000,1
1531215681751,1531215681748,1820939,0.00006172,5172.00000000,1
1531215682175,1531215682172,1820940,0.00006171,480.00000000,0
1531215682349,1531215682346,1820941,0.00006178,176.00000000,0
1531215683986,1531215683982,1820942,0.00006155,114.00000000,1
1531215684319,1531215684315,1820943,0.00006178,410.00000000,0
1531215685837,1531215685834,1820944,0.00006178,50.00000000,0
1531215685885,1531215685881,1820945,0.00006178,12.00000000,1
1531215687260,1531215687254,1820946,0.00006171,33.00000000,1
1531215687260,1531215687254,1820947,0.00006155,210.00000000,1
1531215689475,1531215689471,1820948,0.00006184,99.00000000,0
1531215692884,1531215692879,1820949,0.00006171,40.00000000,1
1531215692982,1531215692977,1820950,0.00006171,170.00000000,1
1531215692982,1531215692977,1820951,0.00006155,422.00000000,1
1531215692982,1531215692977,1820952,0.00006133,51.00000000,1
1531215692982,1531215692977,1820953,0.00006131,95.00000000,1
1531215692982,1531215692977,1820954,0.00006119,91.00000000,1
1531215692982,1531215692977,1820955,0.00006106,124.00000000,1
1531215692982,1531215692977,1820956,0.00006102,99.00000000,1
1531215692982,1531215692977,1820957,0.00006101,17.00000000,1
1531215692982,1531215692977,1820958,0.00006100,3931.00000000,1
1531215692996,1531215692993,1820959,0.00006121,344.00000000,0
1531215693051,1531215693047,1820960,0.00006102,176.00000000,1
1531215693051,1531215693047,1820961,0.00006100,168.00000000,1
1531215695212,1531215695206,1820962,0.00006171,100.00000000,0
1531215695212,1531215695206,1820963,0.00006174,97.00000000,0
1531215695302,1531215695298,1820964,0.00006174,41.00000000,0
1531215695302,1531215695298,1820965,0.00006177,135.00000000,0
1531215696280,1531215696276,1820966,0.00006172,228.00000000,1
1531215698577,1531215698572,1820967,0.00006112,590.00000000,1
1531215698577,1531215698572,1820968,0.00006106,134.00000000,1
1531215699404,1531215699401,1820969,0.00006100,168.00000000,1
1531215699714,1531215699710,1820970,0.00006100,166.00000000,1
1531215700189,1531215700186,1820971,0.00006183,590.00000000,0
1531215700189,1531215700186,1820972,0.00006184,187.00000000,0
1531215700207,1531215700203,1820973,0.00006184,171.00000000,1
1531215700241,1531215700238,1820974,0.00006101,168.00000000,1
1531215700394,1531215700390,1820975,0.00006102,166.00000000,1
1531215700429,1531215700425,1820976,0.00006107,24.00000000,1
1531215700429,1531215700425,1820977,0.00006102,142.00000000,1
1531215700960,1531215700957,1820978,0.00006102,167.00000000,1
1531215701349,1531215701346,1820979,0.00006102,166.00000000,1
1531215703434,1531215703429,1820980,0.00006162,10.00000000,0
1531215703820,1531215703816,1820981,0.00006104,696.00000000,1
1531215705009,1531215705006,1820982,0.00006131,82.00000000,0
1531215707044,1531215707041,1820983,0.00006130,54.00000000,0
1531215710105,1531215710100,1820984,0.00006129,416.00000000,0
1531215710505,1531215710501,1820985,0.00006129,17.00000000,0
1531215716785,1531215716782,1820986,0.00006117,40.00000000,0
1531215721788,1531215721784,1820987,0.00006112,17.00000000,1
1531215724014,1531215724011,1820988,0.00006110,65.00000000,0
1531215724787,1531215724784,1820989,0.00006110,47.00000000,0
1531215725110,1531215725106,1820990,0.00006103,232.00000000,1
1531215727512,1531215727507,1820991,0.00006101,134.00000000,1
1531215733921,1531215733917,1820992,0.00006101,745.00000000,1
1531215734682,1531215734677,1820993,0.00006100,4354.00000000,1
1531215734837,1531215734833,1820994,0.00006099,100.00000000,0
1531215735454,1531215735450,1820995,0.00006099,162.00000000,0
1531215736187,1531215736184,1820996,0.00006098,118.00000000,0
1531215736187,1531215736184,1820997,0.00006099,58.00000000,0
1531215736888,1531215736885,1820998,0.00006099,3989.00000000,0
1531215736888,1531215736885,1820999,0.00006101,190.00000000,0
1531215737171,1531215737168,1821000,0.00006101,117.00000000,1
1531215738762,1531215738758,1821001,0.00006101,100.00000000,1
1531215741922,1531215741919,1821002,0.00006101,159.00000000,1
1531215751580,1531215751576,1821003,0.00006102,17.00000000,0
1531215753898,1531215753893,1821004,0.00006102,502.00000000,0
1531215788277,1531215788272,1821005,0.00006102,1462.00000000,1
1531215788277,1531215788272,1821006,0.00006101,144.00000000,1
1531215841727,1531215841724,1821007,0.00006107,90.00000000,1
1531215844893,1531215844889,1821008,0.00006107,32.00000000,0
1531215845085,1531215845081,1821009,0.00006107,236.00000000,0
1531215845756,1531215845752,1821010,0.00006107,49.00000000,0
1531215845756,1531215845752,1821011,0.00006111,7.00000000,0
1531215845756,1531215845752,1821012,0.00006134,67.00000000,0
1531215845756,1531215845752,1821013,0.00006162,3.00000000,0
1531215855555,1531215855548,1821014,0.00006156,99.00000000,0
1531215855555,1531215855548,1821015,0.00006159,100.00000000,0
1531215855555,1531215855548,1821016,0.00006162,37.00000000,0
1531215855555,1531215855548,1821017,0.00006166,24.00000000,0
1531215855555,1531215855548,1821018,0.00006169,34.00000000,0
1531215855555,1531215855548,1821019,0.00006171,245.00000000,0
1531215855555,1531215855548,1821020,0.00006172,17.00000000,0
1531215855555,1531215855548,1821021,0.00006173,34.00000000,0
1531215855555,1531215855548,1821022,0.00006178,68.00000000,0
1531215855555,1531215855548,1821023,0.00006184,607.00000000,0
1531215855555,1531215855548,1821024,0.00006185,414.00000000,0
1531215873206,1531215873202,1821025,0.00006185,17.00000000,0
1531215892221,1531215892217,1821026,0.00006182,17.00000000,0
1531215892438,1531215892433,1821027,0.00006182,17.00000000,0
1531215892505,1531215892499,1821028,0.00006182,17.00000000,0
1531215892839,1531215892835,1821029,0.00006182,17.00000000,0
1531215892996,1531215892990,1821030,0.00006182,17.00000000,0
1531215895666,1531215895663,1821031,0.00006142,4.00000000,1
1531215897144,1531215897141,1821032,0.00006182,458.00000000,0
1531215897144,1531215897141,1821033,0.00006185,705.00000000,0
1531215901930,1531215901924,1821034,0.00006143,58.00000000,1
1531215901930,1531215901924,1821035,0.00006142,13.00000000,1
1531215901930,1531215901924,1821036,0.00006136,34.00000000,1
1531215909305,1531215909302,1821037,0.00006129,17.00000000,0
1531215926727,1531215926722,1821038,0.00006129,111.00000000,0
1531215936710,1531215936705,1821039,0.00006129,18.00000000,0
1531215942141,1531215942137,1821040,0.00006129,38.00000000,0
1531215944730,1531215944725,1821041,0.00006124,17.00000000,1
1531215944730,1531215944725,1821042,0.00006116,101.00000000,1
1531215944730,1531215944725,1821043,0.00006108,17.00000000,1
1531215944730,1531215944725,1821044,0.00006107,31.00000000,1
1531215949984,1531215949980,1821045,0.00006107,1.00000000,1
1531215949984,1531215949980,1821046,0.00006106,95.00000000,1
1531215949984,1531215949980,1821047,0.00006105,133.00000000,1
1531215969974,1531215969969,1821048,0.00006105,4.00000000,1
1531215972666,1531215972662,1821049,0.00006128,26.00000000,0
1531215987914,1531215987910,1821050,0.00006105,6.00000000,1
1531215991569,1531215991566,1821051,0.00006105,400.00000000,1
1531216023429,1531216023426,1821052,0.00006128,427.00000000,0
1531216024510,1531216024505,1821053,0.00006106,108.00000000,1
1531216024510,1531216024505,1821054,0.00006105,1120.00000000,1
1531216026098,1531216026095,1821055,0.00006105,4048.00000000,1
1531216027925,1531216027920,1821056,0.00006104,30.00000000,1
1531216033715,1531216033711,1821057,0.00006105,17.00000000,0
1531216035699,1531216035695,1821058,0.00006105,168.00000000,0
1531216064734,1531216064730,1821059,0.00006105,17.00000000,1
1531216064734,1531216064730,1821060,0.00006101,21.00000000,1
1531216083298,1531216083294,1821061,0.00006101,397.00000000,1
1531216088074,1531216088071,1821062,0.00006101,600.00000000,1
1531216116467,1531216116463,1821063,0.00006126,41.00000000,0
1531216121930,1531216121925,1821064,0.00006101,391.00000000,1
1531216143329,1531216143324,1821065,0.00006111,108.00000000,0
1531216143329,1531216143324,1821066,0.00006112,38.00000000,0
1531216143329,1531216143324,1821067,0.00006120,3121.00000000,0
1531216144318,1531216144315,1821068,0.00006101,391.00000000,1
1531216166332,1531216166328,1821069,0.00006111,23.00000000,1
1531216167456,1531216167450,1821070,0.00006111,45.00000000,1
1531216167456,1531216167450,1821071,0.00006102,309.00000000,1
1531216167456,1531216167450,1821072,0.00006101,1752.00000000,1
1531216173322,1531216173317,1821073,0.00006120,27.00000000,0
1531216183614,1531216183611,1821074,0.00006102,105.00000000,1
1531216183614,1531216183611,1821075,0.00006101,81.00000000,1
1531216216109,1531216216104,1821076,0.00006102,66.00000000,1
1531216233384,1531216233381,1821077,0.00006119,105.00000000,0
1531216250079,1531216250076,1821078,0.00006102,25.00000000,1
1531216254329,1531216254324,1821079,0.00006105,84.00000000,1
1531216279881,1531216279874,1821080,0.00006120,24.00000000,0
1531216288579,1531216288573,1821081,0.00006120,28.00000000,0
1531216292308,1531216292303,1821082,0.00006120,151.00000000,0
1531216311415,1531216311411,1821083,0.00006105,1.00000000,1
1531216332743,1531216332739,1821084,0.00006111,95.00000000,0
1531216341030,1531216341027,1821085,0.00006105,1.00000000,1
1531216355527,1531216355523,1821086,0.00006105,200.00000000,1
1531216355527,1531216355523,1821087,0.00006101,669.00000000,1
1531216373441,1531216373436,1821088,0.00006101,20.00000000,1
1531216374825,1531216374819,1821089,0.00006102,104.00000000,1
1531216374825,1531216374819,1821090,0.00006101,905.00000000,1
1531216375316,1531216375312,1821091,0.00006101,790.00000000,1
1531216385353,1531216385348,1821092,0.00006100,3.00000000,1
1531216393356,1531216393351,1821093,0.00006100,77.00000000,1
1531216393476,1531216393473,1821094,0.00006100,78.00000000,1
1531216393545,1531216393541,1821095,0.00006100,36.00000000,1
1531216395990,1531216395986,1821096,0.00006100,186.00000000,1
1531216397271,1531216397265,1821097,0.00006100,123.00000000,1
1531216397867,1531216397864,1821098,0.00006100,44.00000000,1
1531216406812,1531216406808,1821099,0.00006087,1.00000000,1
1531216413265,1531216413248,1821100,0.00006087,16.00000000,1
1531216413265,1531216413248,1821101,0.00006084,17.00000000,1
1531216413265,1531216413248,1821102,0.00006078,51.00000000,1
1531216413265,1531216413248,1821103,0.00006077,34.00000000,1
1531216413265,1531216413248,1821104,0.00006060,17.00000000,1
1531216413265,1531216413248,1821105,0.00006059,175.00000000,1
1531216413265,1531216413248,1821106,0.00006050,324.00000000,1
1531216413265,1531216413248,1821107,0.00006048,1047.00000000,1
1531216413265,1531216413248,1821108,0.00006046,77.00000000,1
1531216413265,1531216413248,1821109,0.00006042,33.00000000,1
1531216413265,1531216413248,1821110,0.00006040,290.00000000,1
1531216413265,1531216413248,1821111,0.00006038,99.00000000,1
1531216413265,1531216413248,1821112,0.00006036,62.00000000,1
1531216413265,1531216413248,1821113,0.00006032,102.00000000,1
1531216413265,1531216413248,1821114,0.00006031,124.00000000,1
1531216413265,1531216413248,1821115,0.00006030,151.00000000,1
1531216413265,1531216413248,1821116,0.00006029,165.00000000,1
1531216413265,1531216413248,1821117,0.00006028,1106.00000000,1
1531216413265,1531216413248,1821118,0.00006027,165.00000000,1
1531216413265,1531216413248,1821119,0.00006025,259.00000000,1
1531216413265,1531216413248,1821120,0.00006024,134.00000000,1
1531216413265,1531216413248,1821121,0.00006023,24.00000000,1
1531216413265,1531216413248,1821122,0.00006022,981.00000000,1
1531216413265,1531216413248,1821123,0.00006019,337.00000000,1
1531216415198,1531216415194,1821124,0.00006046,56.00000000,0
1531216415447,1531216415442,1821125,0.00006046,56.00000000,0
1531216417514,1531216417511,1821126,0.00006028,80.00000000,0
1531216417691,1531216417686,1821127,0.00006046,100.00000000,0
1531216418617,1531216418613,1821128,0.00006028,80.00000000,1
1531216419560,1531216419555,1821129,0.00006012,34.00000000,1
1531216419560,1531216419555,1821130,0.00006008,19.00000000,1
1531216419560,1531216419555,1821131,0.00006006,14.00000000,1
1531216420240,1531216420233,1821132,0.00006008,586.00000000,1
1531216420240,1531216420233,1821133,0.00006007,93.00000000,1
1531216420240,1531216420233,1821134,0.00006006,3.00000000,1
1531216420240,1531216420233,1821135,0.00006005,10.00000000,1
1531216426982,1531216426977,1821136,0.00006019,31.00000000,1
1531216426982,1531216426977,1821137,0.00006008,232.00000000,1
1531216426982,1531216426977,1821138,0.00006005,1665.00000000,1
1531216429816,1531216429812,1821139,0.00006008,67.00000000,1
1531216436534,1531216436530,1821140,0.00006024,77.00000000,0
1531216438528,1531216438523,1821141,0.00006024,138.00000000,0
1531216439045,1531216439041,1821142,0.00006019,12.00000000,1
1531216440057,1531216440053,1821143,0.00006023,47.00000000,0
1531216440393,1531216440390,1821144,0.00006019,5.00000000,1
1531216440605,1531216440599,1821145,0.00006006,34.00000000,1
1531216440605,1531216440599,1821146,0.00006005,522.00000000,1
1531216440605,1531216440599,1821147,0.00006001,83.00000000,1
1531216440605,1531216440599,1821148,0.00006000,161.00000000,1
1531216448920,1531216448914,1821149,0.00006000,618.00000000,1
1531216448920,1531216448914,1821150,0.00005999,200.00000000,1
1531216448920,1531216448914,1821151,0.00005994,17.00000000,1
1531216448920,1531216448914,1821152,0.00005991,35.00000000,1
1531216448920,1531216448914,1821153,0.00005986,283.00000000,1
1531216448920,1531216448914,1821154,0.00005979,318.00000000,1
1531216448920,1531216448914,1821155,0.00005975,16.00000000,1
1531216453195,1531216453192,1821156,0.00005980,108.00000000,1
1531216453630,1531216453625,1821157,0.00005981,29.00000000,0
1531216453630,1531216453625,1821158,0.00005993,77.00000000,0
1531216454067,1531216454062,1821159,0.00005999,77.00000000,0
1531216454067,1531216454062,1821160,0.00006037,23.00000000,0
1531216455398,1531216455394,1821161,0.00005980,215.00000000,1
1531216457700,1531216457695,1821162,0.00005980,10.00000000,1
1531216457700,1531216457695,1821163,0.00005979,22.00000000,1
1531216457700,1531216457695,1821164,0.00005975,3.00000000,1
1531216457700,1531216457695,1821165,0.00005973,25.00000000,1
1531216457700,1531216457695,1821166,0.00005971,22.00000000,1
1531216460763,1531216460759,1821167,0.00005979,23.00000000,0
1531216463623,1531216463616,1821168,0.00006008,5.00000000,0
1531216465979,1531216465974,1821169,0.00006006,75.00000000,0
1531216473782,1531216473776,1821170,0.00006003,106.00000000,0
1531216475165,1531216475158,1821171,0.00005976,99.00000000,1
1531216475165,1531216475158,1821172,0.00005971,217.00000000,1
1531216475165,1531216475158,1821173,0.00005964,1656.00000000,1
1531216475165,1531216475158,1821174,0.00005956,52.00000000,1
1531216475165,1531216475158,1821175,0.00005954,508.00000000,1
1531216475165,1531216475158,1821176,0.00005950,50.00000000,1
1531216475165,1531216475158,1821177,0.00005948,34.00000000,1
1531216475165,1531216475158,1821178,0.00005947,525.00000000,1
1531216475165,1531216475158,1821179,0.00005946,75.00000000,1
1531216475165,1531216475158,1821180,0.00005934,171.00000000,1
1531216475857,1531216475853,1821181,0.00005976,62.00000000,0
1531216476338,1531216476334,1821182,0.00005976,13.00000000,0
1531216476338,1531216476334,1821183,0.00005991,66.00000000,0
1531216476695,1531216476692,1821184,0.00005977,103.00000000,0
1531216476857,1531216476852,1821185,0.00005979,24.00000000,0
1531216476857,1531216476852,1821186,0.00005991,11.00000000,0
1531216477101,1531216477097,1821187,0.00005977,69.00000000,1
1531216477122,1531216477118,1821188,0.00005977,10.00000000,1
1531216477223,1531216477218,1821189,0.00005971,62.00000000,0
1531216477630,1531216477625,1821190,0.00005971,22.00000000,0
1531216478604,1531216478599,1821191,0.00005959,79.00000000,0
1531216478705,1531216478701,1821192,0.00005959,19.00000000,0
1531216479068,1531216479063,1821193,0.00005958,26.00000000,0
1531216479068,1531216479063,1821194,0.00005970,19.00000000,0
1531216479068,1531216479063,1821195,0.00005971,71.00000000,0
1531216479215,1531216479211,1821196,0.00005972,22.00000000,1
1531216479215,1531216479211,1821197,0.00005971,6.00000000,1
1531216479249,1531216479243,1821198,0.00005953,289.00000000,0
1531216479687,1531216479683,1821199,0.00005953,167.00000000,0
1531216479923,1531216479919,1821200,0.00005953,115.00000000,0
1531216484329,1531216484324,1821201,0.00005944,51.00000000,1
1531216486554,1531216486548,1821202,0.00005947,67.00000000,0
1531216487620,1531216487616,1821203,0.00005953,16.00000000,0
1531216488176,1531216488172,1821204,0.00005974,36.00000000,0
1531216498530,1531216498525,1821205,0.00005974,12.00000000,0
1531216499550,1531216499545,1821206,0.00005971,103.00000000,0
1531216499628,1531216499623,1821207,0.00005971,19.00000000,0
1531216499628,1531216499623,1821208,0.00005974,3.00000000,0
1531216499628,1531216499623,1821209,0.00006006,40.00000000,0
1531216499686,1531216499681,1821210,0.00006006,40.00000000,1
1531216506381,1531216506378,1821211,0.00006006,121.00000000,1
1531216507286,1531216507281,1821212,0.00006006,425.00000000,1
1531216519654,1531216519649,1821213,0.00006006,200.00000000,1
1531216520983,1531216520979,1821214,0.00006007,32.00000000,0
1531216522542,1531216522538,1821215,0.00006007,70.00000000,1
1531216522542,1531216522538,1821216,0.00006006,747.00000000,1
1531216524554,1531216524550,1821217,0.00005989,89.00000000,0
1531216538623,1531216538619,1821218,0.00005978,17.00000000,1
1531216541926,1531216541889,1821219,0.00005978,40.00000000,1
1531216541926,1531216541889,1821220,0.00005977,96.00000000,1
1531216541926,1531216541889,1821221,0.00005970,51.00000000,1
1531216541926,1531216541889,1821222,0.00005947,177.00000000,1
1531216541926,1531216541889,1821223,0.00005945,17.00000000,1
1531216541926,1531216541889,1821224,0.00005937,34.00000000,1
1531216541926,1531216541889,1821225,0.00005934,651.00000000,1
1531216541926,1531216541889,1821226,0.00005929,265.00000000,1
1531216541926,1531216541889,1821227,0.00005924,103.00000000,1
1531216541926,1531216541889,1821228,0.00005921,17.00000000,1
1531216541926,1531216541889,1821229,0.00005916,2614.00000000,1
1531216541926,1531216541889,1821230,0.00005915,51.00000000,1
1531216541926,1531216541889,1821231,0.00005914,104.00000000,1
1531216541926,1531216541889,1821232,0.00005910,19.00000000,1
1531216541926,1531216541889,1821233,0.00005907,17.00000000,1
1531216541926,1531216541889,1821234,0.00005906,800.00000000,1
1531216541926,1531216541889,1821235,0.00005905,1220.00000000,1
1531216541926,1531216541889,1821236,0.00005904,100.00000000,1
1531216541926,1531216541889,1821237,0.00005903,79.00000000,1
1531216541926,1531216541889,1821238,0.00005901,78.00000000,1
1531216541926,1531216541889,1821239,0.00005900,203.00000000,1
1531216541926,1531216541889,1821240,0.00005899,151.00000000,1
1531216541926,1531216541889,1821241,0.00005896,983.00000000,1
1531216541926,1531216541889,1821242,0.00005895,774.00000000,1
1531216541926,1531216541889,1821243,0.00005885,853.00000000,1
1531216541926,1531216541889,1821244,0.00005883,104.00000000,1
1531216541926,1531216541889,1821245,0.00005881,101.00000000,1
1531216541926,1531216541889,1821246,0.00005880,42.00000000,1
1531216541926,1531216541889,1821247,0.00005877,262.00000000,1
1531216541926,1531216541889,1821248,0.00005875,1127.00000000,1
1531216541926,1531216541889,1821249,0.00005874,105.00000000,1
1531216541926,1531216541889,1821250,0.00005873,72.00000000,1
1531216541926,1531216541889,1821251,0.00005872,145.00000000,1
1531216541926,1531216541889,1821252,0.00005871,909.00000000,1
1531216541926,1531216541889,1821253,0.00005869,71.00000000,1
1531216541926,1531216541889,1821254,0.00005867,7489.00000000,1
1531216541926,1531216541889,1821255,0.00005866,305.00000000,1
1531216541926,1531216541889,1821256,0.00005865,101.00000000,1
1531216541926,1531216541889,1821257,0.00005864,243.00000000,1
1531216541926,1531216541889,1821258,0.00005861,79.00000000,1
1531216541926,1531216541889,1821259,0.00005859,31.00000000,1
1531216541926,1531216541889,1821260,0.00005858,193.00000000,1
1531216541926,1531216541889,1821261,0.00005857,100.00000000,1
1531216541926,1531216541889,1821262,0.00005856,398.00000000,1
1531216541926,1531216541889,1821263,0.00005855,828.00000000,1
1531216541926,1531216541889,1821264,0.00005853,403.00000000,1
1531216541926,1531216541889,1821265,0.00005851,59.00000000,1
1531216541926,1531216541889,1821266,0.00005850,1050.00000000,1
1531216541926,1531216541889,1821267,0.00005849,42.00000000,1
1531216541926,1531216541889,1821268,0.00005848,205.00000000,1
1531216541926,1531216541889,1821269,0.00005847,423.00000000,1
1531216541926,1531216541889,1821270,0.00005846,169.00000000,1
1531216541926,1531216541889,1821271,0.00005845,67.00000000,1
1531216541926,1531216541889,1821272,0.00005844,529.00000000,1
1531216541926,1531216541889,1821273,0.00005843,136.00000000,1
1531216541926,1531216541889,1821274,0.00005840,124.00000000,1
1531216541926,1531216541889,1821275,0.00005839,351.00000000,1
1531216541926,1531216541889,1821276,0.00005838,144.00000000,1
1531216541926,1531216541889,1821277,0.00005835,1199.00000000,1
1531216541926,1531216541889,1821278,0.00005834,100.00000000,1
1531216541926,1531216541889,1821279,0.00005832,206.00000000,1
1531216541926,1531216541889,1821280,0.00005830,20.00000000,1
1531216541926,1531216541889,1821281,0.00005829,118.00000000,1
1531216541926,1531216541889,1821282,0.00005827,42.00000000,1
1531216541926,1531216541889,1821283,0.00005825,41.00000000,1
1531216541926,1531216541889,1821284,0.00005824,102.00000000,1
1531216541926,1531216541889,1821285,0.00005822,23.00000000,1
1531216541926,1531216541889,1821286,0.00005821,8245.00000000,1
1531216541952,1531216541948,1821287,0.00005830,2361.00000000,0
1531216541952,1531216541948,1821288,0.00005830,2001.00000000,0
1531216541980,1531216541972,1821289,0.00005822,85.00000000,1
1531216541980,1531216541972,1821290,0.00005821,832.00000000,1
1531216541980,1531216541972,1821291,0.00005819,172.00000000,1
1531216541980,1531216541972,1821292,0.00005817,394.00000000,1
1531216541980,1531216541972,1821293,0.00005816,129.00000000,1
1531216541980,1531216541972,1821294,0.00005815,111.00000000,1
1531216541980,1531216541972,1821295,0.00005814,168.00000000,1
1531216541980,1531216541972,1821296,0.00005812,72.00000000,1
1531216541980,1531216541972,1821297,0.00005811,38.00000000,1
1531216541983,1531216541979,1821298,0.00005876,354.00000000,0
1531216542011,1531216542006,1821299,0.00005989,10.00000000,0
1531216542011,1531216542006,1821300,0.00006000,115.00000000,0
1531216542011,1531216542006,1821301,0.00006006,111.00000000,0
1531216542011,1531216542007,1821302,0.00005886,85.00000000,1
1531216542254,1531216542250,1821303,0.00005887,84.00000000,1
1531216542254,1531216542250,1821304,0.00005886,27.00000000,1
1531216542488,1531216542484,1821305,0.00005890,54.00000000,0
1531216542606,1531216542601,1821306,0.00005890,50.00000000,1
1531216542634,1531216542630,1821307,0.00005890,105.00000000,1
1531216542656,1531216542651,1821308,0.00005902,54.00000000,0
1531216542657,1531216542653,1821309,0.00005902,54.00000000,0
1531216542724,1531216542720,1821310,0.00005890,77.00000000,1
1531216542725,1531216542720,1821311,0.00005890,170.00000000,1
1531216542734,1531216542729,1821312,0.00005899,170.00000000,0
1531216542751,1531216542747,1821313,0.00005901,50.00000000,0
1531216542844,1531216542838,1821314,0.00005890,52.00000000,1
1531216542860,1531216542856,1821315,0.00005890,88.00000000,1
1531216542860,1531216542856,1821316,0.00005889,81.00000000,1
1531216542872,1531216542868,1821317,0.00005889,35.00000000,1
1531216542872,1531216542868,1821318,0.00005888,15.00000000,1
1531216542877,1531216542872,1821319,0.00005888,173.00000000,1
1531216542877,1531216542872,1821320,0.00005887,125.00000000,1
1531216542907,1531216542903,1821321,0.00005887,105.00000000,1
1531216542919,1531216542913,1821322,0.00005891,31.00000000,0
1531216542919,1531216542913,1821323,0.00005900,125.00000000,0
1531216542940,1531216542935,1821324,0.00005900,405.00000000,0
1531216542962,1531216542958,1821325,0.00005887,103.00000000,1
1531216542966,1531216542962,1821326,0.00005900,228.00000000,0
1531216542972,1531216542968,1821327,0.00005887,103.00000000,1
1531216542992,1531216542989,1821328,0.00005887,23.00000000,1
1531216543024,1531216543021,1821329,0.00005891,104.00000000,0
1531216543053,1531216543049,1821330,0.00005887,72.00000000,1
1531216543053,1531216543049,1821331,0.00005887,50.00000000,1
1531216543070,1531216543065,1821332,0.00005899,38.00000000,0
1531216543070,1531216543065,1821333,0.00005901,46.00000000,0
1531216543070,1531216543065,1821334,0.00005902,421.00000000,0
1531216543116,1531216543112,1821335,0.00005887,99.00000000,1
1531216543182,1531216543178,1821336,0.00005887,105.00000000,1
1531216543183,1531216543179,1821337,0.00005898,102.00000000,0
1531216543184,1531216543179,1821338,0.00005902,193.00000000,0
1531216543184,1531216543179,1821339,0.00005903,13.00000000,0
1531216543188,1531216543185,1821340,0.00005887,846.00000000,1
1531216543287,1531216543283,1821341,0.00005903,50.00000000,0
1531216543313,1531216543307,1821342,0.00005903,537.00000000,0
1531216543325,1531216543320,1821343,0.00005901,84.00000000,1
1531216543325,1531216543320,1821344,0.00005887,16.00000000,1
1531216543351,1531216543346,1821345,0.00005900,1.00000000,0
1531216543399,1531216543394,1821346,0.00005893,25.00000000,0
1531216543422,1531216543418,1821347,0.00005900,74.00000000,0
1531216543485,1531216543480,1821348,0.00005900,30.00000000,0
1531216543485,1531216543480,1821349,0.00005904,157.00000000,0
1531216543530,1531216543527,1821350,0.00005888,41.00000000,1
1531216543569,1531216543566,1821351,0.00005899,50.00000000,0
1531216543584,1531216543581,1821352,0.00005888,50.00000000,1
1531216543590,1531216543582,1821353,0.00005899,66.00000000,0
1531216543590,1531216543582,1821354,0.00005906,81.00000000,0
1531216543590,1531216543582,1821355,0.00005907,180.00000000,0
1531216543590,1531216543582,1821356,0.00005910,157.00000000,0
1531216543590,1531216543582,1821357,0.00005911,650.00000000,0
1531216543590,1531216543582,1821358,0.00005912,221.00000000,0
1531216543590,1531216543582,1821359,0.00005918,84.00000000,0
1531216543727,1531216543722,1821360,0.00005918,94.00000000,1
1531216543872,1531216543867,1821361,0.00005918,67.00000000,1
1531216543948,1531216543944,1821362,0.00005918,493.00000000,1
1531216543960,1531216543957,1821363,0.00005890,42.00000000,1
1531216543979,1531216543975,1821364,0.00005899,441.00000000,0
1531216544394,1531216544389,1821365,0.00005890,20.00000000,1
1531216544469,1531216544465,1821366,0.00005920,72.00000000,0
1531216544469,1531216544465,1821367,0.00005921,11.00000000,0
1531216544763,1531216544759,1821368,0.00005910,54.00000000,1
1531216545120,1531216545116,1821369,0.00005910,33.00000000,1
1531216545209,1531216545205,1821370,0.00005910,61.00000000,1
1531216546667,1531216546662,1821371,0.00005906,57.00000000,0
1531216546667,1531216546662,1821372,0.00005907,199.00000000,0
1531216547208,1531216547204,1821373,0.00005908,72.00000000,0
1531216547208,1531216547204,1821374,0.00005909,11.00000000,0
1531216547235,1531216547230,1821375,0.00005909,89.00000000,0
1531216549548,1531216549543,1821376,0.00005914,59.00000000,1
1531216549611,1531216549607,1821377,0.00005921,5.00000000,0
1531216549663,1531216549658,1821378,0.00005921,7.00000000,0
1531216549760,1531216549753,1821379,0.00005921,27.00000000,0
1531216550045,1531216550042,1821380,0.00005921,28.00000000,1
1531216550158,1531216550153,1821381,0.00005923,7.00000000,0
1531216551383,1531216551378,1821382,0.00005923,35.00000000,0
1531216551383,1531216551378,1821383,0.00005924,106.00000000,0
1531216554829,1531216554824,1821384,0.00005921,45.00000000,1
1531216557311,1531216557307,1821385,0.00005924,3.00000000,0
1531216557372,1531216557367,1821386,0.00005924,7.00000000,0
1531216557543,1531216557537,1821387,0.00005924,11.00000000,0
1531216557589,1531216557585,1821388,0.00005924,7.00000000,0
1531216557644,1531216557639,1821389,0.00005924,13.00000000,0
1531216557697,1531216557692,1821390,0.00005924,9.00000000,0
1531216557793,1531216557789,1821391,0.00005924,9.00000000,0
1531216557865,1531216557859,1821392,0.00005924,7.00000000,0
1531216557888,1531216557884,1821393,0.00005924,9.00000000,0
1531216557910,1531216557907,1821394,0.00005924,5.00000000,0
1531216557977,1531216557972,1821395,0.00005915,11.00000000,0
1531216558080,1531216558075,1821396,0.00005915,9.00000000,0
1531216558143,1531216558139,1821397,0.00005915,7.00000000,0
1531216558207,1531216558202,1821398,0.00005915,13.00000000,0
1531216558323,1531216558318,1821399,0.00005915,5.00000000,0
1531216558358,1531216558354,1821400,0.00005915,15.00000000,0
1531216558405,1531216558400,1821401,0.00005915,15.00000000,0
1531216558405,1531216558401,1821402,0.00005915,185.00000000,0
1531216558484,1531216558480,1821403,0.00005915,7.00000000,0
1531216558604,1531216558600,1821404,0.00005915,184.00000000,0
1531216558643,1531216558638,1821405,0.00005915,5.00000000,0
1531216558671,1531216558666,1821406,0.00005915,95.00000000,0
1531216558694,1531216558691,1821407,0.00005915,9.00000000,0
1531216558772,1531216558768,1821408,0.00005915,9.00000000,0
1531216558857,1531216558853,1821409,0.00005915,184.00000000,0
1531216559612,1531216559608,1821410,0.00005914,9.00000000,1
1531216560539,1531216560532,1821411,0.00005911,93.00000000,0
1531216560539,1531216560532,1821412,0.00005915,11.00000000,0
1531216561161,1531216561156,1821413,0.00005909,35.00000000,1
1531216562894,1531216562890,1821414,0.00005909,25.00000000,1
1531216564553,1531216564548,1821415,0.00005900,39.00000000,1
1531216564553,1531216564548,1821416,0.00005891,63.00000000,1
1531216567535,1531216567531,1821417,0.00005901,78.00000000,0
1531216567535,1531216567531,1821418,0.00005907,73.00000000,0
1531216568076,1531216568071,1821419,0.00005888,800.00000000,1
1531216568364,1531216568358,1821420,0.00005898,32.00000000,0
1531216568364,1531216568358,1821421,0.00005907,27.00000000,0
1531216568364,1531216568358,1821422,0.00005913,87.00000000,0
1531216569782,1531216569777,1821423,0.00005912,271.00000000,0
1531216570981,1531216570977,1821424,0.00005911,529.00000000,0
1531216572192,1531216572188,1821425,0.00005907,26.00000000,0
1531216572192,1531216572188,1821426,0.00005909,125.00000000,0
1531216572338,1531216572334,1821427,0.00005909,26.00000000,0
1531216572338,1531216572334,1821428,0.00005910,508.00000000,0
1531216572611,1531216572606,1821429,0.00005910,96.00000000,0
1531216575295,1531216575291,1821430,0.00005890,102.00000000,0
1531216575295,1531216575291,1821431,0.00005899,66.00000000,0
1531216575295,1531216575291,1821432,0.00005904,35.00000000,0
1531216575295,1531216575291,1821433,0.00005908,88.00000000,0
1531216576026,1531216576022,1821434,0.00005896,78.00000000,1
1531216576026,1531216576022,1821435,0.00005886,58.00000000,1
1531216576588,1531216576585,1821436,0.00005908,421.00000000,0
1531216578047,1531216578042,1821437,0.00005907,529.00000000,0
1531216579135,1531216579130,1821438,0.00005908,381.00000000,0
1531216579437,1531216579433,1821439,0.00005907,529.00000000,1
1531216579770,1531216579765,1821440,0.00005890,18.00000000,1
1531216580788,1531216580783,1821441,0.00005910,121.00000000,0
1531216582754,1531216582750,1821442,0.00005910,32.00000000,0
1531216583472,1531216583468,1821443,0.00005910,1562.00000000,0
1531216587510,1531216587506,1821444,0.00005911,508.00000000,0
1531216587858,1531216587853,1821445,0.00005909,84.00000000,1
1531216587877,1531216587872,1821446,0.00005911,1967.00000000,0
1531216590585,1531216590582,1821447,0.00005911,4299.00000000,0
1531216595577,1531216595573,1821448,0.00005911,547.00000000,1
1531216605178,1531216605175,1821449,0.00005912,173.00000000,0
1531216607656,1531216607652,1821450,0.00005912,21.00000000,0
1531216608157,1531216608154,1821451,0.00005912,4.00000000,0
1531216612997,1531216612991,1821452,0.00005912,883.00000000,1
1531216620529,1531216620525,1821453,0.00005912,1605.00000000,1
1531216632538,1531216632534,1821454,0.00005913,32.00000000,0
1531216635161,1531216635157,1821455,0.00005912,45.00000000,1
1531216635161,1531216635157,1821456,0.00005900,67.00000000,1
1531216635161,1531216635157,1821457,0.00005894,101.00000000,1
1531216635161,1531216635157,1821458,0.00005888,1007.00000000,1
1531216639333,1531216639328,1821459,0.00005902,102.00000000,0
1531216641035,1531216641029,1821460,0.00005911,105.00000000,0
1531216644061,1531216644057,1821461,0.00005908,79.00000000,1
1531216644061,1531216644057,1821462,0.00005887,47.00000000,1
1531216646689,1531216646685,1821463,0.00005911,74.00000000,0
1531216653289,1531216653285,1821464,0.00005886,84.00000000,1
1531216660216,1531216660212,1821465,0.00005911,93.00000000,0
1531216668590,1531216668585,1821466,0.00005888,104.00000000,0
1531216668831,1531216668827,1821467,0.00005886,394.00000000,1
1531216706539,1531216706534,1821468,0.00005909,72.00000000,0
1531216707577,1531216707572,1821469,0.00005909,480.00000000,0
1531216733771,1531216733765,1821470,0.00005900,26.00000000,0
1531216739036,1531216739030,1821471,0.00005900,27.00000000,0
1531216743507,1531216743502,1821472,0.00005900,45.00000000,0
1531216754295,1531216754289,1821473,0.00005899,45.00000000,0
1531216754295,1531216754289,1821474,0.00005900,31.00000000,0
1531216772470,1531216772465,1821475,0.00005898,20.00000000,0
1531216772470,1531216772465,1821476,0.00005900,3700.00000000,0
1531216783318,1531216783314,1821477,0.00005900,115.00000000,1
1531216785597,1531216785594,1821478,0.00005900,16.00000000,0
1531216789300,1531216789295,1821479,0.00005890,23.00000000,1
1531216789300,1531216789295,1821480,0.00005888,67.00000000,1
1531216789300,1531216789295,1821481,0.00005886,137.00000000,1
1531216789300,1531216789295,1821482,0.00005881,51.00000000,1
1531216789300,1531216789295,1821483,0.00005875,68.00000000,1
1531216789566,1531216789561,1821484,0.00005845,42.00000000,1
1531216789566,1531216789561,1821485,0.00005843,27.00000000,1
1531216789834,1531216789827,1821486,0.00005845,99.00000000,1
1531216789834,1531216789827,1821487,0.00005843,77.00000000,1
1531216789834,1531216789827,1821488,0.00005840,26.00000000,1
1531216789834,1531216789827,1821489,0.00005837,42.00000000,1
1531216789834,1531216789827,1821490,0.00005833,47.00000000,1
1531216791665,1531216791659,1821491,0.00005836,33.00000000,1
1531216791956,1531216791951,1821492,0.00005858,24.00000000,0
1531216792254,1531216792249,1821493,0.00005836,74.00000000,1
1531216792430,1531216792426,1821494,0.00005852,82.00000000,0
1531216792486,1531216792480,1821495,0.00005836,24.00000000,1
1531216792664,1531216792659,1821496,0.00005852,35.00000000,0
1531216793159,1531216793153,1821497,0.00005840,101.00000000,0
1531216793159,1531216793153,1821498,0.00005852,66.00000000,0
1531216794326,1531216794322,1821499,0.00005846,102.00000000,0
1531216794525,1531216794521,1821500,0.00005840,94.00000000,0
1531216795445,1531216795439,1821501,0.00005846,52.00000000,0
1531216795445,1531216795439,1821502,0.00005858,33.00000000,0
1531216795445,1531216795439,1821503,0.00005864,390.00000000,0
1531216796142,1531216796138,1821504,0.00005846,78.00000000,0
1531216800296,1531216800290,1821505,0.00005858,36.00000000,0
1531216810975,1531216810971,1821506,0.00005863,49.00000000,1
1531216811017,1531216811014,1821507,0.00005858,43.00000000,0
1531216811370,1531216811365,1821508,0.00005858,110.00000000,0
1531216816667,1531216816663,1821509,0.00005846,84.00000000,1
1531216825503,1531216825499,1821510,0.00005887,104.00000000,0
1531216826079,1531216826073,1821511,0.00005894,62.00000000,0
1531216826079,1531216826073,1821512,0.00005909,131.00000000,0
1531216826079,1531216826073,1821513,0.00005910,405.00000000,0
1531216827024,1531216827019,1821514,0.00005852,807.00000000,1
1531216827100,1531216827095,1821515,0.00005853,112.00000000,1
1531216827100,1531216827095,1821516,0.00005852,113.00000000,1
1531216827443,1531216827438,1821517,0.00005852,130.00000000,0
1531216827840,1531216827835,1821518,0.00005848,105.00000000,1
1531216827840,1531216827835,1821519,0.00005840,94.00000000,1
1531216828231,1531216828227,1821520,0.00005839,112.00000000,0
1531216828231,1531216828227,1821521,0.00005840,17.00000000,0
1531216828408,1531216828404,1821522,0.00005840,129.00000000,0
1531216828694,1531216828689,1821523,0.00005840,100.00000000,0
1531216828878,1531216828874,1821524,0.00005840,88.00000000,0
1531216833236,1531216833232,1821525,0.00005837,102.00000000,1
1531216833875,1531216833871,1821526,0.00005834,68.00000000,1
1531216835110,1531216835106,1821527,0.00005822,18.00000000,1
1531216835143,1531216835138,1821528,0.00005822,65.00000000,0
1531216840833,1531216840828,1821529,0.00005837,51.00000000,1
1531216843394,1531216843390,1821530,0.00005836,24.00000000,0
1531216847349,1531216847343,1821531,0.00005822,489.00000000,0
1531216847382,1531216847378,1821532,0.00005822,85.00000000,0
1531216847406,1531216847402,1821533,0.00005821,16.00000000,1
1531216847671,1531216847668,1821534,0.00005822,200.00000000,0
1531216849797,1531216849794,1821535,0.00005822,1352.00000000,0
1531216850331,1531216850326,1821536,0.00005821,60.00000000,1
1531216858633,1531216858629,1821537,0.00005814,68.00000000,1
1531216858633,1531216858629,1821538,0.00005813,17.00000000,1
1531216859277,1531216859272,1821539,0.00005813,85.00000000,1
1531216859638,1531216859634,1821540,0.00005820,30.00000000,0
1531216861501,1531216861496,1821541,0.00005820,406.00000000,0
1531216866250,1531216866246,1821542,0.00005813,106.00000000,1
1531216866250,1531216866246,1821543,0.00005812,106.00000000,1
1531216866250,1531216866246,1821544,0.00005811,25.00000000,1
1531216866250,1531216866246,1821545,0.00005810,106.00000000,1
1531216866250,1531216866246,1821546,0.00005805,2977.00000000,1
1531216867933,1531216867927,1821547,0.00005806,42.00000000,0
1531216867933,1531216867927,1821548,0.00005813,90.00000000,0
1531216868382,1531216868378,1821549,0.00005805,83.00000000,1
1531216868512,1531216868509,1821550,0.00005805,69.00000000,1
1531216868824,1531216868819,1821551,0.00005805,705.00000000,1
1531216869245,1531216869241,1821552,0.00005805,110.00000000,1
1531216875690,1531216875685,1821553,0.00005805,222.00000000,1
1531216876097,1531216876093,1821554,0.00005805,108.00000000,0
1531216878116,1531216878111,1821555,0.00005802,18.00000000,1
1531216878116,1531216878111,1821556,0.00005801,68.00000000,1
1531216878116,1531216878111,1821557,0.00005800,1012.00000000,1
1531216878542,1531216878536,1821558,0.00005802,41.00000000,1
1531216878542,1531216878536,1821559,0.00005800,849.00000000,1
1531216878542,1531216878536,1821560,0.00005796,103.00000000,1
1531216878542,1531216878536,1821561,0.00005784,105.00000000,1
1531216878542,1531216878536,1821562,0.00005783,41.00000000,1
1531216879574,1531216879569,1821563,0.00005800,97.00000000,0
1531216879657,1531216879653,1821564,0.00005806,42.00000000,0
1531216880711,1531216880706,1821565,0.00005806,32.00000000,0
1531216881484,1531216881479,1821566,0.00005806,68.00000000,0
1531216881681,1531216881678,1821567,0.00005806,57.00000000,0
1531216881975,1531216881969,1821568,0.00005784,155.00000000,1
1531216881975,1531216881969,1821569,0.00005783,45.00000000,1
1531216881975,1531216881969,1821570,0.00005781,70.00000000,1
1531216881975,1531216881969,1821571,0.00005780,95.00000000,1
1531216881975,1531216881969,1821572,0.00005777,1030.00000000,1
1531216882090,1531216882086,1821573,0.00005785,126.00000000,0
1531216882158,1531216882154,1821574,0.00005777,1.00000000,1
1531216882558,1531216882554,1821575,0.00005784,68.00000000,0
1531216882622,1531216882617,1821576,0.00005784,87.00000000,0
1531216882622,1531216882617,1821577,0.00005785,28.00000000,0
1531216882872,1531216882868,1821578,0.00005785,74.00000000,0
1531216883023,1531216883019,1821579,0.00005784,18.00000000,1
1531216883023,1531216883019,1821580,0.00005777,24.00000000,1
1531216883902,1531216883897,1821581,0.00005785,80.00000000,0
1531216883990,1531216883984,1821582,0.00005785,92.00000000,0
1531216885147,1531216885142,1821583,0.00005785,79.00000000,0
1531216885237,1531216885232,1821584,0.00005785,241.00000000,0
1531216886400,1531216886396,1821585,0.00005779,75.00000000,0
1531216893894,1531216893890,1821586,0.00005805,78.00000000,0
1531216895710,1531216895707,1821587,0.00005780,41.00000000,1
1531216895710,1531216895707,1821588,0.00005777,181.00000000,1
1531216898810,1531216898806,1821589,0.00005801,5.00000000,0
1531216898883,1531216898879,1821590,0.00005801,21.00000000,0
1531216898918,1531216898913,1821591,0.00005801,27.00000000,0
1531216901955,1531216901950,1821592,0.00005779,18.00000000,1
1531216903153,1531216903148,1821593,0.00005801,269.00000000,0
1531216905643,1531216905638,1821594,0.00005781,119.00000000,1
1531216905643,1531216905638,1821595,0.00005779,6.00000000,1
1531216905664,1531216905659,1821596,0.00005779,111.00000000,0
1531216908213,1531216908209,1821597,0.00005801,500.00000000,0
1531216912329,1531216912325,1821598,0.00005801,517.00000000,0
1531216915781,1531216915776,1821599,0.00005801,39.00000000,0
1531216920491,1531216920487,1821600,0.00005777,112.00000000,1
1531216929488,1531216929483,1821601,0.00005801,32.00000000,0
1531216931907,1531216931903,1821602,0.00005779,87.00000000,1
1531216932340,1531216932336,1821603,0.00005779,271.00000000,0
1531216940400,1531216940394,1821604,0.00005795,37.00000000,0
1531216940400,1531216940394,1821605,0.00005796,148.00000000,0
1531216940400,1531216940394,1821606,0.00005801,561.00000000,0
1531216942318,1531216942313,1821607,0.00005801,30.00000000,0
1531216942530,1531216942526,1821608,0.00005780,35.00000000,1
1531216943962,1531216943957,1821609,0.00005801,3060.00000000,0
1531216947265,1531216947261,1821610,0.00005801,94.00000000,0
1531216948650,1531216948646,1821611,0.00005801,76.00000000,0
1531216949293,1531216949290,1821612,0.00005801,23.00000000,0
1531216949838,1531216949834,1821613,0.00005801,13.00000000,0
1531216951540,1531216951535,1821614,0.00005801,23.00000000,0
1531216951953,1531216951949,1821615,0.00005801,76.00000000,0
1531216961863,1531216961859,1821616,0.00005801,6903.00000000,0
1531216963258,1531216963254,1821617,0.00005805,106.00000000,1
1531216965686,1531216965682,1821618,0.00005801,102.00000000,1
1531216970257,1531216970253,1821619,0.00005806,14.00000000,0
1531216970970,1531216970965,1821620,0.00005820,54.00000000,0
1531216972162,1531216972157,1821621,0.00005806,105.00000000,1
1531216978573,1531216978570,1821622,0.00005820,15.00000000,0
1531216978573,1531216978570,1821623,0.00005822,8.00000000,0
1531216983878,1531216983873,1821624,0.00005822,1555.00000000,0
1531216996369,1531216996366,1821625,0.00005809,516.00000000,1
1531217002706,1531217002701,1821626,0.00005809,173.00000000,1
1531217025650,1531217025646,1821627,0.00005811,61.00000000,1
1531217055618,1531217055612,1821628,0.00005811,106.00000000,1
1531217062258,1531217062253,1821629,0.00005814,146.00000000,1
1531217063293,1531217063290,1821630,0.00005822,25.00000000,0
1531217067716,1531217067712,1821631,0.00005822,8133.00000000,0
1531217090593,1531217090589,1821632,0.00005840,16.00000000,0
1531217090637,1531217090632,1821633,0.00005840,372.00000000,1
1531217091285,1531217091279,1821634,0.00005840,654.00000000,1
1531217093786,1531217093781,1821635,0.00005840,517.00000000,1
1531217097541,1531217097537,1821636,0.00005840,303.00000000,1
