event_time,trade_time,trade_id,price,quantity,maker
1531210361504,1531210361499,1011082,0.00014962,33.00000000,0
1531210361504,1531210361499,1011083,0.00014963,12559.00000000,0
1531210361672,1531210361666,1011084,0.00014976,2.00000000,0
1531210367794,1531210367788,1011085,0.00014959,216.00000000,0
1531210367803,1531210367798,1011086,0.00014975,77.00000000,0
1531210367821,1531210367817,1011087,0.00014975,204.00000000,0
1531210385938,1531210385932,1011088,0.00014960,409.00000000,0
1531210385948,1531210385944,1011089,0.00014975,273.00000000,0
1531210440018,1531210440013,1011090,0.00014964,759.00000000,0
1531210440038,1531210440034,1011091,0.00014973,275.00000000,0
1531210449429,1531210449424,1011092,0.00014964,231.00000000,0
1531210449439,1531210449434,1011093,0.00014973,227.00000000,0
1531210465589,1531210465587,1011094,0.00014961,182.00000000,1
1531210465610,1531210465604,1011095,0.00014961,185.00000000,1
1531210472099,1531210472095,1011096,0.00014972,2.00000000,0
1531210486201,1531210486197,1011097,0.00014967,123.00000000,0
1531210486208,1531210486203,1011098,0.00014961,81.00000000,1
1531210531910,1531210531906,1011099,0.00014968,269.00000000,0
1531210531920,1531210531916,1011100,0.00014963,201.00000000,1
1531210533073,1531210533068,1011101,0.00014962,268.00000000,1
1531210541699,1531210541693,1011102,0.00014960,14.00000000,1
1531210541710,1531210541707,1011103,0.00014960,101.00000000,0
1531210541723,1531210541719,1011104,0.00014961,98.00000000,0
1531210541743,1531210541738,1011105,0.00014961,80.00000000,0
1531210558953,1531210558953,1011106,0.00014962,38.00000000,0
1531210559157,1531210559153,1011107,0.00014961,304.00000000,1
1531210559165,1531210559161,1011108,0.00014961,551.00000000,0
1531210559176,1531210559172,1011109,0.00014961,15.00000000,1
1531210559200,1531210559195,1011110,0.00014961,289.00000000,1
1531210567629,1531210567625,1011111,0.00014961,267.00000000,1
1531210567643,1531210567639,1011112,0.00014961,416.00000000,0
1531210567655,1531210567651,1011113,0.00014961,267.00000000,1
1531210570670,1531210570665,1011114,0.00014962,134.00000000,0
1531210576104,1531210576100,1011115,0.00014962,66.00000000,0
1531210609642,1531210609637,1011116,0.00014933,119.00000000,1
1531210609674,1531210609670,1011117,0.00014933,45.00000000,0
1531210609682,1531210609676,1011118,0.00014933,230.00000000,0
1531210651465,1531210651462,1011119,0.00014945,39.00000000,0
1531210651478,1531210651473,1011120,0.00014933,22.00000000,1
1531210657352,1531210657347,1011121,0.00014934,493.00000000,1
1531210664438,1531210664430,1011122,0.00014934,390.00000000,1
1531210664438,1531210664430,1011123,0.00014933,7.00000000,1
1531210664438,1531210664430,1011124,0.00014932,46.00000000,1
1531210664438,1531210664430,1011125,0.00014931,15.00000000,1
1531210664438,1531210664430,1011126,0.00014930,31.00000000,1
1531210664438,1531210664430,1011127,0.00014929,35.00000000,1
1531210664438,1531210664430,1011128,0.00014928,7.00000000,1
1531210664438,1531210664430,1011129,0.00014927,28.00000000,1
1531210664438,1531210664430,1011130,0.00014926,68.00000000,1
1531210664438,1531210664430,1011131,0.00014925,2000.00000000,1
1531210664438,1531210664430,1011132,0.00014918,93.00000000,1
1531210664438,1531210664430,1011133,0.00014915,27.00000000,1
1531210664438,1531210664430,1011134,0.00014911,68.00000000,1
1531210664438,1531210664430,1011135,0.00014909,40.00000000,1
1531210664438,1531210664430,1011136,0.00014907,40.00000000,1
1531210664438,1531210664430,1011137,0.00014906,34.00000000,1
1531210664438,1531210664430,1011138,0.00014904,7.00000000,1
1531210664438,1531210664430,1011139,0.00014903,56.00000000,1
1531210664486,1531210664481,1011140,0.00014931,50.00000000,0
1531210664537,1531210664536,1011141,0.00014931,135.00000000,0
1531210667112,1531210667108,1011142,0.00014907,68.00000000,1
1531210670152,1531210670148,1011143,0.00014931,1.00000000,0
1531210670152,1531210670148,1011144,0.00014933,119.00000000,0
1531210672548,1531210672544,1011145,0.00014921,115.00000000,1
1531210672548,1531210672544,1011146,0.00014920,20.00000000,1
1531210673506,1531210673502,1011147,0.00014922,135.00000000,1
1531210674637,1531210674633,1011148,0.00014923,12.00000000,1
1531210674637,1531210674633,1011149,0.00014922,123.00000000,1
1531210675828,1531210675824,1011150,0.00014922,120.00000000,1
1531210675828,1531210675824,1011151,0.00014913,15.00000000,1
1531210690776,1531210690771,1011152,0.00014920,264.00000000,1
1531210693764,1531210693759,1011153,0.00014961,47.00000000,0
1531210700594,1531210700591,1011154,0.00014956,100.00000000,0
1531210700594,1531210700591,1011155,0.00014959,89.00000000,0
1531210706364,1531210706359,1011156,0.00014963,178.00000000,0
1531210706378,1531210706373,1011157,0.00014962,104.00000000,1
1531210726083,1531210726078,1011158,0.00014963,51.00000000,0
1531210726092,1531210726088,1011159,0.00014962,7.00000000,1
1531210726105,1531210726102,1011160,0.00014962,48.00000000,1
1531210742482,1531210742477,1011161,0.00014964,90.00000000,0
1531210742504,1531210742501,1011162,0.00014964,210.00000000,0
1531210743477,1531210743474,1011163,0.00014961,122.00000000,1
1531210750005,1531210749999,1011164,0.00014961,4.00000000,1
1531210750372,1531210750368,1011165,0.00014964,298.00000000,0
1531210750386,1531210750386,1011166,0.00014964,57.00000000,0
1531210755678,1531210755674,1011167,0.00014964,163.00000000,0
1531210755693,1531210755688,1011168,0.00014964,104.00000000,0
1531210772874,1531210772870,1011169,0.00014962,398.00000000,0
1531210772881,1531210772879,1011170,0.00014964,151.00000000,0
1531210805983,1531210805977,1011171,0.00014961,126.00000000,1
1531210806010,1531210806005,1011172,0.00014961,50.00000000,1
1531210822236,1531210822231,1011173,0.00014961,42.00000000,1
1531210830346,1531210830341,1011174,0.00014951,16.00000000,1
1531210831768,1531210831765,1011175,0.00014959,187.00000000,0
1531210835102,1531210835098,1011176,0.00014959,25.00000000,0
1531210838047,1531210838043,1011177,0.00014959,132.00000000,0
1531210838073,1531210838068,1011178,0.00014959,243.00000000,0
1531210841787,1531210841783,1011179,0.00014959,25.00000000,1
1531210841787,1531210841783,1011180,0.00014951,475.00000000,1
1531210846750,1531210846744,1011181,0.00014951,258.00000000,1
1531210852801,1531210852797,1011182,0.00014959,246.00000000,0
1531210879918,1531210879912,1011183,0.00014951,40.00000000,1
1531210882781,1531210882777,1011184,0.00014952,40.00000000,0
1531210893786,1531210893786,1011185,0.00014959,137.00000000,0
1531210893808,1531210893804,1011186,0.00014959,216.00000000,0
1531210931857,1531210931851,1011187,0.00014952,2.00000000,0
1531210957698,1531210957695,1011188,0.00014951,222.00000000,1
1531210983303,1531210983297,1011189,0.00014952,50.00000000,0
1531210984336,1531210984336,1011190,0.00014952,309.00000000,0
1531210988634,1531210988631,1011191,0.00014952,23.00000000,0
1531211003871,1531211003866,1011192,0.00014957,119.00000000,0
1531211003882,1531211003878,1011193,0.00014964,169.00000000,0
1531211003900,1531211003894,1011194,0.00014964,73.00000000,0
1531211018714,1531211018708,1011195,0.00014958,188.00000000,0
1531211018730,1531211018730,1011196,0.00014952,71.00000000,1
1531211022655,1531211022651,1011197,0.00014965,63.00000000,0
1531211023247,1531211023243,1011198,0.00014970,77.00000000,0
1531211023835,1531211023831,1011199,0.00014970,1.00000000,0
1531211023835,1531211023831,1011200,0.00014971,5.00000000,0
1531211033602,1531211033598,1011201,0.00014953,128.00000000,1
1531211040976,1531211040970,1011202,0.00014971,34.00000000,0
1531211041292,1531211041288,1011203,0.00014971,331.00000000,0
1531211050431,1531211050426,1011204,0.00014970,182.00000000,0
1531211050446,1531211050441,1011205,0.00014970,42.00000000,0
1531211064692,1531211064687,1011206,0.00014970,218.00000000,0
1531211079060,1531211079055,1011207,0.00014960,764.00000000,0
1531211079071,1531211079067,1011208,0.00014970,273.00000000,0
1531211082746,1531211082742,1011209,0.00014971,2.00000000,0
1531211088915,1531211088911,1011210,0.00014970,129.00000000,0
1531211088926,1531211088921,1011211,0.00014970,278.00000000,0
1531211104758,1531211104754,1011212,0.00014961,681.00000000,0
1531211104766,1531211104761,1011213,0.00014952,247.00000000,1
1531211118333,1531211118328,1011214,0.00014954,135.00000000,1
1531211125156,1531211125151,1011215,0.00014961,98.00000000,0
1531211125166,1531211125162,1011216,0.00014952,207.00000000,1
1531211125184,1531211125179,1011217,0.00014952,38.00000000,1
1531211140494,1531211140489,1011218,0.00014970,212.00000000,0
1531211159104,1531211159099,1011219,0.00014970,98.00000000,0
1531211159138,1531211159119,1011220,0.00014970,111.00000000,0
1531211168852,1531211168846,1011221,0.00014962,74.00000000,0
1531211168866,1531211168863,1011222,0.00014970,51.00000000,0
1531211168892,1531211168887,1011223,0.00014970,47.00000000,0
1531211185362,1531211185357,1011224,0.00014965,252.00000000,0
1531211185384,1531211185378,1011225,0.00014956,58.00000000,1
1531211185401,1531211185397,1011226,0.00014956,156.00000000,1
1531211198554,1531211198550,1011227,0.00014956,3133.00000000,0
1531211208829,1531211208824,1011228,0.00014974,1.00000000,0
1531211242534,1531211242530,1011229,0.00014975,2.00000000,0
1531211251833,1531211251828,1011230,0.00014964,808.00000000,0
1531211251848,1531211251843,1011231,0.00014974,169.00000000,0
1531211251862,1531211251862,1011232,0.00014974,277.00000000,0
1531211265533,1531211265532,1011233,0.00014974,59.00000000,0
1531211265557,1531211265552,1011234,0.00014974,72.00000000,0
1531211269386,1531211269382,1011235,0.00014974,269.00000000,0
1531211269413,1531211269410,1011236,0.00014974,23.00000000,0
1531211283770,1531211283765,1011237,0.00014974,118.00000000,0
1531211298211,1531211298206,1011238,0.00014974,220.00000000,0
1531211298231,1531211298226,1011239,0.00014974,147.00000000,0
1531211305753,1531211305749,1011240,0.00014974,234.00000000,0
1531211309808,1531211309805,1011241,0.00014959,90.00000000,1
1531211319404,1531211319403,1011242,0.00014957,204.00000000,0
1531211319426,1531211319421,1011243,0.00014957,46.00000000,0
1531211323891,1531211323886,1011244,0.00014955,705.00000000,1
1531211323891,1531211323886,1011245,0.00014952,193.00000000,1
1531211349393,1531211349389,1011246,0.00014963,281.00000000,0
1531211349402,1531211349398,1011247,0.00014973,131.00000000,0
1531211349419,1531211349419,1011248,0.00014973,176.00000000,0
1531211395358,1531211395354,1011249,0.00014954,237.00000000,1
1531211395378,1531211395374,1011250,0.00014954,125.00000000,1
1531211404129,1531211404124,1011251,0.00014973,20.00000000,0
1531211415593,1531211415589,1011252,0.00014952,4.00000000,1
1531211440209,1531211440205,1011253,0.00014963,574.00000000,0
1531211440217,1531211440213,1011254,0.00014953,98.00000000,1
1531211440230,1531211440225,1011255,0.00014953,261.00000000,1
1531211447109,1531211447105,1011256,0.00014952,500.00000000,1
1531211505816,1531211505811,1011257,0.00014954,7.00000000,1
1531211516723,1531211516720,1011258,0.00014973,219.00000000,0
1531211519659,1531211519655,1011259,0.00014974,109.00000000,0
1531211519727,1531211519724,1011260,0.00014975,104.00000000,0
1531211551170,1531211551166,1011261,0.00014965,447.00000000,0
1531211551228,1531211551222,1011262,0.00014974,188.00000000,0
1531211573027,1531211573022,1011263,0.00014964,239.00000000,0
1531211573041,1531211573037,1011264,0.00014974,54.00000000,0
1531211573061,1531211573056,1011265,0.00014974,162.00000000,0
1531211584337,1531211584332,1011266,0.00014964,168.00000000,0
1531211584351,1531211584346,1011267,0.00014974,136.00000000,0
1531211608329,1531211608324,1011268,0.00014964,197.00000000,0
1531211608343,1531211608339,1011269,0.00014974,263.00000000,0
1531211608368,1531211608363,1011270,0.00014974,116.00000000,0
1531211618125,1531211618120,1011271,0.00014965,558.00000000,0
1531211618138,1531211618137,1011272,0.00014974,95.00000000,0
1531211618152,1531211618147,1011273,0.00014974,194.00000000,0
1531211633517,1531211633512,1011274,0.00014965,492.00000000,0
1531211633533,1531211633529,1011275,0.00014974,181.00000000,0
1531211649691,1531211649686,1011276,0.00014967,226.00000000,0
1531211649710,1531211649705,1011277,0.00014974,162.00000000,0
1531211665291,1531211665287,1011278,0.00014956,247.00000000,1
1531211680701,1531211680697,1011279,0.00014965,329.00000000,0
1531211680714,1531211680710,1011280,0.00014956,163.00000000,1
1531211700549,1531211700545,1011281,0.00014964,144.00000000,0
1531211700562,1531211700558,1011282,0.00014974,75.00000000,0
1531211714715,1531211714711,1011283,0.00014966,158.00000000,0
1531211714736,1531211714732,1011284,0.00014958,118.00000000,1
1531211714759,1531211714753,1011285,0.00014958,80.00000000,1
1531211731939,1531211731935,1011286,0.00014974,277.00000000,0
1531211742250,1531211742246,1011287,0.00014964,191.00000000,0
1531211742262,1531211742257,1011288,0.00014974,66.00000000,0
1531211759795,1531211759790,1011289,0.00014974,94.00000000,0
1531211774362,1531211774357,1011290,0.00014974,214.00000000,0
1531211782665,1531211782662,1011291,0.00014974,167.00000000,0
1531211792629,1531211792625,1011292,0.00014974,71.00000000,0
1531211813613,1531211813609,1011293,0.00014965,106.00000000,0
1531211813626,1531211813620,1011294,0.00014974,23.00000000,0
1531211813642,1531211813637,1011295,0.00014974,73.00000000,0
1531211824559,1531211824556,1011296,0.00014973,185.00000000,0
1531211831027,1531211831022,1011297,0.00014964,327.00000000,0
1531211831034,1531211831030,1011298,0.00014956,132.00000000,1
1531211832238,1531211832233,1011299,0.00014973,242.00000000,0
1531211841457,1531211841453,1011300,0.00014972,167.00000000,0
1531211841473,1531211841469,1011301,0.00014972,155.00000000,0
1531211859837,1531211859833,1011302,0.00014964,621.00000000,0
1531211859844,1531211859840,1011303,0.00014955,280.00000000,1
1531211868344,1531211868340,1011304,0.00014963,574.00000000,0
1531211868363,1531211868359,1011305,0.00014972,27.00000000,0
1531211868378,1531211868373,1011306,0.00014972,221.00000000,0
1531211885094,1531211885090,1011307,0.00014965,335.00000000,0
1531211885113,1531211885108,1011308,0.00014955,262.00000000,1
1531211900577,1531211900572,1011309,0.00014962,433.00000000,0
1531211900591,1531211900586,1011310,0.00014971,252.00000000,0
1531211912296,1531211912291,1011311,0.00014955,109.00000000,1
1531211922454,1531211922450,1011312,0.00014955,77.00000000,1
1531211930397,1531211930392,1011313,0.00014972,648.00000000,0
1531211940883,1531211940883,1011314,0.00014964,214.00000000,0
1531211940902,1531211940899,1011315,0.00014974,185.00000000,0
1531211940925,1531211940920,1011316,0.00014974,176.00000000,0
1531211944881,1531211944877,1011317,0.00014956,89.00000000,1
1531211945692,1531211945687,1011318,0.00014955,547.00000000,0
1531211949691,1531211949686,1011319,0.00014964,457.00000000,0
1531211949703,1531211949699,1011320,0.00014974,113.00000000,0
1531211949725,1531211949722,1011321,0.00014974,161.00000000,0
1531211964736,1531211964731,1011322,0.00014965,178.00000000,0
1531211964750,1531211964745,1011323,0.00014955,208.00000000,1
1531211964776,1531211964772,1011324,0.00014955,73.00000000,1
1531211975164,1531211975160,1011325,0.00014974,198.00000000,0
1531211975184,1531211975179,1011326,0.00014974,24.00000000,0
1531211986814,1531211986788,1011327,0.00014955,55.00000000,1
1531211991110,1531211991107,1011328,0.00014975,106.00000000,0
1531211997620,1531211997615,1011329,0.00014964,456.00000000,0
1531211997629,1531211997625,1011330,0.00014974,181.00000000,0
1531212010102,1531212010097,1011331,0.00014974,25.00000000,0
1531212023706,1531212023703,1011332,0.00014964,615.00000000,0
1531212023717,1531212023713,1011333,0.00014974,124.00000000,0
1531212023738,1531212023734,1011334,0.00014974,285.00000000,0
1531212045654,1531212045654,1011335,0.00014974,15.00000000,0
1531212046019,1531212046016,1011336,0.00014974,108.00000000,0
1531212046037,1531212046032,1011337,0.00014974,218.00000000,0
1531212048699,1531212048693,1011338,0.00014975,1863.00000000,0
1531212048699,1531212048693,1011339,0.00014976,62.00000000,0
1531212053663,1531212053658,1011340,0.00014976,359.00000000,0
1531212053677,1531212053673,1011341,0.00014978,255.00000000,0
1531212053704,1531212053700,1011342,0.00014978,285.00000000,0
1531212053731,1531212053726,1011343,0.00014974,15.00000000,1
1531212059983,1531212059978,1011344,0.00014964,438.00000000,0
1531212060003,1531212059998,1011345,0.00014955,211.00000000,1
1531212060032,1531212060027,1011346,0.00014955,261.00000000,1
1531212060064,1531212060059,1011347,0.00014974,218.00000000,0
1531212064295,1531212064290,1011348,0.00014976,168.00000000,0
1531212064311,1531212064308,1011349,0.00014978,194.00000000,0
1531212064332,1531212064327,1011350,0.00014978,68.00000000,0
1531212064347,1531212064343,1011351,0.00014974,15.00000000,1
1531212073181,1531212073175,1011352,0.00014974,7.00000000,0
1531212073267,1531212073261,1011353,0.00014974,211.00000000,0
1531212073267,1531212073261,1011354,0.00014979,2257.00000000,0
1531212077948,1531212077942,1011355,0.00015010,9.00000000,0
1531212087662,1531212087657,1011356,0.00014996,107.00000000,1
1531212095444,1531212095439,1011357,0.00014982,12.00000000,1
1531212095489,1531212095488,1011358,0.00014996,104.00000000,1
1531212095500,1531212095496,1011359,0.00014982,54.00000000,1
1531212095991,1531212095987,1011360,0.00014980,3.00000000,1
1531212096544,1531212096539,1011361,0.00014980,2.00000000,1
1531212097287,1531212097284,1011362,0.00014980,4.00000000,1
1531212098485,1531212098480,1011363,0.00014980,5.00000000,1
1531212098951,1531212098947,1011364,0.00014980,1.00000000,1
1531212099351,1531212099348,1011365,0.00014980,9.00000000,1
1531212099861,1531212099856,1011366,0.00014980,2.00000000,1
1531212103510,1531212103504,1011367,0.00014994,101.00000000,1
1531212118952,1531212118947,1011368,0.00015009,50.00000000,1
1531212119553,1531212119549,1011369,0.00015009,45.00000000,1
1531212119899,1531212119894,1011370,0.00015002,300.00000000,0
1531212119915,1531212119911,1011371,0.00014995,223.00000000,1
1531212119938,1531212119934,1011372,0.00014995,150.00000000,1
1531212125159,1531212125155,1011373,0.00015001,137.00000000,0
1531212125171,1531212125167,1011374,0.00015009,63.00000000,0
1531212125188,1531212125184,1011375,0.00015009,55.00000000,0
1531212127572,1531212127566,1011376,0.00015008,68.00000000,1
1531212128762,1531212128758,1011377,0.00015008,24.00000000,1
1531212134586,1531212134580,1011378,0.00015008,89.00000000,1
1531212138005,1531212138000,1011379,0.00014995,189.00000000,1
1531212138034,1531212138030,1011380,0.00014995,269.00000000,1
1531212142356,1531212142352,1011381,0.00015007,86.00000000,0
1531212147450,1531212147445,1011382,0.00015002,434.00000000,0
1531212147463,1531212147462,1011383,0.00014995,244.00000000,1
1531212165622,1531212165617,1011384,0.00015001,285.00000000,0
1531212165634,1531212165629,1011385,0.00014995,213.00000000,1
1531212175061,1531212175056,1011386,0.00015006,52.00000000,0
1531212202230,1531212202229,1011387,0.00015002,49.00000000,1
1531212207414,1531212207410,1011388,0.00015011,84.00000000,0
1531212209422,1531212209417,1011389,0.00015003,33.00000000,1
1531212209438,1531212209434,1011390,0.00015003,155.00000000,1
1531212213232,1531212213227,1011391,0.00015010,82.00000000,0
1531212219057,1531212219053,1011392,0.00015010,79.00000000,0
1531212219669,1531212219665,1011393,0.00015009,832.00000000,0
1531212219686,1531212219682,1011394,0.00015007,35.00000000,1
1531212219705,1531212219700,1011395,0.00015007,287.00000000,1
1531212233374,1531212233369,1011396,0.00015010,100.00000000,0
1531212233398,1531212233394,1011397,0.00015010,271.00000000,0
1531212244060,1531212244056,1011398,0.00015008,254.00000000,0
1531212244069,1531212244065,1011399,0.00015010,14.00000000,0
1531212244095,1531212244091,1011400,0.00015010,179.00000000,0
1531212248860,1531212248856,1011401,0.00015006,261.00000000,0
1531212248873,1531212248868,1011402,0.00015010,180.00000000,0
1531212248898,1531212248894,1011403,0.00015010,128.00000000,0
1531212264617,1531212264611,1011404,0.00015006,423.00000000,0
1531212264626,1531212264621,1011405,0.00015003,189.00000000,1
1531212264651,1531212264646,1011406,0.00015003,172.00000000,1
1531212293157,1531212293141,1011407,0.00014964,46.00000000,1
1531212293157,1531212293141,1011408,0.00014960,152.00000000,1
1531212293157,1531212293141,1011409,0.00014959,2000.00000000,1
1531212293157,1531212293141,1011410,0.00014957,39.00000000,1
1531212293157,1531212293141,1011411,0.00014952,1840.00000000,1
1531212293157,1531212293141,1011412,0.00014948,706.00000000,1
1531212293157,1531212293141,1011413,0.00014947,574.00000000,1
1531212293157,1531212293141,1011414,0.00014946,39.00000000,1
1531212293157,1531212293141,1011415,0.00014943,34.00000000,1
1531212293157,1531212293141,1011416,0.00014942,37.00000000,1
1531212293157,1531212293141,1011417,0.00014938,64.00000000,1
1531212293157,1531212293141,1011418,0.00014936,13.00000000,1
1531212293157,1531212293141,1011419,0.00014935,248.00000000,1
1531212293157,1531212293141,1011420,0.00014934,255.00000000,1
1531212293157,1531212293141,1011421,0.00014933,513.00000000,1
1531212293157,1531212293141,1011422,0.00014932,46.00000000,1
1531212293157,1531212293141,1011423,0.00014931,66.00000000,1
1531212293157,1531212293141,1011424,0.00014930,5588.00000000,1
1531212293157,1531212293141,1011425,0.00014921,102.00000000,1
1531212293157,1531212293141,1011426,0.00014920,1184.00000000,1
1531212293157,1531212293141,1011427,0.00014919,2244.00000000,1
1531212293157,1531212293141,1011428,0.00014918,1210.00000000,1
1531212295535,1531212295532,1011429,0.00014972,397.00000000,0
1531212295557,1531212295552,1011430,0.00014987,20.00000000,0
1531212295706,1531212295703,1011431,0.00014965,116.00000000,1
1531212295758,1531212295754,1011432,0.00014961,168.00000000,0
1531212295758,1531212295755,1011433,0.00014961,181.00000000,0
1531212295763,1531212295760,1011434,0.00014961,181.00000000,0
1531212296094,1531212296091,1011435,0.00014961,13.00000000,0
1531212296114,1531212296110,1011436,0.00014961,4.00000000,0
1531212296531,1531212296525,1011437,0.00014960,46.00000000,0
1531212296542,1531212296538,1011438,0.00014960,20.00000000,0
1531212299357,1531212299353,1011439,0.00014941,24.00000000,1
1531212299437,1531212299434,1011440,0.00014939,16.00000000,1
1531212299567,1531212299563,1011441,0.00014941,22.00000000,1
1531212299567,1531212299563,1011442,0.00014939,18.00000000,1
1531212300735,1531212300734,1011443,0.00014946,1210.00000000,0
1531212302754,1531212302750,1011444,0.00014968,176.00000000,0
1531212303008,1531212303007,1011445,0.00014968,46.00000000,1
1531212310332,1531212310328,1011446,0.00014969,37.00000000,1
1531212310349,1531212310345,1011447,0.00014969,293.00000000,1
1531212322663,1531212322659,1011448,0.00014975,144.00000000,0
1531212322677,1531212322673,1011449,0.00014970,50.00000000,1
1531212330277,1531212330274,1011450,0.00014970,13.00000000,1
1531212332444,1531212332438,1011451,0.00014979,230.00000000,0
1531212332455,1531212332451,1011452,0.00014979,261.00000000,0
1531212333945,1531212333943,1011453,0.00014969,214.00000000,1
1531212334092,1531212334088,1011454,0.00014969,21.00000000,1
1531212334140,1531212334134,1011455,0.00014969,21.00000000,1
1531212334150,1531212334146,1011456,0.00014969,16.00000000,1
1531212334335,1531212334331,1011457,0.00014969,17.00000000,1
1531212334437,1531212334432,1011458,0.00014969,267.00000000,1
1531212334549,1531212334544,1011459,0.00014969,21.00000000,1
1531212335338,1531212335333,1011460,0.00014970,40.00000000,1
1531212335510,1531212335505,1011461,0.00014970,22.00000000,1
1531212335521,1531212335516,1011462,0.00014970,16.00000000,1
1531212335606,1531212335602,1011463,0.00014970,33.00000000,1
1531212336310,1531212336305,1011464,0.00014970,16.00000000,1
1531212338593,1531212338588,1011465,0.00014970,134.00000000,1
1531212353443,1531212353438,1011466,0.00014969,142.00000000,1
1531212353467,1531212353462,1011467,0.00014970,21.00000000,0
1531212354530,1531212354525,1011468,0.00014969,66.00000000,1
1531212355463,1531212355458,1011469,0.00014969,40.00000000,1
1531212373286,1531212373282,1011470,0.00014969,39.00000000,1
1531212403302,1531212403298,1011471,0.00014975,13.00000000,0
1531212408189,1531212408186,1011472,0.00014969,9.00000000,1
1531212412932,1531212412926,1011473,0.00014974,26.00000000,0
1531212412950,1531212412945,1011474,0.00014974,145.00000000,0
1531212417445,1531212417437,1011475,0.00014975,3.00000000,0
1531212417445,1531212417437,1011476,0.00014976,66.00000000,0
1531212417445,1531212417437,1011477,0.00014977,46.00000000,0
1531212417445,1531212417437,1011478,0.00014978,116.00000000,0
1531212417445,1531212417437,1011479,0.00014979,54.00000000,0
1531212417445,1531212417437,1011480,0.00014980,248.00000000,0
1531212434490,1531212434486,1011481,0.00014975,117.00000000,1
1531212439316,1531212439310,1011482,0.00014981,13.00000000,0
1531212439316,1531212439310,1011483,0.00014987,19.00000000,0
1531212439316,1531212439310,1011484,0.00014993,231.00000000,0
1531212439752,1531212439748,1011485,0.00014993,303.00000000,0
1531212439752,1531212439748,1011486,0.00014994,227.00000000,0
1531212439990,1531212439987,1011487,0.00014994,87.00000000,0
1531212482841,1531212482836,1011488,0.00014982,90.00000000,0
1531212482862,1531212482857,1011489,0.00014993,163.00000000,0
1531212482891,1531212482886,1011490,0.00014993,39.00000000,0
1531212487735,1531212487731,1011491,0.00014994,390.00000000,0
1531212487735,1531212487731,1011492,0.00014995,40.00000000,0
1531212487735,1531212487731,1011493,0.00015000,3999.00000000,0
1531212492179,1531212492175,1011494,0.00014974,31.00000000,1
1531212497865,1531212497861,1011495,0.00014988,59.00000000,0
1531212497885,1531212497879,1011496,0.00014999,47.00000000,0
1531212507359,1531212507354,1011497,0.00015008,99.00000000,0
1531212508224,1531212508220,1011498,0.00015008,120.00000000,0
1531212518248,1531212518242,1011499,0.00015008,16.00000000,1
1531212518284,1531212518279,1011500,0.00015008,99.00000000,1
1531212525477,1531212525472,1011501,0.00015007,250.00000000,0
1531212526238,1531212526233,1011502,0.00015007,75.00000000,0
1531212526238,1531212526233,1011503,0.00015008,120.00000000,0
1531212526238,1531212526233,1011504,0.00015009,265.00000000,0
1531212527047,1531212527041,1011505,0.00015011,96.00000000,0
1531212536998,1531212536993,1011506,0.00015011,7.00000000,0
1531212537058,1531212537054,1011507,0.00015011,7.00000000,0
1531212537514,1531212537509,1011508,0.00015011,84.00000000,0
1531212544309,1531212544304,1011509,0.00015010,350.00000000,0
1531212544317,1531212544312,1011510,0.00015009,164.00000000,1
1531212549447,1531212549443,1011511,0.00015009,7.00000000,1
1531212549467,1531212549462,1011512,0.00015009,263.00000000,1
1531212557864,1531212557860,1011513,0.00015010,540.00000000,0
1531212557872,1531212557867,1011514,0.00015009,235.00000000,1
1531212559384,1531212559379,1011515,0.00015008,203.00000000,1
1531212569397,1531212569393,1011516,0.00014981,154.00000000,1
1531212569397,1531212569393,1011517,0.00014980,34.00000000,1
1531212569397,1531212569393,1011518,0.00014978,161.00000000,1
1531212600285,1531212600281,1011519,0.00014988,88.00000000,1
1531212600285,1531212600281,1011520,0.00014987,108.00000000,1
1531212600285,1531212600281,1011521,0.00014978,804.00000000,1
1531212611318,1531212611314,1011522,0.00014984,85.00000000,1
1531212619954,1531212619949,1011523,0.00014998,547.00000000,0
1531212619970,1531212619965,1011524,0.00014987,230.00000000,1
1531212631260,1531212631255,1011525,0.00014995,11.00000000,0
1531212631269,1531212631264,1011526,0.00015009,11.00000000,0
1531212652298,1531212652293,1011527,0.00014998,46.00000000,0
1531212652313,1531212652309,1011528,0.00014986,26.00000000,1
1531212678951,1531212678945,1011529,0.00014998,76.00000000,0
1531212678964,1531212678960,1011530,0.00014987,37.00000000,1
1531212678977,1531212678973,1011531,0.00014987,76.00000000,1
1531212744639,1531212744634,1011532,0.00014996,152.00000000,0
1531212744652,1531212744647,1011533,0.00014985,147.00000000,1
1531212744674,1531212744670,1011534,0.00014985,68.00000000,1
1531212756372,1531212756368,1011535,0.00015006,154.00000000,0
1531212756509,1531212756505,1011536,0.00015007,234.00000000,0
1531212758635,1531212758630,1011537,0.00015007,1.00000000,0
1531212769091,1531212769087,1011538,0.00015008,263.00000000,1
1531212769103,1531212769097,1011539,0.00015007,235.00000000,1
1531212779247,1531212779242,1011540,0.00015008,150.00000000,1
1531212792631,1531212792627,1011541,0.00015008,241.00000000,1
1531212792699,1531212792694,1011542,0.00015011,8.00000000,0
1531212794773,1531212794768,1011543,0.00015011,4468.00000000,1
1531212795220,1531212795215,1011544,0.00015011,916.00000000,1
1531212803901,1531212803897,1011545,0.00015007,149.00000000,1
1531212810768,1531212810764,1011546,0.00015008,2702.00000000,1
1531212810768,1531212810764,1011547,0.00015007,2.00000000,1
1531212812095,1531212812090,1011548,0.00014991,373.00000000,0
1531212812105,1531212812100,1011549,0.00015010,92.00000000,0
1531212812130,1531212812126,1011550,0.00015010,228.00000000,0
1531212827397,1531212827392,1011551,0.00014998,544.00000000,0
1531212827407,1531212827402,1011552,0.00015016,193.00000000,0
1531212827791,1531212827788,1011553,0.00015017,1.00000000,0
1531212840179,1531212840168,1011554,0.00014975,173.00000000,1
1531212840179,1531212840168,1011555,0.00014974,88.00000000,1
1531212840179,1531212840168,1011556,0.00014971,64.00000000,1
1531212840179,1531212840168,1011557,0.00014970,1725.00000000,1
1531212840179,1531212840168,1011558,0.00014969,1127.00000000,1
1531212840179,1531212840168,1011559,0.00014961,39.00000000,1
1531212840179,1531212840168,1011560,0.00014951,667.00000000,1
1531212840179,1531212840168,1011561,0.00014948,34.00000000,1
1531212840179,1531212840168,1011562,0.00014947,573.00000000,1
1531212840179,1531212840168,1011563,0.00014943,40.00000000,1
1531212840179,1531212840168,1011564,0.00014942,117.00000000,1
1531212840179,1531212840168,1011565,0.00014941,119.00000000,1
1531212840179,1531212840168,1011566,0.00014937,120.00000000,1
1531212840179,1531212840168,1011567,0.00014936,464.00000000,1
1531212840179,1531212840168,1011568,0.00014935,42.00000000,1
1531212853284,1531212853279,1011569,0.00014977,67.00000000,1
1531212853307,1531212853302,1011570,0.00014977,133.00000000,1
1531212853683,1531212853679,1011571,0.00014976,15.00000000,1
1531212853683,1531212853679,1011572,0.00014934,2108.00000000,1
1531212853683,1531212853679,1011573,0.00014933,426.00000000,1
1531212859250,1531212859246,1011574,0.00014949,48.00000000,1
1531212859250,1531212859246,1011575,0.00014947,16.00000000,1
1531212861796,1531212861792,1011576,0.00014983,2.00000000,0
1531212871846,1531212871842,1011577,0.00014956,145.00000000,1
1531212871861,1531212871857,1011578,0.00014956,15.00000000,1
1531212875810,1531212875806,1011579,0.00014974,14.00000000,0
1531212875853,1531212875849,1011580,0.00014975,290.00000000,0
1531212877435,1531212877430,1011581,0.00014975,3.00000000,0
1531212877943,1531212877938,1011582,0.00014979,612.00000000,0
1531212879871,1531212879866,1011583,0.00014974,14.00000000,1
1531212879900,1531212879895,1011584,0.00014972,26.00000000,0
1531212879953,1531212879951,1011585,0.00014979,929.00000000,0
1531212904082,1531212904078,1011586,0.00014961,40.00000000,0
1531212910836,1531212910831,1011587,0.00014958,21.00000000,0
1531212912852,1531212912847,1011588,0.00014958,10.00000000,0
1531212914109,1531212914103,1011589,0.00014957,31.00000000,0
1531212916841,1531212916838,1011590,0.00014958,9.00000000,0
1531212924405,1531212924400,1011591,0.00014963,39.00000000,1
1531212925859,1531212925854,1011592,0.00014980,40.00000000,0
1531212925859,1531212925854,1011593,0.00014981,192.00000000,0
1531212945412,1531212945407,1011594,0.00014967,49.00000000,1
1531212977619,1531212977614,1011595,0.00014980,178.00000000,0
1531213055385,1531213055381,1011596,0.00014980,1.00000000,0
1531213058027,1531213058022,1011597,0.00014980,250.00000000,0
1531213058148,1531213058144,1011598,0.00014980,371.00000000,0
1531213058430,1531213058424,1011599,0.00014981,234.00000000,0
1531213065511,1531213065507,1011600,0.00014978,595.00000000,0
1531213065525,1531213065521,1011601,0.00014975,44.00000000,1
1531213065549,1531213065544,1011602,0.00014975,204.00000000,1
1531213071794,1531213071790,1011603,0.00014981,2.00000000,0
1531213097907,1531213097903,1011604,0.00014981,1.00000000,0
1531213102699,1531213102694,1011605,0.00014981,7.00000000,0
1531213114737,1531213114734,1011606,0.00014979,39.00000000,0
1531213133227,1531213133223,1011607,0.00014973,235.00000000,1
1531213133242,1531213133237,1011608,0.00014973,63.00000000,1
1531213158061,1531213158055,1011609,0.00014978,243.00000000,0
1531213158082,1531213158079,1011610,0.00014976,68.00000000,1
1531213158110,1531213158104,1011611,0.00014976,239.00000000,1
1531213172224,1531213172219,1011612,0.00014976,131.00000000,1
1531213185638,1531213185633,1011613,0.00014976,70.00000000,1
1531213195989,1531213195985,1011614,0.00014976,208.00000000,1
1531213204403,1531213204398,1011615,0.00014976,126.00000000,1
1531213204423,1531213204419,1011616,0.00014976,241.00000000,1
1531213211300,1531213211296,1011617,0.00014978,107.00000000,0
1531213211322,1531213211316,1011618,0.00014976,39.00000000,1
1531213225678,1531213225673,1011619,0.00014976,54.00000000,1
1531213225698,1531213225694,1011620,0.00014976,84.00000000,1
1531213233469,1531213233464,1011621,0.00014976,184.00000000,1
1531213233486,1531213233481,1011622,0.00014976,227.00000000,1
1531213245380,1531213245376,1011623,0.00014976,93.00000000,1
1531213250512,1531213250508,1011624,0.00014981,28.00000000,0
1531213270391,1531213270385,1011625,0.00014983,29.00000000,1
1531213270408,1531213270404,1011626,0.00014983,74.00000000,1
1531213283164,1531213283159,1011627,0.00014987,656.00000000,0
1531213283185,1531213283179,1011628,0.00014983,29.00000000,1
1531213283208,1531213283203,1011629,0.00014983,293.00000000,1
1531213299653,1531213299647,1011630,0.00014986,240.00000000,1
1531213299673,1531213299669,1011631,0.00014986,26.00000000,1
1531213312798,1531213312794,1011632,0.00014986,103.00000000,1
1531213330588,1531213330582,1011633,0.00014986,31.00000000,1
1531213341489,1531213341484,1011634,0.00014991,151.00000000,0
1531213346271,1531213346265,1011635,0.00014986,9.00000000,1
1531213346292,1531213346289,1011636,0.00014986,68.00000000,1
1531213358130,1531213358126,1011637,0.00014986,82.00000000,1
1531213358141,1531213358136,1011638,0.00014986,278.00000000,1
1531213362624,1531213362619,1011639,0.00014990,472.00000000,0
1531213362636,1531213362632,1011640,0.00014986,170.00000000,1
1531213372921,1531213372917,1011641,0.00014990,97.00000000,0
1531213372935,1531213372931,1011642,0.00014986,81.00000000,1
1531213372952,1531213372948,1011643,0.00014986,69.00000000,1
1531213386014,1531213386008,1011644,0.00014986,19.00000000,1
1531213398766,1531213398762,1011645,0.00014990,423.00000000,0
1531213398775,1531213398772,1011646,0.00014986,172.00000000,1
1531213407568,1531213407564,1011647,0.00014992,555.00000000,0
1531213407584,1531213407580,1011648,0.00014991,197.00000000,1
1531213410404,1531213410398,1011649,0.00014994,37.00000000,0
1531213410404,1531213410398,1011650,0.00014995,70.00000000,0
1531213418933,1531213418928,1011651,0.00014989,267.00000000,0
1531213418953,1531213418948,1011652,0.00014983,239.00000000,1
1531213426490,1531213426486,1011653,0.00014983,148.00000000,1
1531213426505,1531213426499,1011654,0.00014983,63.00000000,1
1531213440378,1531213440373,1011655,0.00014989,217.00000000,0
1531213440390,1531213440384,1011656,0.00014983,187.00000000,1
1531213440472,1531213440467,1011657,0.00014983,178.00000000,1
1531213447049,1531213447044,1011658,0.00014989,439.00000000,0
1531213447063,1531213447058,1011659,0.00014983,85.00000000,1
1531213447078,1531213447073,1011660,0.00014983,247.00000000,1
1531213463993,1531213463988,1011661,0.00014995,1131.00000000,0
1531213464405,1531213464401,1011662,0.00014989,376.00000000,0
1531213464420,1531213464415,1011663,0.00014983,273.00000000,1
1531213464433,1531213464429,1011664,0.00014983,281.00000000,1
1531213485963,1531213485959,1011665,0.00014991,715.00000000,0
1531213485975,1531213485971,1011666,0.00014987,265.00000000,1
1531213510136,1531213510131,1011667,0.00014988,212.00000000,1
1531213510151,1531213510147,1011668,0.00014988,34.00000000,1
1531213517252,1531213517247,1011669,0.00014989,33.00000000,0
1531213517259,1531213517254,1011670,0.00014983,12.00000000,1
1531213541171,1531213541168,1011671,0.00014996,64.00000000,0
1531213553862,1531213553859,1011672,0.00014993,20.00000000,1
1531213553862,1531213553859,1011673,0.00014992,295.00000000,1
1531213568312,1531213568307,1011674,0.00014993,7.00000000,1
1531213568331,1531213568325,1011675,0.00014993,150.00000000,1
1531213572652,1531213572648,1011676,0.00014992,12.00000000,1
1531213584195,1531213584191,1011677,0.00014994,134.00000000,0
1531213584202,1531213584198,1011678,0.00014993,103.00000000,1
1531213584216,1531213584210,1011679,0.00014993,79.00000000,1
1531213589145,1531213589141,1011680,0.00014994,527.00000000,0
1531213589153,1531213589149,1011681,0.00014993,290.00000000,1
1531213605719,1531213605715,1011682,0.00014993,66.00000000,1
1531213605730,1531213605725,1011683,0.00014993,280.00000000,1
1531213621205,1531213621202,1011684,0.00014993,203.00000000,1
1531213631342,1531213631338,1011685,0.00014993,233.00000000,1
1531213631360,1531213631355,1011686,0.00014993,284.00000000,1
1531213645603,1531213645598,1011687,0.00014993,148.00000000,1
1531213645618,1531213645613,1011688,0.00014993,124.00000000,1
1531213658815,1531213658812,1011689,0.00014994,310.00000000,0
1531213658826,1531213658822,1011690,0.00014993,158.00000000,1
1531213658893,1531213658888,1011691,0.00014993,225.00000000,1
1531213669783,1531213669778,1011692,0.00014993,206.00000000,1
1531213669802,1531213669798,1011693,0.00014993,178.00000000,1
1531213680462,1531213680457,1011694,0.00014993,161.00000000,1
1531213680474,1531213680471,1011695,0.00014993,160.00000000,1
1531213683757,1531213683754,1011696,0.00014993,10.00000000,1
1531213688794,1531213688788,1011697,0.00014994,95.00000000,1
1531213688815,1531213688811,1011698,0.00014994,204.00000000,1
1531213705529,1531213705526,1011699,0.00014994,10.00000000,1
1531213705545,1531213705541,1011700,0.00014994,167.00000000,1
1531213715849,1531213715845,1011701,0.00014994,29.00000000,1
1531213731347,1531213731337,1011702,0.00015013,89.00000000,0
1531213731348,1531213731337,1011703,0.00015015,29.00000000,0
1531213731348,1531213731337,1011704,0.00015018,75.00000000,0
1531213731348,1531213731337,1011705,0.00015019,76.00000000,0
1531213731348,1531213731337,1011706,0.00015021,59.00000000,0
1531213731348,1531213731337,1011707,0.00015022,134.00000000,0
1531213731348,1531213731337,1011708,0.00015026,110.00000000,0
1531213731348,1531213731337,1011709,0.00015034,134.00000000,0
1531213731348,1531213731337,1011710,0.00015037,353.00000000,0
1531213731348,1531213731337,1011711,0.00015040,67.00000000,0
1531213731348,1531213731337,1011712,0.00015042,349.00000000,0
1531213731348,1531213731337,1011713,0.00015043,33.00000000,0
1531213731348,1531213731337,1011714,0.00015049,1173.00000000,0
1531213731348,1531213731337,1011715,0.00015050,14.00000000,0
1531213731348,1531213731337,1011716,0.00015051,30.00000000,0
1531213731348,1531213731337,1011717,0.00015054,35.00000000,0
1531213731348,1531213731337,1011718,0.00015057,7.00000000,0
1531213731348,1531213731337,1011719,0.00015058,14.00000000,0
1531213731348,1531213731337,1011720,0.00015063,883.00000000,0
1531213731348,1531213731337,1011721,0.00015066,14.00000000,0
1531213731348,1531213731337,1011722,0.00015075,170.00000000,0
1531213731348,1531213731337,1011723,0.00015083,7.00000000,0
1531213731348,1531213731337,1011724,0.00015084,71.00000000,0
1531213731348,1531213731337,1011725,0.00015092,35.00000000,0
1531213731348,1531213731337,1011726,0.00015099,5500.00000000,0
1531213731348,1531213731337,1011727,0.00015100,869.00000000,0
1531213731348,1531213731337,1011728,0.00015102,34.00000000,0
1531213731348,1531213731337,1011729,0.00015103,14.00000000,0
1531213731348,1531213731337,1011730,0.00015104,21.00000000,0
1531213731348,1531213731337,1011731,0.00015106,7.00000000,0
1531213731348,1531213731337,1011732,0.00015107,2865.00000000,0
1531213732063,1531213732060,1011733,0.00015071,28.00000000,1
1531213732686,1531213732682,1011734,0.00015026,40.00000000,1
1531213732853,1531213732847,1011735,0.00015026,40.00000000,1
1531213733489,1531213733485,1011736,0.00015026,222.00000000,0
1531213733489,1531213733485,1011737,0.00015103,3035.00000000,0
1531213736406,1531213736401,1011738,0.00015102,100.00000000,0
1531213736406,1531213736401,1011739,0.00015103,400.00000000,0
1531213736646,1531213736641,1011740,0.00015040,151.00000000,1
1531213737090,1531213737086,1011741,0.00015040,102.00000000,1
1531213737090,1531213737086,1011742,0.00015039,49.00000000,1
1531213738185,1531213738180,1011743,0.00015064,100.00000000,0
1531213738185,1531213738180,1011744,0.00015065,691.00000000,0
1531213738304,1531213738299,1011745,0.00015039,2.00000000,1
1531213740031,1531213740026,1011746,0.00015062,267.00000000,0
1531213740132,1531213740128,1011747,0.00015042,521.00000000,1
1531213740232,1531213740227,1011748,0.00015042,5.00000000,1
1531213740417,1531213740411,1011749,0.00015042,79.00000000,0
1531213740454,1531213740450,1011750,0.00015042,521.00000000,1
1531213740509,1531213740505,1011751,0.00015042,150.00000000,1
1531213748152,1531213748148,1011752,0.00015038,51.00000000,0
1531213748152,1531213748148,1011753,0.00015039,25.00000000,0
1531213748152,1531213748148,1011754,0.00015040,2.00000000,0
1531213750340,1531213750336,1011755,0.00015039,21.00000000,1
1531213754142,1531213754138,1011756,0.00015040,283.00000000,1
1531213756876,1531213756870,1011757,0.00015040,3.00000000,1
1531213757253,1531213757249,1011758,0.00015040,86.00000000,0
1531213757253,1531213757249,1011759,0.00015041,285.00000000,0
1531213763576,1531213763571,1011760,0.00015041,86.00000000,0
1531213768201,1531213768196,1011761,0.00015040,48.00000000,1
1531213770072,1531213770068,1011762,0.00015042,28.00000000,1
1531213770935,1531213770930,1011763,0.00015042,28.00000000,1
1531213786570,1531213786567,1011764,0.00015048,642.00000000,0
1531213786584,1531213786580,1011765,0.00015043,217.00000000,1
1531213786787,1531213786783,1011766,0.00015054,7.00000000,0
1531213799444,1531213799439,1011767,0.00015057,115.00000000,0
1531213799451,1531213799447,1011768,0.00015045,82.00000000,1
1531213799469,1531213799464,1011769,0.00015045,90.00000000,1
1531213808601,1531213808597,1011770,0.00015076,3.00000000,0
1531213809947,1531213809941,1011771,0.00015046,100.00000000,1
1531213809947,1531213809941,1011772,0.00015045,206.00000000,1
1531213809947,1531213809941,1011773,0.00015044,157.00000000,1
1531213809947,1531213809941,1011774,0.00015043,95.00000000,1
1531213813276,1531213813271,1011775,0.00015064,1.00000000,0
1531213818652,1531213818649,1011776,0.00015032,275.00000000,1
1531213830706,1531213830703,1011777,0.00015052,7.00000000,0
1531213830993,1531213830988,1011778,0.00015052,7.00000000,0
1531213858031,1531213858025,1011779,0.00015050,7.00000000,0
1531213858031,1531213858025,1011780,0.00015051,48.00000000,0
1531213858031,1531213858025,1011781,0.00015053,89.00000000,0
1531213858031,1531213858025,1011782,0.00015075,489.00000000,0
1531213858031,1531213858025,1011783,0.00015077,149.00000000,0
1531213858031,1531213858025,1011784,0.00015080,526.00000000,0
1531213858031,1531213858025,1011785,0.00015085,7.00000000,0
1531213858031,1531213858025,1011786,0.00015086,80.00000000,0
1531213858031,1531213858025,1011787,0.00015093,21.00000000,0
1531213858031,1531213858025,1011788,0.00015094,1784.00000000,0
1531213871620,1531213871615,1011789,0.00015086,7.00000000,0
1531213872941,1531213872938,1011790,0.00015084,139.00000000,0
1531213882505,1531213882501,1011791,0.00015048,125.00000000,1
1531213884262,1531213884258,1011792,0.00015064,264.00000000,0
1531213884277,1531213884271,1011793,0.00015047,7.00000000,1
1531213884299,1531213884295,1011794,0.00015047,104.00000000,1
1531213888950,1531213888947,1011795,0.00015035,10.00000000,1
1531213891699,1531213891695,1011796,0.00015073,7.00000000,0
1531213892206,1531213892201,1011797,0.00015072,7.00000000,0
1531213892214,1531213892211,1011798,0.00015072,14.00000000,0
1531213892296,1531213892292,1011799,0.00015072,7.00000000,0
1531213892367,1531213892362,1011800,0.00015078,14.00000000,1
1531213892564,1531213892559,1011801,0.00015071,7.00000000,0
1531213892668,1531213892664,1011802,0.00015071,21.00000000,0
1531213892801,1531213892797,1011803,0.00015071,7.00000000,0
1531213893025,1531213893020,1011804,0.00015071,7.00000000,0
1531213896499,1531213896494,1011805,0.00015070,93.00000000,0
1531213908117,1531213908113,1011806,0.00015065,7.00000000,0
1531213910204,1531213910200,1011807,0.00015062,66.00000000,1
1531213910220,1531213910215,1011808,0.00015062,1.00000000,1
1531213916276,1531213916263,1011809,0.00015049,252.00000000,0
1531213916292,1531213916288,1011810,0.00015038,72.00000000,1
1531213916313,1531213916308,1011811,0.00015038,168.00000000,1
1531213931218,1531213931214,1011812,0.00015052,141.00000000,0
1531213931232,1531213931227,1011813,0.00015039,255.00000000,1
1531213931252,1531213931247,1011814,0.00015039,107.00000000,1
1531213959108,1531213959103,1011815,0.00015045,10.00000000,1
1531213961152,1531213961147,1011816,0.00015055,500.00000000,0
1531213961162,1531213961157,1011817,0.00015065,275.00000000,0
1531213966476,1531213966471,1011818,0.00015067,141.00000000,0
1531213966476,1531213966471,1011819,0.00015068,100.00000000,0
1531213966476,1531213966471,1011820,0.00015099,7.00000000,0
1531213966476,1531213966471,1011821,0.00015100,7.00000000,0
1531213966476,1531213966471,1011822,0.00015105,57.00000000,0
1531213966476,1531213966471,1011823,0.00015107,688.00000000,0
1531213973581,1531213973574,1011824,0.00015101,7.00000000,0
1531213976286,1531213976281,1011825,0.00015099,179.00000000,0
1531213976286,1531213976281,1011826,0.00015100,4449.00000000,0
1531213978180,1531213978176,1011827,0.00015059,8.00000000,1
1531213982012,1531213982009,1011828,0.00015097,48.00000000,0
1531213983576,1531213983572,1011829,0.00015060,92.00000000,1
1531213983708,1531213983704,1011830,0.00015059,135.00000000,1
1531213987485,1531213987479,1011831,0.00015057,1.00000000,1
1531213995399,1531213995394,1011832,0.00015060,1003.00000000,1
1531213995842,1531213995839,1011833,0.00015060,207.00000000,1
1531213996105,1531213996102,1011834,0.00015093,87.00000000,1
1531213996116,1531213996113,1011835,0.00015093,1.00000000,1
1531213996116,1531213996113,1011836,0.00015060,87.00000000,1
1531214005099,1531214005096,1011837,0.00015047,43.00000000,1
1531214005099,1531214005096,1011838,0.00015046,219.00000000,1
1531214006277,1531214006274,1011839,0.00015090,7.00000000,0
1531214018723,1531214018715,1011840,0.00015060,66.00000000,1
1531214020144,1531214020139,1011841,0.00015080,136.00000000,0
1531214020171,1531214020168,1011842,0.00015081,92.00000000,1
1531214027891,1531214027887,1011843,0.00015077,135.00000000,0
1531214027906,1531214027901,1011844,0.00015077,240.00000000,1
1531214027919,1531214027915,1011845,0.00015050,100.00000000,1
1531214027919,1531214027915,1011846,0.00015047,140.00000000,1
1531214028732,1531214028728,1011847,0.00015048,7.00000000,1
1531214064884,1531214064880,1011848,0.00015055,267.00000000,1
1531214076385,1531214076380,1011849,0.00015056,240.00000000,1
1531214097455,1531214097450,1011850,0.00015065,270.00000000,0
1531214097467,1531214097461,1011851,0.00015074,125.00000000,0
1531214100584,1531214100579,1011852,0.00015075,33.00000000,0
1531214118740,1531214118736,1011853,0.00015066,80.00000000,0
1531214118754,1531214118749,1011854,0.00015075,285.00000000,0
1531214118777,1531214118772,1011855,0.00015075,59.00000000,0
1531214124185,1531214124181,1011856,0.00015058,238.00000000,1
1531214130424,1531214130420,1011857,0.00015058,1117.00000000,1
1531214139705,1531214139701,1011858,0.00015060,141.00000000,1
1531214139727,1531214139722,1011859,0.00015060,56.00000000,1
1531214149682,1531214149679,1011860,0.00015064,7.00000000,1
1531214153644,1531214153638,1011861,0.00015074,46.00000000,0
1531214166285,1531214166281,1011862,0.00015075,126.00000000,0
1531214166285,1531214166281,1011863,0.00015076,112.00000000,0
1531214171562,1531214171559,1011864,0.00015076,5.00000000,0
1531214172444,1531214172441,1011865,0.00015076,121.00000000,0
1531214172550,1531214172546,1011866,0.00015076,462.00000000,1
1531214173572,1531214173548,1011867,0.00015075,212.00000000,1
1531214184569,1531214184565,1011868,0.00015076,290.00000000,1
1531214184977,1531214184974,1011869,0.00015072,243.00000000,0
1531214184991,1531214184987,1011870,0.00015065,240.00000000,1
1531214185008,1531214185005,1011871,0.00015065,187.00000000,1
1531214191146,1531214191143,1011872,0.00015079,7.00000000,0
1531214198164,1531214198160,1011873,0.00015072,90.00000000,0
1531214198179,1531214198174,1011874,0.00015065,78.00000000,1
1531214206299,1531214206294,1011875,0.00015080,91.00000000,0
1531214210158,1531214210155,1011876,0.00015069,20.00000000,1
1531214210158,1531214210155,1011877,0.00015065,121.00000000,1
1531214210452,1531214210447,1011878,0.00015065,26.00000000,1
1531214210452,1531214210447,1011879,0.00015064,26.00000000,1
1531214236631,1531214236626,1011880,0.00015064,4.00000000,1
1531214244851,1531214244846,1011881,0.00015055,16.00000000,1
1531214244869,1531214244865,1011882,0.00015055,88.00000000,1
1531214250392,1531214250388,1011883,0.00015064,50.00000000,0
1531214250409,1531214250405,1011884,0.00015092,4180.00000000,1
1531214250409,1531214250406,1011885,0.00015092,1315.00000000,1
1531214250409,1531214250406,1011886,0.00015055,632.00000000,1
1531214254169,1531214254164,1011887,0.00015065,1.00000000,1
1531214257468,1531214257464,1011888,0.00015078,428.00000000,0
1531214257686,1531214257681,1011889,0.00015065,42.00000000,1
1531214257705,1531214257702,1011890,0.00015065,165.00000000,1
1531214259034,1531214259031,1011891,0.00015064,50.00000000,1
1531214261787,1531214261783,1011892,0.00015065,1.00000000,0
1531214263588,1531214263583,1011893,0.00015064,162.00000000,1
1531214267998,1531214267994,1011894,0.00015065,25.00000000,1
1531214267998,1531214267994,1011895,0.00015064,25.00000000,1
1531214275917,1531214275914,1011896,0.00015096,1.00000000,0
1531214277064,1531214277059,1011897,0.00015065,50.00000000,1
1531214278230,1531214278225,1011898,0.00015065,155.00000000,1
1531214278250,1531214278245,1011899,0.00015065,154.00000000,1
1531214280128,1531214280125,1011900,0.00015064,466.00000000,1
1531214290773,1531214290767,1011901,0.00015058,290.00000000,0
1531214290785,1531214290781,1011902,0.00015063,276.00000000,0
1531214290808,1531214290803,1011903,0.00015063,274.00000000,0
1531214300745,1531214300739,1011904,0.00015047,17.00000000,1
1531214306529,1531214306525,1011905,0.00015046,47.00000000,1
1531214308320,1531214308316,1011906,0.00015054,103.00000000,0
1531214308335,1531214308329,1011907,0.00015063,36.00000000,0
1531214308361,1531214308357,1011908,0.00015063,77.00000000,0
1531214312226,1531214312221,1011909,0.00015063,8.00000000,0
1531214316349,1531214316344,1011910,0.00015064,1.00000000,0
1531214325852,1531214325848,1011911,0.00015047,290.00000000,1
1531214333153,1531214333149,1011912,0.00015056,240.00000000,0
1531214333165,1531214333160,1011913,0.00015048,154.00000000,1
1531214350472,1531214350468,1011914,0.00015063,157.00000000,0
1531214350489,1531214350486,1011915,0.00015063,17.00000000,0
1531214352222,1531214352217,1011916,0.00015064,1.00000000,0
1531214366035,1531214366031,1011917,0.00015063,10.00000000,0
1531214366052,1531214366047,1011918,0.00015063,63.00000000,0
1531214369131,1531214369127,1011919,0.00015064,1.00000000,0
1531214378393,1531214378390,1011920,0.00015049,283.00000000,1
1531214393702,1531214393698,1011921,0.00015046,177.00000000,1
1531214404945,1531214404941,1011922,0.00015054,337.00000000,0
1531214404955,1531214404951,1011923,0.00015063,270.00000000,0
1531214404972,1531214404967,1011924,0.00015063,148.00000000,0
1531214407499,1531214407496,1011925,0.00015064,1.00000000,0
1531214424465,1531214424461,1011926,0.00015048,68.00000000,1
1531214424491,1531214424486,1011927,0.00015048,282.00000000,1
1531214425927,1531214425922,1011928,0.00015064,296.00000000,0
1531214434649,1531214434646,1011929,0.00015064,50.00000000,1
1531214447789,1531214447785,1011930,0.00015070,50.00000000,1
1531214449176,1531214449173,1011931,0.00015092,146.00000000,0
1531214454963,1531214454959,1011932,0.00015093,92.00000000,0
1531214456097,1531214456093,1011933,0.00015100,129.00000000,0
1531214458354,1531214458339,1011934,0.00015095,2.00000000,1
1531214458494,1531214458491,1011935,0.00015100,7.00000000,0
1531214459062,1531214459058,1011936,0.00015100,80.00000000,0
1531214459062,1531214459058,1011937,0.00015101,39.00000000,0
1531214460980,1531214460977,1011938,0.00015096,22.00000000,1
1531214461186,1531214461183,1011939,0.00015096,13.00000000,1
1531214463068,1531214463064,1011940,0.00015101,1.00000000,0
1531214463142,1531214463137,1011941,0.00015108,86.00000000,0
1531214463988,1531214463984,1011942,0.00015111,17.00000000,0
1531214466731,1531214466726,1011943,0.00015122,21.00000000,0
1531214466731,1531214466726,1011944,0.00015123,28.00000000,0
1531214466731,1531214466726,1011945,0.00015124,7.00000000,0
1531214466731,1531214466726,1011946,0.00015125,58.00000000,0
1531214466731,1531214466726,1011947,0.00015128,74.00000000,0
1531214466731,1531214466726,1011948,0.00015130,34.00000000,0
1531214466731,1531214466726,1011949,0.00015132,178.00000000,0
1531214471609,1531214471605,1011950,0.00015109,12.00000000,1
1531214472480,1531214472474,1011951,0.00015132,69.00000000,0
1531214472480,1531214472474,1011952,0.00015133,14.00000000,0
1531214472480,1531214472474,1011953,0.00015138,7.00000000,0
1531214472480,1531214472474,1011954,0.00015139,7.00000000,0
1531214472480,1531214472474,1011955,0.00015141,7.00000000,0
1531214473501,1531214473498,1011956,0.00015141,33.00000000,0
1531214473534,1531214473531,1011957,0.00015141,40.00000000,1
1531214474230,1531214474226,1011958,0.00015111,394.00000000,1
1531214474230,1531214474226,1011959,0.00015110,100.00000000,1
1531214474230,1531214474226,1011960,0.00015109,120.00000000,1
1531214474230,1531214474226,1011961,0.00015103,34.00000000,1
1531214477697,1531214477693,1011962,0.00015107,76.00000000,1
1531214477983,1531214477977,1011963,0.00015141,34.00000000,0
1531214478877,1531214478872,1011964,0.00015140,100.00000000,0
1531214478877,1531214478872,1011965,0.00015142,34.00000000,0
1531214478984,1531214478981,1011966,0.00015140,79.00000000,1
1531214478993,1531214478988,1011967,0.00015140,21.00000000,1
1531214479969,1531214479964,1011968,0.00015142,314.00000000,0
1531214479969,1531214479964,1011969,0.00015143,23.00000000,0
1531214479969,1531214479964,1011970,0.00015147,117.00000000,0
1531214479969,1531214479964,1011971,0.00015149,110.00000000,0
1531214479969,1531214479964,1011972,0.00015150,876.00000000,0
1531214486195,1531214486190,1011973,0.00015133,7.00000000,1
1531214486195,1531214486190,1011974,0.00015112,5.00000000,1
1531214486289,1531214486285,1011975,0.00015112,8.00000000,1
1531214486289,1531214486285,1011976,0.00015111,18.00000000,1
1531214494771,1531214494767,1011977,0.00015116,12.00000000,1
1531214498819,1531214498815,1011978,0.00015127,14.00000000,0
1531214498846,1531214498840,1011979,0.00015127,7.00000000,0
1531214499033,1531214499027,1011980,0.00015127,7.00000000,0
1531214499219,1531214499216,1011981,0.00015127,21.00000000,0
1531214499277,1531214499272,1011982,0.00015127,7.00000000,0
1531214499322,1531214499319,1011983,0.00015127,7.00000000,0
1531214499501,1531214499495,1011984,0.00015127,7.00000000,0
1531214499586,1531214499583,1011985,0.00015127,7.00000000,0
1531214500859,1531214500854,1011986,0.00015113,21.00000000,1
1531214501413,1531214501409,1011987,0.00015127,34.00000000,0
1531214502111,1531214502107,1011988,0.00015118,33.00000000,1
1531214502927,1531214502924,1011989,0.00015122,217.00000000,0
1531214502941,1531214502936,1011990,0.00015127,67.00000000,0
1531214505247,1531214505243,1011991,0.00015127,15.00000000,1
1531214505687,1531214505683,1011992,0.00015127,53.00000000,1
1531214507281,1531214507277,1011993,0.00015127,18.00000000,1
1531214510977,1531214510974,1011994,0.00015128,7.00000000,0
1531214512756,1531214512752,1011995,0.00015127,25.00000000,1
1531214512769,1531214512766,1011996,0.00015127,61.00000000,0
1531214512779,1531214512774,1011997,0.00015127,25.00000000,1
1531214517815,1531214517810,1011998,0.00015127,21.00000000,0
1531214519010,1531214519007,1011999,0.00015127,7.00000000,0
1531214519611,1531214519608,1012000,0.00015127,7.00000000,0
1531214520239,1531214520236,1012001,0.00015127,7.00000000,0
1531214521581,1531214521578,1012002,0.00015127,111.00000000,0
1531214523832,1531214523829,1012003,0.00015128,6.00000000,0
1531214524194,1531214524189,1012004,0.00015128,31.00000000,1
1531214531031,1531214531028,1012005,0.00015131,5.00000000,1
1531214538521,1531214538518,1012006,0.00015131,7.00000000,0
1531214541509,1531214541505,1012007,0.00015130,34.00000000,1
1531214542377,1531214542373,1012008,0.00015128,103.00000000,1
1531214547455,1531214547452,1012009,0.00015131,1.00000000,0
1531214559498,1531214559494,1012010,0.00015131,7.00000000,0
1531214559727,1531214559723,1012011,0.00015128,210.00000000,1
1531214573037,1531214573034,1012012,0.00015129,129.00000000,0
1531214573041,1531214573038,1012013,0.00015130,51.00000000,0
1531214573058,1531214573055,1012014,0.00015130,71.00000000,0
1531214579832,1531214579828,1012015,0.00015130,247.00000000,0
1531214579850,1531214579846,1012016,0.00015130,128.00000000,0
1531214580433,1531214580429,1012017,0.00015128,73.00000000,1
1531214583047,1531214583042,1012018,0.00015128,1721.00000000,1
1531214587678,1531214587675,1012019,0.00015128,536.00000000,0
1531214587691,1531214587688,1012020,0.00015130,295.00000000,0
1531214588431,1531214588427,1012021,0.00015127,7.00000000,1
1531214588431,1531214588427,1012022,0.00015123,43.00000000,1
1531214596144,1531214596139,1012023,0.00015122,13.00000000,1
1531214596144,1531214596139,1012024,0.00015115,24.00000000,1
1531214596144,1531214596139,1012025,0.00015111,24.00000000,1
1531214597981,1531214597976,1012026,0.00015130,739.00000000,1
1531214599768,1531214599765,1012027,0.00015105,31.00000000,1
1531214600245,1531214600239,1012028,0.00015104,8.00000000,1
1531214600353,1531214600350,1012029,0.00015103,5.00000000,1
1531214600403,1531214600398,1012030,0.00015103,5.00000000,1
1531214600692,1531214600687,1012031,0.00015105,8.00000000,1
1531214600813,1531214600810,1012032,0.00015105,8.00000000,1
1531214600854,1531214600850,1012033,0.00015105,5.00000000,1
1531214600908,1531214600905,1012034,0.00015105,12.00000000,1
1531214600986,1531214600982,1012035,0.00015105,6.00000000,1
1531214601041,1531214601036,1012036,0.00015105,8.00000000,1
1531214601199,1531214601196,1012037,0.00015105,13.00000000,1
1531214601219,1531214601215,1012038,0.00015105,12.00000000,1
1531214601378,1531214601375,1012039,0.00015105,5.00000000,1
1531214601411,1531214601407,1012040,0.00015105,8.00000000,1
1531214601433,1531214601429,1012041,0.00015105,3.00000000,1
1531214601433,1531214601429,1012042,0.00015103,5.00000000,1
1531214601525,1531214601522,1012043,0.00015095,8.00000000,1
1531214601705,1531214601701,1012044,0.00015095,8.00000000,1
1531214601759,1531214601756,1012045,0.00015095,8.00000000,1
1531214602107,1531214602103,1012046,0.00015095,8.00000000,1
1531214602149,1531214602146,1012047,0.00015095,11.00000000,1
1531214602333,1531214602330,1012048,0.00015095,101.00000000,1
1531214603648,1531214603643,1012049,0.00015129,97.00000000,0
1531214603648,1531214603643,1012050,0.00015130,38.00000000,0
1531214603648,1531214603643,1012051,0.00015131,4.00000000,0
1531214605404,1531214605400,1012052,0.00015131,103.00000000,1
1531214608673,1531214608669,1012053,0.00015095,6.00000000,1
1531214608730,1531214608724,1012054,0.00015095,8.00000000,1
1531214608793,1531214608789,1012055,0.00015095,8.00000000,1
1531214612258,1531214612253,1012056,0.00015098,51.00000000,1
1531214616799,1531214616795,1012057,0.00015099,8.00000000,1
1531214616850,1531214616845,1012058,0.00015099,8.00000000,1
1531214616901,1531214616897,1012059,0.00015099,8.00000000,1
1531214617152,1531214617147,1012060,0.00015099,14.00000000,1
1531214620812,1531214620807,1012061,0.00015102,8.00000000,1
1531214620856,1531214620853,1012062,0.00015102,8.00000000,1
1531214623886,1531214623881,1012063,0.00015103,374.00000000,1
1531214628151,1531214628148,1012064,0.00015104,11.00000000,1
1531214628151,1531214628148,1012065,0.00015103,2.00000000,1
1531214628227,1531214628223,1012066,0.00015098,8.00000000,1
1531214652827,1531214652824,1012067,0.00015097,35.00000000,1
1531214664553,1531214664549,1012068,0.00015098,83.00000000,1
1531214669567,1531214669564,1012069,0.00015098,169.00000000,1
1531214669596,1531214669591,1012070,0.00015098,176.00000000,1
1531214671376,1531214671370,1012071,0.00015097,7.00000000,1
1531214700498,1531214700494,1012072,0.00015098,42.00000000,1
1531214700514,1531214700511,1012073,0.00015098,187.00000000,1
1531214706277,1531214706273,1012074,0.00015098,265.00000000,1
1531214706301,1531214706297,1012075,0.00015098,203.00000000,1
1531214760301,1531214760298,1012076,0.00015098,2.00000000,1
1531214776890,1531214776885,1012077,0.00015097,11.00000000,1
1531214815935,1531214815930,1012078,0.00015116,7.00000000,1
1531214815935,1531214815930,1012079,0.00015097,71.00000000,1
1531214831565,1531214831561,1012080,0.00015117,246.00000000,0
1531214834110,1531214834106,1012081,0.00015097,153.00000000,1
1531214836687,1531214836682,1012082,0.00015118,77.00000000,0
1531214846371,1531214846367,1012083,0.00015127,223.00000000,0
1531214846386,1531214846381,1012084,0.00015127,110.00000000,0
1531214852730,1531214852725,1012085,0.00015128,8.00000000,0
1531214855356,1531214855351,1012086,0.00015128,184.00000000,1
1531214855932,1531214855928,1012087,0.00015128,102.00000000,1
1531214862879,1531214862875,1012088,0.00015098,15.00000000,1
1531214865828,1531214865824,1012089,0.00015098,144.00000000,1
1531214871958,1531214871954,1012090,0.00015097,147.00000000,1
1531214871979,1531214871975,1012091,0.00015097,195.00000000,0
1531214871993,1531214871989,1012092,0.00015098,15.00000000,0
1531214872263,1531214872260,1012093,0.00015128,8.00000000,0
1531214872963,1531214872959,1012094,0.00015128,39.00000000,1
1531214874966,1531214874961,1012095,0.00015128,18.00000000,1
1531214874968,1531214874963,1012096,0.00015138,1.00000000,0
1531214883129,1531214883125,1012097,0.00015134,52.00000000,0
1531214891056,1531214891052,1012098,0.00015100,70.00000000,1
1531214896375,1531214896371,1012099,0.00015113,315.00000000,0
1531214896390,1531214896385,1012100,0.00015100,135.00000000,1
1531214901830,1531214901824,1012101,0.00015100,35.00000000,1
1531214901830,1531214901824,1012102,0.00015099,39.00000000,1
1531214901830,1531214901824,1012103,0.00015083,63.00000000,1
1531214903079,1531214903076,1012104,0.00015124,122.00000000,0
1531214904601,1531214904595,1012105,0.00015123,48.00000000,0
1531214904601,1531214904595,1012106,0.00015124,14.00000000,0
1531214904601,1531214904595,1012107,0.00015138,12.00000000,0
1531214904601,1531214904595,1012108,0.00015149,732.00000000,0
1531214914866,1531214914863,1012109,0.00015107,8.00000000,1
1531214914951,1531214914948,1012110,0.00015107,12.00000000,1
1531214914987,1531214914983,1012111,0.00015107,8.00000000,1
1531214915074,1531214915070,1012112,0.00015107,8.00000000,1
1531214916118,1531214916113,1012113,0.00015108,139.00000000,1
1531214916118,1531214916113,1012114,0.00015107,322.00000000,1
1531214919704,1531214919699,1012115,0.00015147,100.00000000,0
1531214920532,1531214920527,1012116,0.00015110,8.00000000,1
1531214920592,1531214920587,1012117,0.00015110,8.00000000,1
1531214920674,1531214920671,1012118,0.00015110,8.00000000,1
1531214920725,1531214920722,1012119,0.00015110,8.00000000,1
1531214920816,1531214920811,1012120,0.00015110,8.00000000,1
1531214920886,1531214920882,1012121,0.00015110,8.00000000,1
1531214921098,1531214921094,1012122,0.00015111,8.00000000,1
1531214922723,1531214922716,1012123,0.00015148,127.00000000,0
1531214925946,1531214925943,1012124,0.00015149,320.00000000,0
1531214928956,1531214928952,1012125,0.00015150,422.00000000,0
1531214931957,1531214931954,1012126,0.00015150,1.00000000,0
1531214937138,1531214937134,1012127,0.00015119,50.00000000,1
1531214937436,1531214937431,1012128,0.00015119,42.00000000,1
1531214938035,1531214938030,1012129,0.00015118,294.00000000,1
1531214938035,1531214938030,1012130,0.00015116,4808.00000000,1
1531214938035,1531214938030,1012131,0.00015115,250.00000000,1
1531214938035,1531214938030,1012132,0.00015113,772.00000000,1
1531214938157,1531214938153,1012133,0.00015119,50.00000000,0
1531214938497,1531214938494,1012134,0.00015120,190.00000000,1
1531214950023,1531214950019,1012135,0.00015112,12.00000000,1
1531214950023,1531214950019,1012136,0.00015111,544.00000000,1
1531214958025,1531214958021,1012137,0.00015110,1904.00000000,1
1531214987605,1531214987599,1012138,0.00015132,139.00000000,0
1531214987605,1531214987599,1012139,0.00015142,12.00000000,0
1531214987605,1531214987599,1012140,0.00015150,176.00000000,0
1531214987605,1531214987599,1012141,0.00015163,72.00000000,0
1531215008945,1531215008940,1012142,0.00015157,165.00000000,0
1531215010398,1531215010394,1012143,0.00015157,249.00000000,0
1531215010413,1531215010410,1012144,0.00015157,25.00000000,0
1531215023065,1531215023062,1012145,0.00015162,19.00000000,0
1531215023065,1531215023062,1012146,0.00015163,146.00000000,0
1531215034204,1531215034201,1012147,0.00015164,26.00000000,0
1531215034294,1531215034291,1012148,0.00015164,217.00000000,1
1531215034305,1531215034300,1012149,0.00015126,43.00000000,1
1531215042970,1531215042964,1012150,0.00015123,57.00000000,1
1531215042970,1531215042964,1012151,0.00015121,40.00000000,1
1531215042970,1531215042964,1012152,0.00015111,238.00000000,1
1531215048751,1531215048748,1012153,0.00015113,190.00000000,1
1531215048832,1531215048829,1012154,0.00015111,47.00000000,0
1531215048865,1531215048861,1012155,0.00015111,40.00000000,0
1531215049682,1531215049678,1012156,0.00015111,17.00000000,0
1531215049720,1531215049717,1012157,0.00015111,64.00000000,0
1531215049736,1531215049732,1012158,0.00015111,31.00000000,0
1531215085949,1531215085945,1012159,0.00015112,8.00000000,1
1531215090718,1531215090714,1012160,0.00015147,162.00000000,0
1531215090718,1531215090714,1012161,0.00015149,1047.00000000,0
1531215090718,1531215090714,1012162,0.00015168,631.00000000,0
1531215092379,1531215092375,1012163,0.00015113,78.00000000,1
1531215092392,1531215092388,1012164,0.00015113,213.00000000,1
1531215103883,1531215103879,1012165,0.00015117,92.00000000,1
1531215104480,1531215104476,1012166,0.00015117,91.00000000,1
1531215104883,1531215104879,1012167,0.00015162,54.00000000,0
1531215105052,1531215105048,1012168,0.00015117,47.00000000,1
1531215105052,1531215105048,1012169,0.00015115,45.00000000,1
1531215105654,1531215105650,1012170,0.00015115,13.00000000,1
1531215118911,1531215118905,1012171,0.00015114,42.00000000,1
1531215118911,1531215118905,1012172,0.00015112,6.00000000,1
1531215118911,1531215118905,1012173,0.00015111,13.00000000,1
1531215118911,1531215118905,1012174,0.00015110,17.00000000,1
1531215118911,1531215118905,1012175,0.00015101,21.00000000,1
1531215126905,1531215126900,1012176,0.00015125,52.00000000,0
1531215143538,1531215143535,1012177,0.00015093,20.00000000,1
1531215146219,1531215146214,1012178,0.00015104,249.00000000,0
1531215146236,1531215146232,1012179,0.00015104,43.00000000,1
1531215146236,1531215146232,1012180,0.00015093,87.00000000,1
1531215154454,1531215154451,1012181,0.00015113,51.00000000,0
1531215158261,1531215158256,1012182,0.00015093,215.00000000,1
1531215158276,1531215158272,1012183,0.00015093,42.00000000,1
1531215172800,1531215172795,1012184,0.00015113,209.00000000,0
1531215180052,1531215180048,1012185,0.00015104,361.00000000,0
1531215180074,1531215180069,1012186,0.00015093,210.00000000,1
1531215180102,1531215180098,1012187,0.00015093,129.00000000,1
1531215181830,1531215181824,1012188,0.00015116,1509.00000000,0
1531215188353,1531215188348,1012189,0.00015114,91.00000000,0
1531215188372,1531215188367,1012190,0.00015114,230.00000000,0
1531215197672,1531215197668,1012191,0.00015113,268.00000000,0
1531215214041,1531215214037,1012192,0.00015112,190.00000000,0
1531215232657,1531215232654,1012193,0.00015113,195.00000000,0
1531215232673,1531215232668,1012194,0.00015114,89.00000000,0
1531215232685,1531215232681,1012195,0.00015114,71.00000000,0
1531215239130,1531215239127,1012196,0.00015113,17.00000000,0
1531215239140,1531215239135,1012197,0.00015114,199.00000000,0
1531215239166,1531215239163,1012198,0.00015114,17.00000000,0
1531215246413,1531215246410,1012199,0.00015112,99.00000000,1
1531215248550,1531215248547,1012200,0.00015113,99.00000000,1
1531215250270,1531215250265,1012201,0.00015113,33.00000000,1
1531215251283,1531215251279,1012202,0.00015113,136.00000000,1
1531215263366,1531215263363,1012203,0.00015112,173.00000000,1
1531215263395,1531215263392,1012204,0.00015113,68.00000000,0
1531215268220,1531215268215,1012205,0.00015114,117.00000000,0
1531215269216,1531215269211,1012206,0.00015114,3163.00000000,0
1531215272065,1531215272061,1012207,0.00015113,136.00000000,1
1531215278071,1531215278066,1012208,0.00015113,68.00000000,0
1531215278071,1531215278066,1012209,0.00015114,758.00000000,0
1531215292281,1531215292276,1012210,0.00015112,390.00000000,1
1531215292316,1531215292312,1012211,0.00015113,57.00000000,0
1531215292335,1531215292332,1012212,0.00015113,250.00000000,0
1531215293015,1531215293011,1012213,0.00015114,1252.00000000,0
1531215298464,1531215298459,1012214,0.00015116,3315.00000000,0
1531215299067,1531215299063,1012215,0.00015115,4659.00000000,0
1531215302883,1531215302879,1012216,0.00015120,100.00000000,0
1531215302892,1531215302889,1012217,0.00015113,60.00000000,1
1531215309033,1531215309030,1012218,0.00015126,3212.00000000,0
1531215311119,1531215311115,1012219,0.00015120,518.00000000,0
1531215311133,1531215311130,1012220,0.00015114,198.00000000,1
1531215325425,1531215325421,1012221,0.00015120,246.00000000,0
1531215325439,1531215325435,1012222,0.00015113,176.00000000,1
1531215331182,1531215331177,1012223,0.00015126,134.00000000,0
1531215331198,1531215331194,1012224,0.00015126,279.00000000,0
1531215342497,1531215342492,1012225,0.00015118,274.00000000,0
1531215342513,1531215342508,1012226,0.00015125,98.00000000,0
1531215360066,1531215360062,1012227,0.00015126,89.00000000,0
1531215360079,1531215360075,1012228,0.00015126,67.00000000,0
1531215376791,1531215376786,1012229,0.00015113,71.00000000,1
1531215376807,1531215376803,1012230,0.00015113,201.00000000,1
1531215384700,1531215384696,1012231,0.00015113,117.00000000,1
1531215390957,1531215390953,1012232,0.00015112,53.00000000,1
1531215391048,1531215391045,1012233,0.00015112,6.00000000,1
1531215392042,1531215392038,1012234,0.00015112,48.00000000,0
1531215392042,1531215392038,1012235,0.00015113,480.00000000,0
1531215405662,1531215405658,1012236,0.00015108,63.00000000,0
1531215405681,1531215405677,1012237,0.00015124,23.00000000,0
1531215426285,1531215426281,1012238,0.00015125,250.00000000,0
1531215426285,1531215426281,1012239,0.00015127,13.00000000,0
1531215426285,1531215426281,1012240,0.00015150,15.00000000,0
1531215426285,1531215426281,1012241,0.00015151,40.00000000,0
1531215426285,1531215426281,1012242,0.00015165,8.00000000,0
1531215430377,1531215430374,1012243,0.00015163,157.00000000,0
1531215441604,1531215441600,1012244,0.00015126,176.00000000,1
1531215445562,1531215445559,1012245,0.00015145,386.00000000,0
1531215445577,1531215445573,1012246,0.00015126,19.00000000,1
1531215452802,1531215452798,1012247,0.00015096,39.00000000,1
1531215452802,1531215452798,1012248,0.00015092,11.00000000,1
1531215458016,1531215458013,1012249,0.00015092,326.00000000,1
1531215472931,1531215472928,1012250,0.00015099,50.00000000,1
1531215479053,1531215479050,1012251,0.00015121,39.00000000,1
1531215479053,1531215479050,1012252,0.00015102,11.00000000,1
1531215486689,1531215486684,1012253,0.00015105,42.00000000,1
1531215486689,1531215486684,1012254,0.00015104,8.00000000,1
1531215492548,1531215492544,1012255,0.00015104,50.00000000,1
1531215497916,1531215497912,1012256,0.00015125,256.00000000,0
1531215497929,1531215497924,1012257,0.00015106,160.00000000,1
1531215497946,1531215497943,1012258,0.00015106,120.00000000,1
1531215498436,1531215498433,1012259,0.00015106,50.00000000,1
1531215505910,1531215505906,1012260,0.00015106,50.00000000,1
1531215522712,1531215522707,1012261,0.00015130,17.00000000,0
1531215532442,1531215532439,1012262,0.00015129,206.00000000,0
1531215534064,1531215534060,1012263,0.00015133,19.00000000,0
1531215537033,1531215537029,1012264,0.00015130,20.00000000,1
1531215540099,1531215540070,1012265,0.00015132,278.00000000,0
1531215540100,1531215540097,1012266,0.00015132,275.00000000,0
1531215549928,1531215549922,1012267,0.00015150,74.00000000,0
1531215554411,1531215554407,1012268,0.00015133,92.00000000,1
1531215558745,1531215558742,1012269,0.00015141,229.00000000,0
1531215558760,1531215558756,1012270,0.00015150,151.00000000,0
1531215562303,1531215562297,1012271,0.00015134,15.00000000,1
1531215564117,1531215564114,1012272,0.00015142,590.00000000,0
1531215564129,1531215564126,1012273,0.00015134,157.00000000,1
1531215564151,1531215564148,1012274,0.00015134,229.00000000,1
1531215564902,1531215564899,1012275,0.00015134,15.00000000,0
1531215570020,1531215570016,1012276,0.00015150,7.00000000,0
1531215579080,1531215579077,1012277,0.00015149,70.00000000,0
1531215579102,1531215579099,1012278,0.00015149,149.00000000,0
1531215583982,1531215583979,1012279,0.00015151,69.00000000,0
1531215584004,1531215584001,1012280,0.00015151,1.00000000,0
1531215584588,1531215584583,1012281,0.00015161,48.00000000,0
1531215584588,1531215584583,1012282,0.00015162,15.00000000,0
1531215584588,1531215584583,1012283,0.00015167,29.00000000,0
1531215584588,1531215584583,1012284,0.00015168,1222.00000000,0
1531215585058,1531215585044,1012285,0.00015168,2442.00000000,0
1531215585058,1531215585044,1012286,0.00015169,65.00000000,0
1531215585058,1531215585044,1012287,0.00015170,27.00000000,0
1531215585058,1531215585044,1012288,0.00015172,510.00000000,0
1531215585058,1531215585044,1012289,0.00015173,7.00000000,0
1531215585058,1531215585044,1012290,0.00015174,7.00000000,0
1531215585058,1531215585044,1012291,0.00015175,342.00000000,0
1531215585058,1531215585044,1012292,0.00015176,7.00000000,0
1531215585058,1531215585044,1012293,0.00015177,70.00000000,0
1531215585058,1531215585044,1012294,0.00015178,21.00000000,0
1531215585058,1531215585044,1012295,0.00015179,31.00000000,0
1531215585058,1531215585044,1012296,0.00015180,21.00000000,0
1531215585058,1531215585044,1012297,0.00015182,342.00000000,0
1531215585058,1531215585044,1012298,0.00015185,42.00000000,0
1531215585058,1531215585044,1012299,0.00015186,7.00000000,0
1531215585058,1531215585044,1012300,0.00015187,7.00000000,0
1531215585058,1531215585044,1012301,0.00015188,21.00000000,0
1531215585058,1531215585044,1012302,0.00015189,57.00000000,0
1531215585059,1531215585044,1012303,0.00015183,20.00000000,0
1531215587113,1531215587109,1012304,0.00015190,49.00000000,0
1531215589870,1531215589866,1012305,0.00015179,207.00000000,0
1531215589882,1531215589879,1012306,0.00015190,249.00000000,0
1531215589895,1531215589891,1012307,0.00015190,127.00000000,0
1531215590766,1531215590762,1012308,0.00015190,13.00000000,1
1531215592144,1531215592141,1012309,0.00015190,4.00000000,1
1531215593358,1531215593354,1012310,0.00015191,212.00000000,0
1531215593386,1531215593380,1012311,0.00015191,6.00000000,0
1531215593386,1531215593380,1012312,0.00015192,80.00000000,0
1531215593386,1531215593380,1012313,0.00015193,7.00000000,0
1531215593386,1531215593380,1012314,0.00015194,7.00000000,0
1531215593386,1531215593380,1012315,0.00015199,198.00000000,0
1531215593574,1531215593570,1012316,0.00015199,302.00000000,0
1531215593574,1531215593570,1012317,0.00015200,954.00000000,0
1531215593771,1531215593767,1012318,0.00015200,354.00000000,0
1531215594012,1531215594007,1012319,0.00015202,28.00000000,0
1531215594012,1531215594007,1012320,0.00015204,77.00000000,0
1531215594012,1531215594007,1012321,0.00015210,247.00000000,0
1531215594050,1531215594046,1012322,0.00015210,274.00000000,0
1531215596798,1531215596795,1012323,0.00015194,2.00000000,1
1531215597754,1531215597751,1012324,0.00015196,3.00000000,1
1531215598271,1531215598267,1012325,0.00015213,349.00000000,1
1531215599540,1531215599537,1012326,0.00015200,10.00000000,1
1531215600023,1531215600017,1012327,0.00015214,7.00000000,0
1531215600023,1531215600017,1012328,0.00015216,102.00000000,0
1531215600615,1531215600610,1012329,0.00015201,13.00000000,1
1531215601334,1531215601331,1012330,0.00015203,13.00000000,1
1531215602017,1531215602012,1012331,0.00015216,1.00000000,0
1531215602017,1531215602012,1012332,0.00015218,7.00000000,0
1531215602017,1531215602012,1012333,0.00015220,20.00000000,0
1531215602017,1531215602012,1012334,0.00015222,7.00000000,0
1531215602017,1531215602012,1012335,0.00015227,17.00000000,0
1531215602017,1531215602012,1012336,0.00015229,33.00000000,0
1531215604156,1531215604153,1012337,0.00015229,1.00000000,0
1531215604156,1531215604153,1012338,0.00015237,11.00000000,0
1531215605175,1531215605170,1012339,0.00015241,7.00000000,0
1531215605175,1531215605170,1012340,0.00015249,251.00000000,0
1531215606130,1531215606122,1012341,0.00015249,2167.00000000,0
1531215606130,1531215606122,1012342,0.00015251,22.00000000,0
1531215606130,1531215606122,1012343,0.00015256,6.00000000,0
1531215606219,1531215606213,1012344,0.00015256,1.00000000,0
1531215606219,1531215606213,1012345,0.00015258,376.00000000,0
1531215606219,1531215606213,1012346,0.00015260,86.00000000,0
1531215606489,1531215606486,1012347,0.00015222,33.00000000,1
1531215607306,1531215607302,1012348,0.00015252,9.00000000,0
1531215607803,1531215607799,1012349,0.00015266,108.00000000,0
1531215607836,1531215607831,1012350,0.00015267,20.00000000,0
1531215608615,1531215608611,1012351,0.00015226,1.00000000,1
1531215609450,1531215609446,1012352,0.00015273,4124.00000000,0
1531215610484,1531215610481,1012353,0.00015273,1.00000000,0
1531215610484,1531215610481,1012354,0.00015277,220.00000000,0
1531215618509,1531215618506,1012355,0.00015252,50.00000000,1
1531215619517,1531215619509,1012356,0.00015252,7.00000000,1
1531215624034,1531215624030,1012357,0.00015255,13.00000000,1
1531215624756,1531215624751,1012358,0.00015265,502.00000000,0
1531215624768,1531215624764,1012359,0.00015276,211.00000000,0
1531215624778,1531215624774,1012360,0.00015276,249.00000000,0
1531215626670,1531215626667,1012361,0.00015254,3.00000000,1
1531215629196,1531215629193,1012362,0.00015277,14.00000000,0
1531215629286,1531215629282,1012363,0.00015277,20.00000000,0
1531215629383,1531215629379,1012364,0.00015277,7.00000000,0
1531215629558,1531215629555,1012365,0.00015277,7.00000000,0
1531215629714,1531215629711,1012366,0.00015277,7.00000000,0
1531215630073,1531215630069,1012367,0.00015277,7.00000000,0
1531215630080,1531215630076,1012368,0.00015277,7.00000000,0
1531215630090,1531215630085,1012369,0.00015277,7.00000000,0
1531215630145,1531215630141,1012370,0.00015277,7.00000000,0
1531215630370,1531215630366,1012371,0.00015277,20.00000000,0
1531215630442,1531215630439,1012372,0.00015277,7.00000000,0
1531215630626,1531215630621,1012373,0.00015255,312.00000000,1
1531215631101,1531215631097,1012374,0.00015255,161.00000000,1
1531215631101,1531215631097,1012375,0.00015254,96.00000000,1
1531215632922,1531215632919,1012376,0.00015254,13.00000000,1
1531215633791,1531215633788,1012377,0.00015276,190.00000000,0
1531215633791,1531215633788,1012378,0.00015277,502.00000000,0
1531215634093,1531215634089,1012379,0.00015277,50.00000000,1
1531215636544,1531215636541,1012380,0.00015277,7.00000000,1
1531215638628,1531215638624,1012381,0.00015283,229.00000000,0
1531215638647,1531215638643,1012382,0.00015283,58.00000000,0
1531215641468,1531215641463,1012383,0.00015284,43.00000000,0
1531215641911,1531215641906,1012384,0.00015256,99.00000000,1
1531215641911,1531215641906,1012385,0.00015255,21.00000000,1
1531215642181,1531215642177,1012386,0.00015255,87.00000000,1
1531215642375,1531215642371,1012387,0.00015255,100.00000000,1
1531215642515,1531215642511,1012388,0.00015284,7.00000000,0
1531215643021,1531215643017,1012389,0.00015284,7.00000000,0
1531215644499,1531215644496,1012390,0.00015283,7.00000000,0
1531215645031,1531215645027,1012391,0.00015283,7.00000000,0
1531215645814,1531215645810,1012392,0.00015268,33.00000000,1
1531215645814,1531215645810,1012393,0.00015256,8.00000000,1
1531215647464,1531215647461,1012394,0.00015254,36.00000000,1
1531215647464,1531215647461,1012395,0.00015245,1.00000000,1
1531215647880,1531215647875,1012396,0.00015245,32.00000000,1
1531215647880,1531215647875,1012397,0.00015239,23.00000000,1
1531215648356,1531215648353,1012398,0.00015251,14.00000000,1
1531215648585,1531215648580,1012399,0.00015251,14.00000000,1
1531215648993,1531215648980,1012400,0.00015251,5.00000000,1
1531215648993,1531215648980,1012401,0.00015246,4.00000000,1
1531215649748,1531215649744,1012402,0.00015239,18.00000000,1
1531215649793,1531215649790,1012403,0.00015281,7.00000000,0
1531215649860,1531215649855,1012404,0.00015281,20.00000000,0
1531215649888,1531215649884,1012405,0.00015281,7.00000000,0
1531215649888,1531215649884,1012406,0.00015281,7.00000000,0
1531215649916,1531215649912,1012407,0.00015281,7.00000000,0
1531215650270,1531215650267,1012408,0.00015251,14.00000000,1
1531215650350,1531215650347,1012409,0.00015281,7.00000000,0
1531215650430,1531215650427,1012410,0.00015251,19.00000000,1
1531215650506,1531215650501,1012411,0.00015281,7.00000000,0
1531215650749,1531215650745,1012412,0.00015240,40.00000000,1
1531215651148,1531215651144,1012413,0.00015281,19.00000000,0
1531215651148,1531215651144,1012414,0.00015282,1.00000000,0
1531215651250,1531215651245,1012415,0.00015240,5.00000000,1
1531215651250,1531215651245,1012416,0.00015239,11.00000000,1
1531215651554,1531215651550,1012417,0.00015239,9.00000000,1
1531215651722,1531215651719,1012418,0.00015283,8.00000000,0
1531215652552,1531215652549,1012419,0.00015240,24.00000000,1
1531215652552,1531215652549,1012420,0.00015239,77.00000000,1
1531215653555,1531215653550,1012421,0.00015238,13.00000000,1
1531215653555,1531215653550,1012422,0.00015236,20.00000000,1
1531215657558,1531215657553,1012423,0.00015238,32.00000000,1
1531215658317,1531215658312,1012424,0.00015238,30.00000000,1
1531215659439,1531215659435,1012425,0.00015238,51.00000000,1
1531215661570,1531215661566,1012426,0.00015254,13.00000000,0
1531215661570,1531215661566,1012427,0.00015259,120.00000000,0
1531215661570,1531215661566,1012428,0.00015273,142.00000000,0
1531215661586,1531215661581,1012429,0.00015281,18.00000000,1
1531215661626,1531215661623,1012430,0.00015281,39.00000000,1
1531215661662,1531215661659,1012431,0.00015281,68.00000000,1
1531215661851,1531215661847,1012432,0.00015281,13.00000000,1
1531215662028,1531215662023,1012433,0.00015281,45.00000000,1
1531215663074,1531215663071,1012434,0.00015281,13.00000000,1
1531215663558,1531215663554,1012435,0.00015281,186.00000000,1
1531215663621,1531215663617,1012436,0.00015281,11.00000000,1
1531215663681,1531215663678,1012437,0.00015281,20.00000000,1
1531215664292,1531215664287,1012438,0.00015281,308.00000000,1
1531215664706,1531215664703,1012439,0.00015280,17.00000000,0
1531215664812,1531215664808,1012440,0.00015280,65.00000000,0
1531215664818,1531215664814,1012441,0.00015280,20.00000000,0
1531215664901,1531215664897,1012442,0.00015280,36.00000000,0
1531215666221,1531215666218,1012443,0.00015241,126.00000000,1
1531215667425,1531215667422,1012444,0.00015243,117.00000000,1
1531215667545,1531215667540,1012445,0.00015243,1.00000000,1
1531215667620,1531215667616,1012446,0.00015243,3.00000000,1
1531215669261,1531215669258,1012447,0.00015243,20.00000000,1
1531215669998,1531215669993,1012448,0.00015245,26.00000000,1
1531215670961,1531215670958,1012449,0.00015255,7.00000000,1
1531215674172,1531215674169,1012450,0.00015280,44.00000000,0
1531215674893,1531215674890,1012451,0.00015284,41.00000000,0
1531215674893,1531215674890,1012452,0.00015289,24.00000000,0
1531215677615,1531215677610,1012453,0.00015258,40.00000000,1
1531215679187,1531215679184,1012454,0.00015289,26.00000000,0
1531215679225,1531215679221,1012455,0.00015289,1017.00000000,1
1531215683626,1531215683621,1012456,0.00015262,14.00000000,1
1531215685252,1531215685248,1012457,0.00015263,9.00000000,1
1531215686430,1531215686426,1012458,0.00015264,14.00000000,1
1531215688037,1531215688033,1012459,0.00015265,9.00000000,1
1531215688087,1531215688084,1012460,0.00015265,55.00000000,1
1531215688690,1531215688686,1012461,0.00015291,20.00000000,0
1531215689089,1531215689085,1012462,0.00015295,62.00000000,0
1531215689089,1531215689085,1012463,0.00015296,79.00000000,0
1531215689266,1531215689262,1012464,0.00015296,1.00000000,0
1531215689415,1531215689409,1012465,0.00015297,6.00000000,1
1531215689415,1531215689409,1012466,0.00015295,59.00000000,1
1531215689970,1531215689965,1012467,0.00015297,7.00000000,1
1531215689970,1531215689965,1012468,0.00015295,3.00000000,1
1531215689970,1531215689965,1012469,0.00015267,68.00000000,1
1531215690342,1531215690337,1012470,0.00015299,500.00000000,0
1531215691225,1531215691220,1012471,0.00015299,155.00000000,0
1531215693100,1531215693097,1012472,0.00015299,68.00000000,0
1531215693222,1531215693218,1012473,0.00015300,2086.00000000,0
1531215693223,1531215693218,1012474,0.00015300,293.00000000,0
1531215693601,1531215693597,1012475,0.00015300,233.00000000,0
1531215693863,1531215693859,1012476,0.00015299,15.00000000,1
1531215695700,1531215695695,1012477,0.00015299,47.00000000,1
1531215698340,1531215698336,1012478,0.00015299,6.00000000,1
1531215698383,1531215698380,1012479,0.00015298,49.00000000,1
1531215698396,1531215698393,1012480,0.00015298,27.00000000,1
1531215698396,1531215698393,1012481,0.00015297,7.00000000,1
1531215700272,1531215700267,1012482,0.00015270,30.00000000,1
1531215702352,1531215702349,1012483,0.00015271,49.00000000,1
1531215703306,1531215703302,1012484,0.00015298,76.00000000,1
1531215704428,1531215704423,1012485,0.00015299,25.00000000,0
1531215704526,1531215704520,1012486,0.00015299,82.00000000,0
1531215704526,1531215704520,1012487,0.00015300,217.00000000,0
1531215704534,1531215704531,1012488,0.00015300,7.00000000,0
1531215704606,1531215704601,1012489,0.00015298,240.00000000,1
1531215708720,1531215708716,1012490,0.00015299,7.00000000,0
1531215710211,1531215710208,1012491,0.00015299,7.00000000,0
1531215711333,1531215711327,1012492,0.00015299,265.00000000,0
1531215711355,1531215711352,1012493,0.00015299,125.00000000,0
1531215711455,1531215711450,1012494,0.00015300,14.00000000,0
1531215711801,1531215711797,1012495,0.00015299,3.00000000,1
1531215712219,1531215712215,1012496,0.00015300,55.00000000,0
1531215713642,1531215713639,1012497,0.00015299,11.00000000,1
1531215713642,1531215713639,1012498,0.00015298,1.00000000,1
1531215715538,1531215715534,1012499,0.00015300,4648.00000000,0
1531215720275,1531215720271,1012500,0.00015298,8866.00000000,1
1531215721891,1531215721888,1012501,0.00015303,138.00000000,0
1531215721891,1531215721888,1012502,0.00015304,90.00000000,0
1531215721891,1531215721888,1012503,0.00015306,75.00000000,0
1531215722066,1531215722063,1012504,0.00015306,1144.00000000,1
1531215722455,1531215722450,1012505,0.00015276,24.00000000,1
1531215723161,1531215723158,1012506,0.00015276,10.00000000,1
1531215723322,1531215723317,1012507,0.00015276,24.00000000,1
1531215723744,1531215723740,1012508,0.00015276,19.00000000,1
1531215724615,1531215724612,1012509,0.00015277,9.00000000,1
1531215725440,1531215725436,1012510,0.00015278,20.00000000,1
1531215725778,1531215725775,1012511,0.00015279,18.00000000,1
1531215726120,1531215726115,1012512,0.00015279,20.00000000,1
1531215726539,1531215726536,1012513,0.00015279,11.00000000,1
1531215727077,1531215727074,1012514,0.00015275,18.00000000,1
1531215727711,1531215727706,1012515,0.00015276,97.00000000,1
1531215727711,1531215727706,1012516,0.00015275,5.00000000,1
1531215727711,1531215727706,1012517,0.00015271,20.00000000,1
1531215727711,1531215727706,1012518,0.00015259,10.00000000,1
1531215727711,1531215727706,1012519,0.00015256,79.00000000,1
1531215728038,1531215728032,1012520,0.00015256,10.00000000,1
1531215728157,1531215728154,1012521,0.00015256,10.00000000,1
1531215728651,1531215728646,1012522,0.00015257,10.00000000,1
1531215729148,1531215729144,1012523,0.00015258,10.00000000,1
1531215729731,1531215729727,1012524,0.00015259,10.00000000,1
1531215730357,1531215730353,1012525,0.00015259,28.00000000,1
1531215730460,1531215730456,1012526,0.00015259,10.00000000,1
1531215730824,1531215730819,1012527,0.00015304,10.00000000,1
1531215731134,1531215731130,1012528,0.00015304,4.00000000,1
1531215731278,1531215731273,1012529,0.00015264,10.00000000,1
1531215731604,1531215731600,1012530,0.00015264,9.00000000,1
1531215732129,1531215732125,1012531,0.00015264,10.00000000,1
1531215732280,1531215732276,1012532,0.00015264,4.00000000,1
1531215732280,1531215732276,1012533,0.00015258,22.00000000,1
1531215733624,1531215733619,1012534,0.00015258,11.00000000,1
1531215733735,1531215733732,1012535,0.00015258,16.00000000,1
1531215734505,1531215734502,1012536,0.00015260,10.00000000,1
1531215734776,1531215734771,1012537,0.00015260,54.00000000,1
1531215734985,1531215734982,1012538,0.00015258,10.00000000,1
1531215735606,1531215735601,1012539,0.00015258,56.00000000,1
1531215736049,1531215736045,1012540,0.00015258,31.00000000,1
1531215736312,1531215736309,1012541,0.00015256,10.00000000,1
1531215736431,1531215736427,1012542,0.00015256,10.00000000,1
1531215737243,1531215737238,1012543,0.00015255,40.00000000,1
1531215737243,1531215737238,1012544,0.00015254,42.00000000,1
1531215737303,1531215737300,1012545,0.00015254,10.00000000,1
1531215737683,1531215737680,1012546,0.00015254,10.00000000,1
1531215738721,1531215738717,1012547,0.00015254,57.00000000,1
1531215739208,1531215739204,1012548,0.00015260,10.00000000,1
1531215739208,1531215739204,1012549,0.00015254,2.00000000,1
1531215739357,1531215739353,1012550,0.00015254,20.00000000,1
1531215739451,1531215739448,1012551,0.00015254,23.00000000,1
1531215739688,1531215739683,1012552,0.00015254,11.00000000,1
1531215740018,1531215740015,1012553,0.00015254,21.00000000,1
1531215740234,1531215740228,1012554,0.00015259,17.00000000,1
1531215740234,1531215740228,1012555,0.00015254,3.00000000,1
1531215741082,1531215741079,1012556,0.00015254,8.00000000,1
1531215741590,1531215741586,1012557,0.00015254,11.00000000,1
1531215741769,1531215741765,1012558,0.00015254,10.00000000,1
1531215742313,1531215742309,1012559,0.00015254,19.00000000,1
1531215742380,1531215742376,1012560,0.00015296,14.00000000,0
1531215743269,1531215743263,1012561,0.00015255,10.00000000,1
1531215744141,1531215744137,1012562,0.00015254,12.00000000,1
1531215745108,1531215745104,1012563,0.00015254,11.00000000,1
1531215745870,1531215745866,1012564,0.00015254,11.00000000,1
1531215746172,1531215746168,1012565,0.00015254,4.00000000,1
1531215746172,1531215746168,1012566,0.00015253,12.00000000,1
1531215746828,1531215746824,1012567,0.00015244,11.00000000,1
1531215747000,1531215746996,1012568,0.00015244,2.00000000,1
1531215747000,1531215746996,1012569,0.00015242,9.00000000,1
1531215747198,1531215747195,1012570,0.00015288,11.00000000,1
1531215747518,1531215747513,1012571,0.00015288,55.00000000,1
1531215747518,1531215747513,1012572,0.00015242,7.00000000,1
1531215748088,1531215748084,1012573,0.00015242,10.00000000,1
1531215748953,1531215748949,1012574,0.00015255,9.00000000,1
1531215749071,1531215749067,1012575,0.00015255,19.00000000,1
1531215749442,1531215749437,1012576,0.00015255,10.00000000,1
1531215749885,1531215749880,1012577,0.00015255,10.00000000,1
1531215750438,1531215750433,1012578,0.00015300,7.00000000,0
1531215751094,1531215751091,1012579,0.00015255,10.00000000,1
1531215751507,1531215751503,1012580,0.00015256,11.00000000,1
1531215751507,1531215751503,1012581,0.00015255,8.00000000,1
1531215751789,1531215751786,1012582,0.00015238,7.00000000,1
1531215751790,1531215751786,1012583,0.00015236,3.00000000,1
1531215752475,1531215752470,1012584,0.00015236,18.00000000,1
1531215752802,1531215752797,1012585,0.00015236,14.00000000,1
1531215753494,1531215753489,1012586,0.00015236,63.00000000,1
1531215757064,1531215757060,1012587,0.00015237,20.00000000,1
1531215759021,1531215759017,1012588,0.00015258,85.00000000,0
1531215759626,1531215759623,1012589,0.00015237,208.00000000,1
1531215759652,1531215759647,1012590,0.00015237,20.00000000,0
1531215760159,1531215760156,1012591,0.00015258,51.00000000,0
1531215761914,1531215761910,1012592,0.00015256,16.00000000,0
1531215762139,1531215762136,1012593,0.00015257,33.00000000,0
1531215764844,1531215764841,1012594,0.00015236,12.00000000,1
1531215764881,1531215764877,1012595,0.00015236,39.00000000,0
1531215765434,1531215765431,1012596,0.00015237,10.00000000,1
1531215766791,1531215766786,1012597,0.00015237,348.00000000,1
1531215773673,1531215773669,1012598,0.00015238,147.00000000,1
1531215782065,1531215782061,1012599,0.00015238,44.00000000,0
1531215787765,1531215787761,1012600,0.00015238,9.00000000,0
1531215792281,1531215792278,1012601,0.00015258,34.00000000,0
1531215795784,1531215795780,1012602,0.00015248,287.00000000,0
1531215795800,1531215795797,1012603,0.00015258,127.00000000,0
1531215812452,1531215812447,1012604,0.00015239,68.00000000,1
1531215818648,1531215818643,1012605,0.00015239,228.00000000,1
1531215818673,1531215818670,1012606,0.00015239,118.00000000,1
1531215824096,1531215824092,1012607,0.00015258,8.00000000,0
1531215829501,1531215829496,1012608,0.00015240,9.00000000,1
1531215830211,1531215830206,1012609,0.00015240,15.00000000,1
1531215830363,1531215830360,1012610,0.00015240,14.00000000,1
1531215830655,1531215830652,1012611,0.00015240,6.00000000,1
1531215831412,1531215831408,1012612,0.00015240,16.00000000,1
1531215831603,1531215831599,1012613,0.00015240,9.00000000,1
1531215831702,1531215831699,1012614,0.00015240,8.00000000,1
1531215832382,1531215832377,1012615,0.00015240,10.00000000,1
1531215832820,1531215832816,1012616,0.00015249,216.00000000,0
1531215832838,1531215832834,1012617,0.00015240,292.00000000,1
1531215832857,1531215832852,1012618,0.00015240,42.00000000,1
1531215833155,1531215833150,1012619,0.00015239,7.00000000,1
1531215833198,1531215833194,1012620,0.00015240,87.00000000,0
1531215833854,1531215833824,1012621,0.00015239,14.00000000,1
1531215834143,1531215834136,1012622,0.00015239,10.00000000,1
1531215834649,1531215834644,1012623,0.00015239,9.00000000,1
1531215835053,1531215835048,1012624,0.00015239,12.00000000,1
1531215835681,1531215835676,1012625,0.00015239,12.00000000,1
1531215836301,1531215836297,1012626,0.00015239,16.00000000,1
1531215837035,1531215837031,1012627,0.00015239,16.00000000,1
1531215837481,1531215837477,1012628,0.00015239,12.00000000,1
1531215838383,1531215838378,1012629,0.00015239,16.00000000,1
1531215838813,1531215838810,1012630,0.00015239,14.00000000,1
1531215838975,1531215838971,1012631,0.00015258,119.00000000,0
1531215839350,1531215839346,1012632,0.00015258,1.00000000,0
1531215839387,1531215839383,1012633,0.00015259,68.00000000,0
1531215839488,1531215839485,1012634,0.00015260,13.00000000,0
1531215839681,1531215839678,1012635,0.00015258,9.00000000,1
1531215840262,1531215840258,1012636,0.00015258,10.00000000,1
1531215841323,1531215841319,1012637,0.00015258,7.00000000,1
1531215842264,1531215842259,1012638,0.00015258,9.00000000,1
1531215842684,1531215842680,1012639,0.00015258,9.00000000,1
1531215843143,1531215843138,1012640,0.00015258,12.00000000,1
1531215843414,1531215843410,1012641,0.00015258,8.00000000,1
1531215843974,1531215843970,1012642,0.00015258,11.00000000,1
1531215844194,1531215844191,1012643,0.00015258,10.00000000,1
1531215844442,1531215844438,1012644,0.00015258,11.00000000,1
1531215844733,1531215844728,1012645,0.00015258,8.00000000,1
1531215845379,1531215845375,1012646,0.00015258,5.00000000,1
1531215845492,1531215845488,1012647,0.00015258,10.00000000,1
1531215845723,1531215845720,1012648,0.00015243,18.00000000,1
1531215846232,1531215846228,1012649,0.00015243,13.00000000,1
1531215846389,1531215846385,1012650,0.00015238,20.00000000,1
1531215846920,1531215846916,1012651,0.00015238,16.00000000,1
1531215847165,1531215847160,1012652,0.00015238,1.00000000,1
1531215847165,1531215847160,1012653,0.00015237,13.00000000,1
1531215847387,1531215847383,1012654,0.00015237,12.00000000,1
1531215847630,1531215847625,1012655,0.00015237,14.00000000,1
1531215847859,1531215847855,1012656,0.00015251,137.00000000,0
1531215847876,1531215847872,1012657,0.00015264,33.00000000,0
1531215847876,1531215847872,1012658,0.00015265,30.00000000,0
1531215847973,1531215847968,1012659,0.00015237,14.00000000,1
1531215848284,1531215848280,1012660,0.00015238,16.00000000,1
1531215848502,1531215848498,1012661,0.00015238,10.00000000,1
1531215848861,1531215848856,1012662,0.00015238,14.00000000,1
1531215849018,1531215849014,1012663,0.00015238,14.00000000,1
1531215849062,1531215849058,1012664,0.00015238,16.00000000,1
1531215849167,1531215849163,1012665,0.00015238,16.00000000,1
1531215849422,1531215849418,1012666,0.00015238,16.00000000,1
1531215849721,1531215849717,1012667,0.00015238,16.00000000,1
1531215850045,1531215850042,1012668,0.00015238,14.00000000,1
1531215850516,1531215850512,1012669,0.00015240,16.00000000,1
1531215850523,1531215850520,1012670,0.00015240,16.00000000,1
1531215850696,1531215850693,1012671,0.00015240,16.00000000,1
1531215850794,1531215850791,1012672,0.00015240,16.00000000,1
1531215851040,1531215851037,1012673,0.00015240,16.00000000,1
1531215851353,1531215851348,1012674,0.00015265,31.00000000,0
1531215851353,1531215851348,1012675,0.00015266,38.00000000,0
1531215851353,1531215851348,1012676,0.00015275,2.00000000,0
1531215851462,1531215851457,1012677,0.00015240,9.00000000,1
1531215851466,1531215851462,1012678,0.00015240,14.00000000,1
1531215851715,1531215851711,1012679,0.00015241,14.00000000,1
1531215851825,1531215851821,1012680,0.00015267,7.00000000,1
1531215851825,1531215851821,1012681,0.00015241,2.00000000,1
1531215851970,1531215851966,1012682,0.00015241,6.00000000,1
1531215852623,1531215852619,1012683,0.00015244,8.00000000,1
1531215852627,1531215852622,1012684,0.00015244,20.00000000,1
1531215852756,1531215852752,1012685,0.00015244,14.00000000,1
1531215852769,1531215852764,1012686,0.00015244,10.00000000,1
1531215852961,1531215852957,1012687,0.00015244,6.00000000,1
1531215853058,1531215853053,1012688,0.00015244,7.00000000,1
1531215853083,1531215853079,1012689,0.00015244,10.00000000,1
1531215853128,1531215853123,1012690,0.00015244,52.00000000,1
1531215853303,1531215853299,1012691,0.00015245,20.00000000,1
1531215853397,1531215853394,1012692,0.00015245,14.00000000,1
1531215853504,1531215853501,1012693,0.00015245,19.00000000,1
1531215853761,1531215853757,1012694,0.00015247,6.00000000,1
1531215853762,1531215853758,1012695,0.00015247,14.00000000,1
1531215854042,1531215854038,1012696,0.00015247,14.00000000,1
1531215854121,1531215854117,1012697,0.00015248,10.00000000,1
1531215854122,1531215854119,1012698,0.00015273,20.00000000,0
1531215854122,1531215854119,1012699,0.00015274,20.00000000,0
1531215854213,1531215854210,1012700,0.00015248,2.00000000,1
1531215854213,1531215854210,1012701,0.00015247,26.00000000,1
1531215854225,1531215854221,1012702,0.00015247,16.00000000,1
1531215854475,1531215854470,1012703,0.00015247,12.00000000,1
1531215854495,1531215854492,1012704,0.00015247,16.00000000,1
1531215854823,1531215854819,1012705,0.00015247,9.00000000,1
1531215855048,1531215855044,1012706,0.00015247,8.00000000,1
1531215855051,1531215855046,1012707,0.00015247,8.00000000,1
1531215855284,1531215855280,1012708,0.00015247,20.00000000,1
1531215855309,1531215855306,1012709,0.00015247,10.00000000,1
1531215855470,1531215855467,1012710,0.00015247,6.00000000,1
1531215855485,1531215855479,1012711,0.00015247,10.00000000,1
1531215855658,1531215855654,1012712,0.00015247,6.00000000,1
