event_time,trade_time,trade_id,price,quantity,maker
1531210428047,1531210428042,2017340,0.00000651,748.00000000,1
1531210461223,1531210461220,2017341,0.00000651,722.00000000,1
1531210529723,1531210529717,2017342,0.00000651,585.00000000,1
1531210595091,1531210595086,2017343,0.00000651,420.00000000,1
1531210628152,1531210628146,2017344,0.00000651,474.00000000,1
1531210629150,1531210629147,2017345,0.00000651,364.00000000,1
1531210670088,1531210670084,2017346,0.00000650,662.00000000,1
1531210693111,1531210693107,2017347,0.00000650,620.00000000,1
1531210720063,1531210720059,2017348,0.00000651,156.00000000,1
1531210727518,1531210727517,2017349,0.00000651,377.00000000,1
1531210728045,1531210728039,2017350,0.00000651,721.00000000,1
1531210730914,1531210730908,2017351,0.00000651,578.00000000,1
1531210731952,1531210731948,2017352,0.00000651,739.00000000,1
1531210731987,1531210731984,2017353,0.00000651,798.00000000,1
1531210732417,1531210732413,2017354,0.00000651,1763.00000000,1
1531210732741,1531210732737,2017355,0.00000651,2548.00000000,1
1531210759065,1531210759060,2017356,0.00000650,588.00000000,1
1531210792183,1531210792178,2017357,0.00000650,519.00000000,1
1531210794110,1531210794106,2017358,0.00000650,628.00000000,1
1531210857187,1531210857183,2017359,0.00000650,695.00000000,1
1531210903000,1531210902996,2017360,0.00000652,3.00000000,0
1531210953154,1531210953149,2017361,0.00000650,257.00000000,1
1531211062496,1531211062490,2017362,0.00000650,3320.00000000,1
1531211062496,1531211062490,2017363,0.00000647,1405.00000000,1
1531211062496,1531211062490,2017364,0.00000645,1007.00000000,1
1531211062496,1531211062490,2017365,0.00000644,2496.00000000,1
1531211062496,1531211062490,2017366,0.00000643,1395.00000000,1
1531211062989,1531211062986,2017367,0.00000648,1239.00000000,0
1531211063747,1531211063741,2017368,0.00000646,12.00000000,1
1531211078048,1531211078043,2017369,0.00000650,1532.00000000,0
1531211104779,1531211104775,2017370,0.00000649,170.00000000,0
1531211110613,1531211110608,2017371,0.00000650,3267.00000000,0
1531211111016,1531211111010,2017372,0.00000651,1239.00000000,0
1531211111048,1531211111044,2017373,0.00000651,326.00000000,0
1531211111925,1531211111920,2017374,0.00000652,1224.00000000,0
1531211112303,1531211112299,2017375,0.00000652,2302.00000000,1
1531211115698,1531211115693,2017376,0.00000654,1984.00000000,0
1531211115733,1531211115730,2017377,0.00000654,287.00000000,1
1531211123162,1531211123158,2017378,0.00000652,444.00000000,1
1531211123378,1531211123374,2017379,0.00000652,156.00000000,1
1531211124129,1531211124125,2017380,0.00000652,235.00000000,1
1531211126010,1531211126005,2017381,0.00000652,721.00000000,1
1531211126628,1531211126625,2017382,0.00000652,797.00000000,0
1531211128770,1531211128765,2017383,0.00000652,155.00000000,0
1531211327913,1531211327909,2017384,0.00000651,332.00000000,0
1531211472562,1531211472559,2017385,0.00000648,221.00000000,1
1531211546002,1531211545999,2017386,0.00000648,881.00000000,1
1531211671543,1531211671539,2017387,0.00000651,107.00000000,0
1531211687482,1531211687478,2017388,0.00000650,3109.00000000,0
1531211721198,1531211721194,2017389,0.00000650,3431.00000000,0
1531211830206,1531211830200,2017390,0.00000651,1921.00000000,0
1531211836368,1531211836365,2017391,0.00000651,382.00000000,0
1531211836368,1531211836365,2017392,0.00000654,253.00000000,0
1531211839346,1531211839342,2017393,0.00000653,1.00000000,0
1531211844821,1531211844817,2017394,0.00000649,63.00000000,1
1531211845144,1531211845142,2017395,0.00000649,78.00000000,1
1531211845619,1531211845615,2017396,0.00000649,35.00000000,1
1531211846318,1531211846314,2017397,0.00000649,52.00000000,1
1531211846727,1531211846722,2017398,0.00000649,119.00000000,1
1531211847380,1531211847376,2017399,0.00000649,64.00000000,1
1531211847749,1531211847744,2017400,0.00000649,35.00000000,1
1531211848584,1531211848579,2017401,0.00000649,155.00000000,1
1531211849060,1531211849056,2017402,0.00000649,46.00000000,1
1531211849654,1531211849650,2017403,0.00000649,75.00000000,1
1531211850285,1531211850280,2017404,0.00000649,172.00000000,1
1531211850689,1531211850685,2017405,0.00000649,56.00000000,1
1531211851416,1531211851412,2017406,0.00000649,62.00000000,1
1531211852841,1531211852836,2017407,0.00000649,40.00000000,1
1531211853091,1531211853088,2017408,0.00000649,76.00000000,1
1531211853313,1531211853308,2017409,0.00000649,46.00000000,1
1531211853993,1531211853989,2017410,0.00000649,176.00000000,1
1531211854777,1531211854772,2017411,0.00000649,56.00000000,1
1531211855414,1531211855410,2017412,0.00000649,76.00000000,1
1531211855883,1531211855882,2017413,0.00000649,140.00000000,1
1531211859717,1531211859713,2017414,0.00000649,176.00000000,1
1531211860165,1531211860160,2017415,0.00000649,60.00000000,1
1531211861154,1531211861150,2017416,0.00000649,61.00000000,1
1531211861698,1531211861695,2017417,0.00000649,53.00000000,1
1531211861944,1531211861940,2017418,0.00000649,46.00000000,1
1531211862704,1531211862700,2017419,0.00000649,56.00000000,1
1531211863380,1531211863376,2017420,0.00000649,35.00000000,1
1531211864043,1531211864039,2017421,0.00000649,40.00000000,1
1531211864545,1531211864540,2017422,0.00000649,106.00000000,1
1531211865026,1531211865021,2017423,0.00000649,111.00000000,1
1531211865659,1531211865655,2017424,0.00000649,39.00000000,1
1531211866294,1531211866290,2017425,0.00000649,127.00000000,1
1531211866654,1531211866648,2017426,0.00000649,58.00000000,1
1531211867175,1531211867172,2017427,0.00000649,53.00000000,1
1531211867579,1531211867574,2017428,0.00000649,121.00000000,1
1531211868119,1531211868115,2017429,0.00000649,170.00000000,1
1531211868588,1531211868583,2017430,0.00000649,117.00000000,1
1531211869374,1531211869370,2017431,0.00000649,164.00000000,1
1531211869884,1531211869880,2017432,0.00000649,60.00000000,1
1531211870339,1531211870333,2017433,0.00000649,43.00000000,1
1531211905139,1531211905135,2017434,0.00000649,165.00000000,1
1531212006518,1531212006512,2017435,0.00000652,1224.00000000,0
1531212006518,1531212006512,2017436,0.00000656,1700.00000000,0
1531212006518,1531212006512,2017437,0.00000658,613.00000000,0
1531212006518,1531212006512,2017438,0.00000662,466.00000000,0
1531212006518,1531212006512,2017439,0.00000663,5175.00000000,0
1531212006518,1531212006512,2017440,0.00000665,9963.00000000,0
1531212006518,1531212006512,2017441,0.00000666,151.00000000,0
1531212006536,1531212006533,2017442,0.00000666,24564.00000000,1
1531212006543,1531212006539,2017443,0.00000666,3166.00000000,1
1531212006551,1531212006546,2017444,0.00000666,6383.00000000,1
1531212006552,1531212006547,2017445,0.00000666,1024.00000000,1
1531212006573,1531212006570,2017446,0.00000666,47708.00000000,1
1531212006574,1531212006570,2017447,0.00000666,10470.00000000,1
1531212006596,1531212006591,2017448,0.00000666,52558.00000000,1
1531212006677,1531212006673,2017449,0.00000666,2270.00000000,1
1531212006716,1531212006712,2017450,0.00000666,54368.00000000,1
1531212006742,1531212006737,2017451,0.00000667,2270.00000000,1
1531212006787,1531212006783,2017452,0.00000667,939.00000000,1
1531212006952,1531212006946,2017453,0.00000667,3140.00000000,1
1531212006952,1531212006946,2017454,0.00000666,1741.00000000,1
1531212006968,1531212006963,2017455,0.00000666,5265.00000000,1
1531212007059,1531212007055,2017456,0.00000666,5252.00000000,1
1531212007095,1531212007090,2017457,0.00000666,2270.00000000,1
1531212007181,1531212007177,2017458,0.00000666,2270.00000000,1
1531212007301,1531212007298,2017459,0.00000666,23202.00000000,1
1531212007368,1531212007362,2017460,0.00000668,646.00000000,0
1531212007368,1531212007362,2017461,0.00000669,104.00000000,0
1531212007399,1531212007395,2017462,0.00000666,543.00000000,1
1531212007866,1531212007861,2017463,0.00000666,646.00000000,1
1531212008146,1531212008140,2017464,0.00000666,945.00000000,1
1531212008503,1531212008495,2017465,0.00000666,4947.00000000,1
1531212008871,1531212008867,2017466,0.00000666,4742.00000000,1
1531212009821,1531212009821,2017467,0.00000666,57.00000000,1
1531212010343,1531212010340,2017468,0.00000666,2740.00000000,1
1531212010638,1531212010633,2017469,0.00000666,39.00000000,1
1531212011318,1531212011313,2017470,0.00000666,58.00000000,1
1531212012278,1531212012274,2017471,0.00000666,96.00000000,1
1531212012666,1531212012661,2017472,0.00000666,380.00000000,1
1531212013483,1531212013477,2017473,0.00000666,81.00000000,1
1531212013716,1531212013713,2017474,0.00000666,164.00000000,1
1531212013939,1531212013933,2017475,0.00000666,132.00000000,1
1531212014570,1531212014566,2017476,0.00000666,64.00000000,1
1531212014923,1531212014919,2017477,0.00000666,49.00000000,1
1531212015691,1531212015687,2017478,0.00000667,99.00000000,1
1531212016278,1531212016273,2017479,0.00000667,61.00000000,1
1531212016845,1531212016841,2017480,0.00000667,38.00000000,1
1531212017439,1531212017435,2017481,0.00000667,269.00000000,1
1531212017439,1531212017435,2017482,0.00000666,107.00000000,1
1531212017934,1531212017929,2017483,0.00000666,68.00000000,1
1531212018525,1531212018521,2017484,0.00000666,107.00000000,1
1531212019157,1531212019150,2017485,0.00000666,76.00000000,1
1531212019731,1531212019726,2017486,0.00000666,50.00000000,1
1531212020413,1531212020408,2017487,0.00000666,56.00000000,1
1531212020956,1531212020952,2017488,0.00000666,374.00000000,1
1531212021404,1531212021400,2017489,0.00000666,45.00000000,1
1531212021901,1531212021895,2017490,0.00000666,42.00000000,1
1531212022291,1531212022288,2017491,0.00000666,108.00000000,1
1531212022882,1531212022877,2017492,0.00000666,116.00000000,1
1531212023665,1531212023660,2017493,0.00000666,50.00000000,1
1531212024136,1531212024133,2017494,0.00000666,64.00000000,1
1531212024773,1531212024769,2017495,0.00000666,109.00000000,1
1531212025216,1531212025213,2017496,0.00000666,209.00000000,1
1531212026291,1531212026287,2017497,0.00000666,143.00000000,1
1531212026784,1531212026779,2017498,0.00000666,61.00000000,1
1531212027394,1531212027390,2017499,0.00000666,57.00000000,1
1531212027805,1531212027799,2017500,0.00000666,74.00000000,1
1531212028228,1531212028222,2017501,0.00000666,58.00000000,1
1531212028995,1531212028991,2017502,0.00000666,52.00000000,1
1531212029545,1531212029541,2017503,0.00000666,269.00000000,1
1531212030160,1531212030157,2017504,0.00000666,36.00000000,1
1531212030811,1531212030807,2017505,0.00000666,136.00000000,1
1531212031278,1531212031275,2017506,0.00000666,55.00000000,1
1531212031772,1531212031768,2017507,0.00000666,35.00000000,1
1531212031936,1531212031932,2017508,0.00000666,896.00000000,1
1531212032368,1531212032364,2017509,0.00000666,43.00000000,1
1531212032835,1531212032831,2017510,0.00000666,41.00000000,1
1531212034368,1531212034364,2017511,0.00000666,2856.00000000,1
1531212036690,1531212036685,2017512,0.00000666,519.00000000,1
1531212037932,1531212037927,2017513,0.00000666,285.00000000,1
1531212042626,1531212042621,2017514,0.00000666,56.00000000,1
1531212043140,1531212043136,2017515,0.00000666,167.00000000,1
1531212043785,1531212043780,2017516,0.00000666,38.00000000,1
1531212044202,1531212044197,2017517,0.00000666,53.00000000,1
1531212044751,1531212044747,2017518,0.00000666,40.00000000,1
1531212045070,1531212045063,2017519,0.00000666,71.00000000,1
1531212045325,1531212045321,2017520,0.00000666,66.00000000,1
1531212045782,1531212045781,2017521,0.00000666,44.00000000,1
1531212045924,1531212045920,2017522,0.00000666,54.00000000,1
1531212046249,1531212046244,2017523,0.00000666,35.00000000,1
1531212046727,1531212046722,2017524,0.00000666,57.00000000,1
1531212047174,1531212047170,2017525,0.00000666,140.00000000,1
1531212047393,1531212047388,2017526,0.00000666,43.00000000,1
1531212047704,1531212047703,2017527,0.00000666,216.00000000,1
1531212047834,1531212047829,2017528,0.00000666,35.00000000,1
1531212047928,1531212047923,2017529,0.00000667,2510.00000000,0
1531212048356,1531212048352,2017530,0.00000666,58.00000000,1
1531212048452,1531212048447,2017531,0.00000666,107.00000000,1
1531212048711,1531212048706,2017532,0.00000666,37.00000000,1
1531212048879,1531212048874,2017533,0.00000668,1064.00000000,0
1531212048906,1531212048902,2017534,0.00000668,1024.00000000,0
1531212048940,1531212048935,2017535,0.00000666,43.00000000,1
1531212048996,1531212048992,2017536,0.00000668,1023.00000000,0
1531212049015,1531212049009,2017537,0.00000668,1023.00000000,0
1531212049015,1531212049012,2017538,0.00000668,350.00000000,0
1531212049254,1531212049249,2017539,0.00000668,58.00000000,1
1531212049416,1531212049414,2017540,0.00000668,49.00000000,1
1531212049957,1531212049952,2017541,0.00000668,116.00000000,1
1531212050394,1531212050390,2017542,0.00000668,56.00000000,1
1531212050583,1531212050578,2017543,0.00000668,53.00000000,1
1531212050815,1531212050811,2017544,0.00000668,103.00000000,1
1531212051296,1531212051292,2017545,0.00000668,88.00000000,1
1531212051468,1531212051465,2017546,0.00000668,223.00000000,1
1531212051468,1531212051465,2017547,0.00000666,89.00000000,1
1531212051572,1531212051570,2017548,0.00000666,183.00000000,1
1531212051892,1531212051887,2017549,0.00000666,210.00000000,1
1531212052168,1531212052164,2017550,0.00000666,267.00000000,1
1531212052470,1531212052465,2017551,0.00000666,58.00000000,1
1531212052617,1531212052613,2017552,0.00000666,47.00000000,1
1531212053057,1531212053052,2017553,0.00000666,40.00000000,1
1531212053188,1531212053183,2017554,0.00000666,43.00000000,1
1531212053559,1531212053555,2017555,0.00000666,53.00000000,1
1531212053741,1531212053736,2017556,0.00000666,82.00000000,1
1531212053965,1531212053959,2017557,0.00000666,46.00000000,1
1531212054207,1531212054204,2017558,0.00000666,121.00000000,1
1531212054499,1531212054494,2017559,0.00000666,242.00000000,1
1531212054776,1531212054771,2017560,0.00000667,51.00000000,1
1531212055107,1531212055105,2017561,0.00000667,47.00000000,1
1531212055233,1531212055227,2017562,0.00000667,50.00000000,1
1531212055605,1531212055601,2017563,0.00000667,395.00000000,1
1531212055606,1531212055603,2017564,0.00000667,115.00000000,1
1531212055910,1531212055906,2017565,0.00000667,54.00000000,1
1531212056088,1531212056083,2017566,0.00000667,46.00000000,1
1531212056505,1531212056499,2017567,0.00000667,65.00000000,1
1531212056791,1531212056787,2017568,0.00000667,88.00000000,1
1531212056970,1531212056967,2017569,0.00000667,64.00000000,1
1531212057292,1531212057288,2017570,0.00000667,64.00000000,1
1531212057474,1531212057469,2017571,0.00000667,37.00000000,1
1531212057735,1531212057730,2017572,0.00000667,39.00000000,1
1531212057977,1531212057972,2017573,0.00000667,52.00000000,1
1531212058696,1531212058691,2017574,0.00000667,5.00000000,1
1531212069808,1531212069804,2017575,0.00000669,917.00000000,0
1531212072844,1531212072839,2017576,0.00000669,1684.00000000,0
1531212074134,1531212074134,2017577,0.00000669,1487.00000000,1
1531212098258,1531212098255,2017578,0.00000669,96.00000000,1
1531212098829,1531212098825,2017579,0.00000669,69.00000000,1
1531212099254,1531212099249,2017580,0.00000669,57.00000000,1
1531212104260,1531212104257,2017581,0.00000670,42.00000000,1
1531212104304,1531212104300,2017582,0.00000670,59.00000000,1
1531212104362,1531212104358,2017583,0.00000670,162.00000000,1
1531212104364,1531212104359,2017584,0.00000670,15.00000000,1
1531212104364,1531212104359,2017585,0.00000668,100.00000000,1
1531212104503,1531212104498,2017586,0.00000668,168.00000000,1
1531212104548,1531212104544,2017587,0.00000668,119.00000000,1
1531212104648,1531212104644,2017588,0.00000668,52.00000000,1
1531212104772,1531212104767,2017589,0.00000668,57.00000000,1
1531212104797,1531212104792,2017590,0.00000668,125.00000000,1
1531212104829,1531212104824,2017591,0.00000668,38.00000000,1
1531212104892,1531212104886,2017592,0.00000668,109.00000000,1
1531212104911,1531212104906,2017593,0.00000668,104.00000000,1
1531212105043,1531212105038,2017594,0.00000668,39.00000000,1
1531212105159,1531212105156,2017595,0.00000668,34.00000000,1
1531212105219,1531212105214,2017596,0.00000668,55.00000000,1
1531212105295,1531212105291,2017597,0.00000668,45.00000000,1
1531212105306,1531212105301,2017598,0.00000668,52.00000000,1
1531212105376,1531212105372,2017599,0.00000668,60.00000000,1
1531212105387,1531212105382,2017600,0.00000668,59.00000000,1
1531212105441,1531212105436,2017601,0.00000668,174.00000000,1
1531212112769,1531212112763,2017602,0.00000668,245.00000000,1
1531212113754,1531212113750,2017603,0.00000667,245.00000000,1
1531212113782,1531212113777,2017604,0.00000668,252.00000000,0
1531212115833,1531212115828,2017605,0.00000670,1022.00000000,1
1531212121814,1531212121810,2017606,0.00000670,138.00000000,1
1531212121846,1531212121842,2017607,0.00000670,75.00000000,1
1531212121910,1531212121906,2017608,0.00000670,55.00000000,1
1531212121930,1531212121927,2017609,0.00000670,174.00000000,1
1531212121968,1531212121963,2017610,0.00000670,45.00000000,1
1531212122010,1531212122006,2017611,0.00000670,75.00000000,1
1531212122048,1531212122043,2017612,0.00000670,39.00000000,1
1531212122085,1531212122081,2017613,0.00000670,61.00000000,1
1531212122103,1531212122099,2017614,0.00000670,55.00000000,1
1531212122228,1531212122225,2017615,0.00000670,170.00000000,1
1531212122287,1531212122283,2017616,0.00000670,74.00000000,1
1531212122329,1531212122324,2017617,0.00000670,45.00000000,1
1531212122372,1531212122369,2017618,0.00000670,153.00000000,1
1531212122406,1531212122402,2017619,0.00000670,34.00000000,1
1531212122432,1531212122430,2017620,0.00000670,63.00000000,1
1531212122508,1531212122504,2017621,0.00000670,51.00000000,1
1531212122542,1531212122539,2017622,0.00000670,34.00000000,1
1531212122613,1531212122608,2017623,0.00000670,62.00000000,1
1531212122614,1531212122610,2017624,0.00000670,117.00000000,1
1531212122728,1531212122723,2017625,0.00000670,77.00000000,1
1531212125780,1531212125776,2017626,0.00000671,299.00000000,0
1531212151478,1531212151473,2017627,0.00000670,1024.00000000,1
1531212175794,1531212175789,2017628,0.00000672,2877.00000000,0
1531212176466,1531212176461,2017629,0.00000670,7.00000000,1
1531212226725,1531212226721,2017630,0.00000673,149.00000000,0
1531212226725,1531212226721,2017631,0.00000675,553.00000000,0
1531212226725,1531212226721,2017632,0.00000676,1160.00000000,0
1531212228438,1531212228434,2017633,0.00000676,533.00000000,0
1531212230488,1531212230483,2017634,0.00000670,4.00000000,1
1531212231701,1531212231698,2017635,0.00000676,600.00000000,0
1531212241024,1531212241020,2017636,0.00000676,295.00000000,0
1531212249322,1531212249317,2017637,0.00000674,448.00000000,1
1531212253919,1531212253915,2017638,0.00000672,10.00000000,1
1531212255030,1531212255025,2017639,0.00000672,263.00000000,1
1531212313803,1531212313797,2017640,0.00000672,1984.00000000,0
1531212434742,1531212434737,2017641,0.00000673,467.00000000,1
1531212444718,1531212444715,2017642,0.00000673,1793.00000000,1
1531212600880,1531212600875,2017643,0.00000675,750.00000000,0
1531212601136,1531212601131,2017644,0.00000675,1580.00000000,0
1531212603045,1531212603041,2017645,0.00000675,1573.00000000,0
1531212603050,1531212603045,2017646,0.00000675,1179.00000000,0
1531212603050,1531212603045,2017647,0.00000676,4981.00000000,0
1531212617801,1531212617798,2017648,0.00000673,1486.00000000,1
1531212642188,1531212642183,2017649,0.00000676,1479.00000000,0
1531212684721,1531212684716,2017650,0.00000674,1032.00000000,1
1531212685990,1531212685985,2017651,0.00000674,1000.00000000,1
1531212712064,1531212712060,2017652,0.00000676,426.00000000,1
1531212731229,1531212731226,2017653,0.00000676,153.00000000,1
1531212746711,1531212746707,2017654,0.00000676,948.00000000,1
1531212778159,1531212778154,2017655,0.00000676,772.00000000,1
1531212790114,1531212790109,2017656,0.00000675,278.00000000,1
1531212818245,1531212818242,2017657,0.00000676,2301.00000000,0
1531212818248,1531212818243,2017658,0.00000676,4.00000000,0
1531212842826,1531212842821,2017659,0.00000675,885.00000000,0
1531212843921,1531212843917,2017660,0.00000675,885.00000000,0
1531212863839,1531212863835,2017661,0.00000675,882.00000000,0
1531212875515,1531212875510,2017662,0.00000674,399.00000000,1
1531212876520,1531212876516,2017663,0.00000674,785.00000000,1
1531212876520,1531212876516,2017664,0.00000673,242.00000000,1
1531212876520,1531212876516,2017665,0.00000672,147.00000000,1
1531212891391,1531212891387,2017666,0.00000674,726.00000000,1
1531212912079,1531212912074,2017667,0.00000674,2957.00000000,1
1531212912149,1531212912143,2017668,0.00000674,2690.00000000,1
1531212912149,1531212912143,2017669,0.00000673,267.00000000,1
1531212946081,1531212946076,2017670,0.00000673,1185.00000000,1
1531212946081,1531212946076,2017671,0.00000672,1759.00000000,1
1531212979052,1531212979048,2017672,0.00000672,2179.00000000,1
1531212979064,1531212979059,2017673,0.00000672,1518.00000000,1
1531212979064,1531212979059,2017674,0.00000671,661.00000000,1
1531213010175,1531213010170,2017675,0.00000672,1021.00000000,1
1531213012091,1531213012084,2017676,0.00000670,2346.00000000,1
1531213033879,1531213033874,2017677,0.00000670,295.00000000,0
1531213090661,1531213090656,2017678,0.00000670,5500.00000000,0
1531213090758,1531213090753,2017679,0.00000670,1.00000000,0
1531213139191,1531213139186,2017680,0.00000667,318.00000000,1
1531213139191,1531213139186,2017681,0.00000666,727.00000000,1
1531213173149,1531213173143,2017682,0.00000666,778.00000000,1
1531213173149,1531213173143,2017683,0.00000665,1466.00000000,1
1531213207090,1531213207086,2017684,0.00000664,1166.00000000,1
1531213342128,1531213342123,2017685,0.00000666,1166.00000000,0
1531213342128,1531213342123,2017686,0.00000667,300.00000000,0
1531213342359,1531213342354,2017687,0.00000667,1166.00000000,0
1531213374157,1531213374153,2017688,0.00000665,2968.00000000,1
1531213403086,1531213403080,2017689,0.00000669,2968.00000000,0
1531213407766,1531213407762,2017690,0.00000666,2.00000000,1
1531213572533,1531213572529,2017691,0.00000669,428.00000000,0
1531213601137,1531213601133,2017692,0.00000669,2029.00000000,1
1531213601137,1531213601133,2017693,0.00000668,925.00000000,1
1531213601523,1531213601518,2017694,0.00000668,2954.00000000,1
1531213631093,1531213631088,2017695,0.00000670,1556.00000000,0
1531213631093,1531213631088,2017696,0.00000671,1189.00000000,0
1531213631093,1531213631088,2017697,0.00000672,214.00000000,0
1531213728163,1531213728157,2017698,0.00000672,162.00000000,0
1531213761165,1531213761161,2017699,0.00000672,162.00000000,0
1531213808312,1531213808309,2017700,0.00000668,3.00000000,1
1531213868218,1531213868214,2017701,0.00000668,162.00000000,1
1531213900088,1531213900084,2017702,0.00000668,163.00000000,1
1531213933214,1531213933209,2017703,0.00000668,162.00000000,1
1531213964092,1531213964089,2017704,0.00000668,162.00000000,1
1531214042329,1531214042326,2017705,0.00000668,6972.00000000,1
1531214056928,1531214056925,2017706,0.00000668,318.00000000,1
1531214059029,1531214059024,2017707,0.00000668,423.00000000,1
1531214063802,1531214063797,2017708,0.00000666,1198.00000000,1
1531214063802,1531214063797,2017709,0.00000665,1945.00000000,1
1531214063802,1531214063797,2017710,0.00000663,2357.00000000,1
1531214066382,1531214066377,2017711,0.00000666,12.00000000,0
1531214114492,1531214114489,2017712,0.00000666,225.00000000,0
1531214118671,1531214118665,2017713,0.00000662,448.00000000,1
1531214261279,1531214261276,2017714,0.00000662,177.00000000,1
1531214433479,1531214433475,2017715,0.00000665,1.00000000,0
1531214444631,1531214444628,2017716,0.00000662,1.00000000,1
1531214469149,1531214469146,2017717,0.00000664,572.00000000,0
1531214499942,1531214499939,2017718,0.00000662,3.00000000,1
1531214571133,1531214571129,2017719,0.00000665,158.00000000,0
1531214681869,1531214681864,2017720,0.00000665,1957.00000000,0
1531214732188,1531214732185,2017721,0.00000665,3988.00000000,1
1531214809710,1531214809706,2017722,0.00000665,159.00000000,1
1531214846339,1531214846336,2017723,0.00000665,6971.00000000,1
1531214879506,1531214879501,2017724,0.00000667,914.00000000,0
1531214879506,1531214879501,2017725,0.00000668,438.00000000,0
1531215107990,1531215107986,2017726,0.00000665,165.00000000,1
1531215197086,1531215197082,2017727,0.00000665,7680.00000000,1
1531215443474,1531215443469,2017728,0.00000665,3025.00000000,1
1531215445173,1531215445170,2017729,0.00000665,231.00000000,1
1531215501833,1531215501829,2017730,0.00000665,2982.00000000,1
1531215568243,1531215568238,2017731,0.00000665,2.00000000,1
1531215596593,1531215596590,2017732,0.00000665,7031.00000000,1
1531215663099,1531215663095,2017733,0.00000665,1117.00000000,1
1531215665137,1531215665134,2017734,0.00000665,1141.00000000,1
1531215697106,1531215697101,2017735,0.00000665,1285.00000000,0
1531215729348,1531215729345,2017736,0.00000664,1087.00000000,1
1531215730116,1531215730111,2017737,0.00000664,114.00000000,1
1531215730116,1531215730111,2017738,0.00000662,140.00000000,1
1531215730116,1531215730111,2017739,0.00000661,231.00000000,1
1531215730116,1531215730111,2017740,0.00000659,820.00000000,1
1531215730116,1531215730111,2017741,0.00000658,655.00000000,1
1531215763072,1531215763068,2017742,0.00000666,1188.00000000,0
1531215786484,1531215786481,2017743,0.00000668,217.00000000,0
1531215790320,1531215790316,2017744,0.00000665,326.00000000,1
1531215790456,1531215790453,2017745,0.00000665,154.00000000,1
1531215791074,1531215791069,2017746,0.00000665,270.00000000,1
1531215826071,1531215826067,2017747,0.00000665,1645.00000000,0
1531215831385,1531215831381,2017748,0.00000665,231.00000000,0
1531215861127,1531215861122,2017749,0.00000665,293.00000000,0
1531215871619,1531215871616,2017750,0.00000664,1201.00000000,1
1531215903531,1531215903527,2017751,0.00000661,154.00000000,1
1531215903531,1531215903527,2017752,0.00000656,916.00000000,1
1531215905428,1531215905423,2017753,0.00000658,2431.00000000,1
1531215905428,1531215905423,2017754,0.00000656,26.00000000,1
1531215906526,1531215906522,2017755,0.00000656,1.00000000,1
1531215910532,1531215910528,2017756,0.00000661,819.00000000,0
1531215911808,1531215911803,2017757,0.00000661,186.00000000,0
1531215917683,1531215917679,2017758,0.00000661,1271.00000000,0
1531215923066,1531215923061,2017759,0.00000661,1385.00000000,0
1531215923066,1531215923061,2017760,0.00000662,761.00000000,0
1531215923066,1531215923061,2017761,0.00000663,104.00000000,0
1531215925862,1531215925859,2017762,0.00000662,5.00000000,0
1531215925998,1531215925994,2017763,0.00000662,395.00000000,0
1531215926114,1531215926110,2017764,0.00000662,46.00000000,0
1531215926163,1531215926159,2017765,0.00000662,52.00000000,0
1531215926209,1531215926206,2017766,0.00000662,54.00000000,0
1531215926214,1531215926210,2017767,0.00000662,57.00000000,0
1531215926535,1531215926531,2017768,0.00000662,69.00000000,0
1531215926542,1531215926539,2017769,0.00000662,96.00000000,0
1531215926578,1531215926575,2017770,0.00000662,39.00000000,0
1531215926685,1531215926681,2017771,0.00000662,37.00000000,0
1531215926737,1531215926732,2017772,0.00000662,64.00000000,0
1531215926871,1531215926866,2017773,0.00000662,64.00000000,0
1531215926952,1531215926949,2017774,0.00000662,88.00000000,0
1531215926996,1531215926992,2017775,0.00000662,65.00000000,0
1531215927080,1531215927076,2017776,0.00000662,74.00000000,0
1531215927080,1531215927076,2017777,0.00000663,41.00000000,0
1531215927174,1531215927171,2017778,0.00000663,50.00000000,0
1531215927211,1531215927207,2017779,0.00000663,47.00000000,0
1531215927363,1531215927360,2017780,0.00000663,51.00000000,0
1531215927626,1531215927622,2017781,0.00000663,88.00000000,0
1531215935603,1531215935598,2017782,0.00000663,103.00000000,0
1531215935699,1531215935695,2017783,0.00000663,56.00000000,0
1531215935789,1531215935786,2017784,0.00000663,53.00000000,0
1531215935936,1531215935932,2017785,0.00000663,116.00000000,0
1531215935998,1531215935994,2017786,0.00000663,49.00000000,0
1531215936072,1531215936067,2017787,0.00000663,58.00000000,0
1531215951437,1531215951434,2017788,0.00000659,154.00000000,1
1531215953586,1531215953581,2017789,0.00000663,150.00000000,0
1531215954243,1531215954238,2017790,0.00000659,1057.00000000,1
1531215958832,1531215958829,2017791,0.00000662,376.00000000,0
1531215958884,1531215958879,2017792,0.00000662,38.00000000,0
1531215958938,1531215958933,2017793,0.00000662,61.00000000,0
1531215959086,1531215959083,2017794,0.00000662,99.00000000,0
1531215993081,1531215993077,2017795,0.00000662,164.00000000,0
1531216014255,1531216014251,2017796,0.00000662,2997.00000000,0
1531216046280,1531216046277,2017797,0.00000657,3009.00000000,1
1531216120939,1531216120935,2017798,0.00000661,152.00000000,0
1531216141325,1531216141322,2017799,0.00000657,6.00000000,1
1531216204828,1531216204823,2017800,0.00000660,165.00000000,0
1531216205839,1531216205834,2017801,0.00000660,165.00000000,0
1531216207775,1531216207771,2017802,0.00000660,100.00000000,0
1531216216615,1531216216609,2017803,0.00000660,247.00000000,0
1531216239960,1531216239956,2017804,0.00000655,1479.00000000,1
1531216241156,1531216241151,2017805,0.00000660,165.00000000,0
1531216267693,1531216267688,2017806,0.00000660,1573.00000000,0
1531216278066,1531216278063,2017807,0.00000660,165.00000000,0
1531216313084,1531216313079,2017808,0.00000660,165.00000000,0
1531216347067,1531216347063,2017809,0.00000660,120.00000000,0
1531216347067,1531216347063,2017810,0.00000661,45.00000000,0
1531216352918,1531216352914,2017811,0.00000661,58.00000000,0
1531216353271,1531216353267,2017812,0.00000661,64.00000000,0
1531216353335,1531216353330,2017813,0.00000661,56.00000000,0
1531216353406,1531216353401,2017814,0.00000661,45.00000000,0
1531216353470,1531216353466,2017815,0.00000661,116.00000000,0
1531216353512,1531216353508,2017816,0.00000661,61.00000000,0
1531216353573,1531216353568,2017817,0.00000661,57.00000000,0
1531216353634,1531216353631,2017818,0.00000661,39.00000000,0
1531216353678,1531216353674,2017819,0.00000661,95.00000000,0
1531216353678,1531216353674,2017820,0.00000662,37.00000000,0
1531216353993,1531216353989,2017821,0.00000662,64.00000000,0
1531216354064,1531216354060,2017822,0.00000662,41.00000000,0
1531216379058,1531216379052,2017823,0.00000662,2.00000000,0
1531216379058,1531216379052,2017824,0.00000665,161.00000000,0
1531216403672,1531216403669,2017825,0.00000660,152.00000000,1
1531216415659,1531216415654,2017826,0.00000660,835.00000000,1
1531216415659,1531216415654,2017827,0.00000659,315.00000000,1
1531216415659,1531216415654,2017828,0.00000656,1351.00000000,1
1531216439187,1531216439182,2017829,0.00000661,1351.00000000,0
1531216477046,1531216477041,2017830,0.00000659,154.00000000,1
1531216513264,1531216513258,2017831,0.00000659,177.00000000,1
1531216538777,1531216538773,2017832,0.00000659,164.00000000,1
1531216630819,1531216630815,2017833,0.00000659,225.00000000,1
1531216758972,1531216758967,2017834,0.00000662,1.00000000,0
1531216759260,1531216759256,2017835,0.00000662,164.00000000,0
1531216763034,1531216763031,2017836,0.00000659,1.00000000,1
1531216878197,1531216878193,2017837,0.00000659,644.00000000,1
1531216890227,1531216890223,2017838,0.00000659,1525.00000000,0
1531216890896,1531216890892,2017839,0.00000659,1525.00000000,0
1531216896076,1531216896072,2017840,0.00000659,746.00000000,0
1531216938266,1531216938263,2017841,0.00000659,607.00000000,0
1531217054170,1531217054164,2017842,0.00000659,165.00000000,0
1531217188131,1531217188127,2017843,0.00000659,164.00000000,0
1531217253070,1531217253066,2017844,0.00000659,164.00000000,0
1531217301017,1531217301012,2017845,0.00000659,1021.00000000,0
1531217305414,1531217305409,2017846,0.00000659,138.00000000,0
1531217343262,1531217343259,2017847,0.00000663,455.00000000,0
1531217351694,1531217351688,2017848,0.00000658,64.00000000,1
1531217352276,1531217352272,2017849,0.00000658,58.00000000,1
1531217352925,1531217352920,2017850,0.00000658,103.00000000,1
1531217353517,1531217353513,2017851,0.00000658,46.00000000,1
1531217354605,1531217354600,2017852,0.00000658,57.00000000,1
1531217355295,1531217355291,2017853,0.00000658,47.00000000,1
1531217356183,1531217356179,2017854,0.00000658,88.00000000,1
1531217356931,1531217356927,2017855,0.00000658,96.00000000,1
1531217357824,1531217357818,2017856,0.00000658,395.00000000,1
1531217359621,1531217359617,2017857,0.00000658,69.00000000,1
1531217360564,1531217360560,2017858,0.00000658,64.00000000,1
1531217361763,1531217361759,2017859,0.00000658,39.00000000,1
1531217363823,1531217363818,2017860,0.00000658,54.00000000,1
1531217364014,1531217364010,2017861,0.00000658,32.00000000,1
1531217364014,1531217364010,2017862,0.00000656,56.00000000,1
1531217364579,1531217364573,2017863,0.00000656,115.00000000,1
1531217365319,1531217365315,2017864,0.00000656,41.00000000,1
1531217367607,1531217367604,2017865,0.00000656,37.00000000,1
1531217368618,1531217368615,2017866,0.00000656,56.00000000,1
1531217370070,1531217370066,2017867,0.00000656,64.00000000,1
1531217372146,1531217372142,2017868,0.00000656,116.00000000,1
1531217374810,1531217374804,2017869,0.00000656,99.00000000,1
1531217376257,1531217376251,2017870,0.00000656,132.00000000,1
1531217378277,1531217378273,2017871,0.00000656,51.00000000,1
1531217380170,1531217380166,2017872,0.00000656,64.00000000,1
1531217381555,1531217381550,2017873,0.00000656,376.00000000,1
1531217383575,1531217383571,2017874,0.00000656,53.00000000,1
1531217386291,1531217386286,2017875,0.00000656,65.00000000,1
1531217390734,1531217390729,2017876,0.00000656,58.00000000,1
1531217393074,1531217393069,2017877,0.00000656,57.00000000,1
1531217395618,1531217395615,2017878,0.00000656,50.00000000,1
1531217397545,1531217397542,2017879,0.00000656,61.00000000,1
1531217399264,1531217399259,2017880,0.00000655,39.00000000,1
1531217402620,1531217402616,2017881,0.00000655,56.00000000,1
1531217405658,1531217405654,2017882,0.00000655,52.00000000,1
1531217407682,1531217407677,2017883,0.00000655,116.00000000,1
1531217410400,1531217410394,2017884,0.00000655,38.00000000,1
1531217411834,1531217411829,2017885,0.00000655,49.00000000,1
1531217414300,1531217414295,2017886,0.00000655,45.00000000,1
1531217415727,1531217415722,2017887,0.00000655,61.00000000,1
1531217818763,1531217818759,2017888,0.00000655,500.00000000,1
1531217902828,1531217902822,2017889,0.00000655,14.00000000,1
1531217933347,1531217933343,2017890,0.00000657,3.00000000,0
1531217936111,1531217936107,2017891,0.00000657,1.00000000,0
1531218021433,1531218021429,2017892,0.00000657,1178.00000000,0
1531218023881,1531218023878,2017893,0.00000660,121.00000000,0
1531218023942,1531218023937,2017894,0.00000660,57.00000000,0
1531218024214,1531218024210,2017895,0.00000660,380.00000000,0
1531218024263,1531218024259,2017896,0.00000660,56.00000000,0
1531218024305,1531218024302,2017897,0.00000660,167.00000000,0
1531218024361,1531218024357,2017898,0.00000660,40.00000000,0
1531218024446,1531218024441,2017899,0.00000660,54.00000000,0
1531218024490,1531218024486,2017900,0.00000660,43.00000000,0
1531218024543,1531218024537,2017901,0.00000660,35.00000000,0
1531218024693,1531218024689,2017902,0.00000660,58.00000000,0
1531218024747,1531218024742,2017903,0.00000660,43.00000000,0
1531218024810,1531218024807,2017904,0.00000660,40.00000000,0
1531218024841,1531218024836,2017905,0.00000660,46.00000000,0
1531218024908,1531218024904,2017906,0.00000660,53.00000000,0
1531218054789,1531218054785,2017907,0.00000660,16.00000000,0
1531218054789,1531218054785,2017908,0.00000662,1233.00000000,0
1531218061183,1531218061178,2017909,0.00000655,40.00000000,1
1531218061981,1531218061977,2017910,0.00000655,54.00000000,1
1531218062482,1531218062478,2017911,0.00000655,58.00000000,1
1531218062954,1531218062949,2017912,0.00000655,167.00000000,1
1531218063940,1531218063937,2017913,0.00000655,40.00000000,1
1531218064652,1531218064648,2017914,0.00000655,46.00000000,1
1531218065157,1531218065152,2017915,0.00000655,380.00000000,1
1531218065710,1531218065706,2017916,0.00000655,121.00000000,1
1531218066901,1531218066897,2017917,0.00000656,53.00000000,1
1531218068155,1531218068150,2017918,0.00000656,43.00000000,1
1531218068721,1531218068717,2017919,0.00000656,35.00000000,1
1531218069327,1531218069322,2017920,0.00000656,57.00000000,1
1531218069867,1531218069863,2017921,0.00000656,56.00000000,1
1531218070296,1531218070291,2017922,0.00000656,43.00000000,1
1531218076816,1531218076811,2017923,0.00000660,210.00000000,0
1531218076878,1531218076874,2017924,0.00000660,242.00000000,0
1531218076926,1531218076922,2017925,0.00000660,82.00000000,0
1531218077016,1531218077011,2017926,0.00000660,43.00000000,0
1531218077113,1531218077107,2017927,0.00000660,47.00000000,0
1531218077268,1531218077264,2017928,0.00000660,8.00000000,0
1531218077268,1531218077264,2017929,0.00000661,50.00000000,0
1531218077312,1531218077309,2017930,0.00000661,267.00000000,0
1531218077415,1531218077411,2017931,0.00000661,183.00000000,0
1531218077474,1531218077470,2017932,0.00000661,37.00000000,0
1531218077639,1531218077634,2017933,0.00000662,107.00000000,0
1531218077721,1531218077716,2017934,0.00000662,216.00000000,0
1531218077798,1531218077793,2017935,0.00000662,140.00000000,0
1531218096132,1531218096124,2017936,0.00000655,216.00000000,1
1531218096570,1531218096566,2017937,0.00000655,140.00000000,1
1531218097153,1531218097148,2017938,0.00000655,107.00000000,1
1531218097848,1531218097844,2017939,0.00000655,43.00000000,1
1531218098325,1531218098321,2017940,0.00000655,242.00000000,1
1531218099157,1531218099152,2017941,0.00000655,267.00000000,1
1531218099424,1531218099421,2017942,0.00000659,35.00000000,0
1531218099469,1531218099465,2017943,0.00000659,44.00000000,0
1531218099602,1531218099597,2017944,0.00000659,71.00000000,0
1531218099671,1531218099666,2017945,0.00000659,66.00000000,0
1531218099959,1531218099955,2017946,0.00000655,82.00000000,1
1531218099960,1531218099956,2017947,0.00000659,53.00000000,0
1531218100003,1531218099998,2017948,0.00000659,38.00000000,0
1531218100049,1531218100045,2017949,0.00000659,43.00000000,0
1531218100134,1531218100131,2017950,0.00000659,35.00000000,0
1531218100182,1531218100177,2017951,0.00000659,55.00000000,0
1531218100229,1531218100226,2017952,0.00000659,92.00000000,0
1531218100229,1531218100226,2017953,0.00000660,44.00000000,0
1531218100275,1531218100270,2017954,0.00000660,36.00000000,0
1531218100392,1531218100388,2017955,0.00000655,210.00000000,1
1531218100494,1531218100490,2017956,0.00000659,57.00000000,0
1531218100626,1531218100622,2017957,0.00000659,107.00000000,0
1531218100693,1531218100689,2017958,0.00000659,68.00000000,0
1531218100712,1531218100707,2017959,0.00000659,50.00000000,0
1531218100760,1531218100755,2017960,0.00000659,81.00000000,0
1531218100811,1531218100807,2017961,0.00000659,96.00000000,0
1531218100862,1531218100857,2017962,0.00000659,269.00000000,0
1531218100908,1531218100904,2017963,0.00000655,58.00000000,1
1531218100934,1531218100929,2017964,0.00000659,52.00000000,0
1531218101125,1531218101121,2017965,0.00000659,58.00000000,0
1531218101247,1531218101241,2017966,0.00000659,14.00000000,0
1531218101247,1531218101241,2017967,0.00000660,60.00000000,0
1531218101335,1531218101331,2017968,0.00000660,143.00000000,0
1531218101369,1531218101363,2017969,0.00000660,209.00000000,0
1531218101427,1531218101422,2017970,0.00000660,109.00000000,0
1531218101479,1531218101474,2017971,0.00000660,108.00000000,0
1531218101493,1531218101488,2017972,0.00000655,37.00000000,1
1531218101586,1531218101581,2017973,0.00000660,42.00000000,0
1531218101913,1531218101909,2017974,0.00000659,50.00000000,0
1531218102109,1531218102104,2017975,0.00000659,76.00000000,0
1531218102289,1531218102285,2017976,0.00000659,49.00000000,0
1531218102608,1531218102602,2017977,0.00000655,183.00000000,1
1531218102948,1531218102943,2017978,0.00000655,47.00000000,1
1531218105992,1531218105988,2017979,0.00000659,374.00000000,0
1531218114166,1531218114161,2017980,0.00000655,155.00000000,1
1531218183920,1531218183915,2017981,0.00000657,1.00000000,0
1531218225376,1531218225371,2017982,0.00000655,514.00000000,0
1531218225396,1531218225393,2017983,0.00000655,1023.00000000,0
1531218240792,1531218240788,2017984,0.00000653,1222.00000000,1
1531218240792,1531218240788,2017985,0.00000652,306.00000000,1
1531218241825,1531218241821,2017986,0.00000652,5388.00000000,1
1531218241825,1531218241821,2017987,0.00000651,4424.00000000,1
1531218246060,1531218246054,2017988,0.00000654,447.00000000,0
1531218253909,1531218253906,2017989,0.00000653,192.00000000,0
1531218272299,1531218272295,2017990,0.00000653,4749.00000000,0
1531218295285,1531218295279,2017991,0.00000656,154.00000000,1
1531218439804,1531218439797,2017992,0.00000660,1209.00000000,0
1531218439804,1531218439797,2017993,0.00000661,303.00000000,0
1531218439804,1531218439797,2017994,0.00000662,3.00000000,0
1531218449876,1531218449870,2017995,0.00000655,50.00000000,1
1531218450537,1531218450533,2017996,0.00000655,58.00000000,1
1531218450738,1531218450733,2017997,0.00000655,96.00000000,1
1531218451472,1531218451467,2017998,0.00000655,374.00000000,1
1531218452130,1531218452126,2017999,0.00000655,68.00000000,1
1531218452581,1531218452576,2018000,0.00000655,74.00000000,1
1531218453167,1531218453163,2018001,0.00000655,36.00000000,1
1531218453615,1531218453610,2018002,0.00000656,269.00000000,1
1531218454124,1531218454119,2018003,0.00000656,71.00000000,1
1531218454558,1531218454552,2018004,0.00000656,43.00000000,1
1531218454918,1531218454913,2018005,0.00000656,143.00000000,1
1531218455393,1531218455391,2018006,0.00000656,209.00000000,1
1531218455800,1531218455796,2018007,0.00000656,35.00000000,1
1531218456332,1531218456328,2018008,0.00000656,44.00000000,1
1531218456818,1531218456814,2018009,0.00000656,27.00000000,1
1531218456818,1531218456814,2018010,0.00000654,109.00000000,1
1531218457410,1531218457406,2018011,0.00000654,38.00000000,1
1531218457943,1531218457938,2018012,0.00000653,49.00000000,1
1531218459048,1531218459043,2018013,0.00000657,108.00000000,1
1531218459957,1531218459953,2018014,0.00000657,42.00000000,1
1531218460963,1531218460960,2018015,0.00000657,258.00000000,1
1531218462298,1531218462293,2018016,0.00000656,57.00000000,1
1531218462854,1531218462849,2018017,0.00000656,66.00000000,1
1531218463814,1531218463811,2018018,0.00000656,50.00000000,1
1531218464779,1531218464774,2018019,0.00000656,55.00000000,1
1531218466545,1531218466540,2018020,0.00000656,109.00000000,1
1531218467859,1531218467855,2018021,0.00000656,107.00000000,1
1531218469234,1531218469230,2018022,0.00000655,35.00000000,1
1531218470563,1531218470559,2018023,0.00000655,81.00000000,1
1531218471739,1531218471734,2018024,0.00000655,76.00000000,1
1531218473616,1531218473612,2018025,0.00000655,52.00000000,1
1531218508478,1531218508474,2018026,0.00000654,1220.00000000,1
1531218517585,1531218517580,2018027,0.00000653,155.00000000,1
1531218517775,1531218517772,2018028,0.00000654,79.00000000,0
1531218517826,1531218517822,2018029,0.00000654,103.00000000,0
1531218517939,1531218517934,2018030,0.00000654,69.00000000,0
1531218518026,1531218518019,2018031,0.00000654,91.00000000,0
1531218518327,1531218518323,2018032,0.00000654,342.00000000,0
1531218518433,1531218518429,2018033,0.00000654,149.00000000,0
1531218518465,1531218518461,2018034,0.00000654,111.00000000,0
1531218518593,1531218518587,2018035,0.00000654,111.00000000,0
1531218518645,1531218518641,2018036,0.00000654,151.00000000,0
1531218518841,1531218518837,2018037,0.00000654,119.00000000,0
1531218518944,1531218518939,2018038,0.00000654,105.00000000,0
1531218519112,1531218519106,2018039,0.00000654,210.00000000,0
1531218519174,1531218519170,2018040,0.00000654,69.00000000,0
1531218519267,1531218519263,2018041,0.00000654,220.00000000,0
1531218519339,1531218519335,2018042,0.00000654,252.00000000,0
1531218519365,1531218519359,2018043,0.00000654,11825.00000000,0
1531218519576,1531218519571,2018044,0.00000655,240.00000000,0
1531218519820,1531218519815,2018045,0.00000655,232.00000000,0
1531218519894,1531218519890,2018046,0.00000655,119.00000000,0
1531218520097,1531218520092,2018047,0.00000655,85.00000000,0
1531218520468,1531218520465,2018048,0.00000662,326.00000000,0
1531218522432,1531218522428,2018049,0.00000657,1214.00000000,0
1531218680234,1531218680229,2018050,0.00000655,1218.00000000,1
1531218680438,1531218680432,2018051,0.00000655,2597.00000000,0
1531218743750,1531218743745,2018052,0.00000657,424.00000000,0
1531218802977,1531218802972,2018053,0.00000657,48.00000000,0
1531218926687,1531218926681,2018054,0.00000657,742.00000000,0
1531218938764,1531218938759,2018055,0.00000659,1.00000000,0
1531218973054,1531218973050,2018056,0.00000659,1.00000000,0
1531218977173,1531218977169,2018057,0.00000656,1.00000000,1
1531219130656,1531219130652,2018058,0.00000659,1250.00000000,0
1531219226830,1531219226826,2018059,0.00000656,533.00000000,1
1531219256616,1531219256612,2018060,0.00000659,263.00000000,0
1531219280989,1531219280983,2018061,0.00000661,6.00000000,0
1531219294411,1531219294407,2018062,0.00000658,35.00000000,1
1531219295040,1531219295034,2018063,0.00000658,172.00000000,1
1531219295677,1531219295674,2018064,0.00000658,52.00000000,1
1531219296442,1531219296438,2018065,0.00000658,56.00000000,1
1531219296767,1531219296762,2018066,0.00000658,60.00000000,1
1531219297535,1531219297529,2018067,0.00000658,164.00000000,1
1531219298500,1531219298496,2018068,0.00000658,106.00000000,1
1531219299060,1531219299058,2018069,0.00000658,60.00000000,1
1531219299630,1531219299626,2018070,0.00000658,46.00000000,1
1531219299884,1531219299879,2018071,0.00000658,43.00000000,1
1531219300561,1531219300556,2018072,0.00000658,76.00000000,1
1531219301168,1531219301163,2018073,0.00000658,111.00000000,1
1531219301705,1531219301700,2018074,0.00000658,56.00000000,1
1531219302414,1531219302412,2018075,0.00000658,40.00000000,1
1531219303111,1531219303105,2018076,0.00000658,117.00000000,1
1531219303577,1531219303573,2018077,0.00000658,18.00000000,1
1531219303578,1531219303573,2018078,0.00000656,35.00000000,1
1531219304076,1531219304071,2018079,0.00000656,35.00000000,1
1531219304454,1531219304450,2018080,0.00000656,121.00000000,1
1531219307478,1531219307474,2018081,0.00000660,756.00000000,1
1531219480783,1531219480778,2018082,0.00000660,3.00000000,0
1531219671125,1531219671121,2018083,0.00000660,1206.00000000,0
1531219676852,1531219676846,2018084,0.00000662,281.00000000,0
1531219676852,1531219676846,2018085,0.00000663,321.00000000,0
1531219676852,1531219676846,2018086,0.00000666,7957.00000000,0
1531219687557,1531219687554,2018087,0.00000662,769.00000000,1
1531219688032,1531219688026,2018088,0.00000660,893.00000000,1
1531219688032,1531219688026,2018089,0.00000659,130.00000000,1
1531219688071,1531219688064,2018090,0.00000659,893.00000000,1
1531219689950,1531219689946,2018091,0.00000660,7955.00000000,1
1531219759957,1531219759952,2018092,0.00000662,754.00000000,1
1531219819448,1531219819443,2018093,0.00000662,2375.00000000,0
1531219820567,1531219820561,2018094,0.00000659,1454.00000000,1
1531219824143,1531219824137,2018095,0.00000662,1081.00000000,0
1531219828081,1531219828077,2018096,0.00000662,1205.00000000,0
1531219836204,1531219836199,2018097,0.00000663,2096.00000000,0
1531219851811,1531219851807,2018098,0.00000664,651.00000000,0
1531220003518,1531220003513,2018099,0.00000664,769.00000000,0
1531220116522,1531220116518,2018100,0.00000664,194.00000000,0
1531220142808,1531220142804,2018101,0.00000666,266.00000000,1
1531220142858,1531220142853,2018102,0.00000666,483.00000000,1
1531220239160,1531220239155,2018103,0.00000667,2973.00000000,0
1531220266103,1531220266098,2018104,0.00000663,1203.00000000,1
1531220266154,1531220266148,2018105,0.00000661,2978.00000000,1
1531220295161,1531220295156,2018106,0.00000665,2972.00000000,0
1531220296554,1531220296550,2018107,0.00000664,2010.00000000,0
1531220328113,1531220328110,2018108,0.00000662,1205.00000000,1
1531220353107,1531220353101,2018109,0.00000665,1200.00000000,0
1531220358456,1531220358452,2018110,0.00000664,187.00000000,1
1531220426547,1531220426542,2018111,0.00000669,150.00000000,0
1531220482199,1531220482195,2018112,0.00000665,150.00000000,1
1531220554789,1531220554784,2018113,0.00000665,1050.00000000,1
1531220555586,1531220555563,2018114,0.00000665,411.00000000,0
1531220625762,1531220625753,2018115,0.00000664,302.00000000,1
1531220742075,1531220742070,2018116,0.00000664,2.00000000,1
1531220818132,1531220818126,2018117,0.00000664,163.00000000,1
1531221138934,1531221138927,2018118,0.00000664,78.00000000,1
1531221402271,1531221402267,2018119,0.00000664,164.00000000,1
1531221638165,1531221638161,2018120,0.00000664,492.00000000,1
1531221689223,1531221689220,2018121,0.00000662,2.00000000,1
1531221726777,1531221726773,2018122,0.00000662,3400.00000000,1
1531222274676,1531222274672,2018123,0.00000662,288.00000000,0
1531222625812,1531222625807,2018124,0.00000662,1511.00000000,1
1531222701053,1531222701050,2018125,0.00000662,270.00000000,1
1531222701595,1531222701591,2018126,0.00000664,903.00000000,0
1531222703143,1531222703140,2018127,0.00000662,171.00000000,1
1531222708951,1531222708948,2018128,0.00000664,302.00000000,0
1531222737183,1531222737178,2018129,0.00000662,289.00000000,1
1531222746106,1531222746103,2018130,0.00000662,357.00000000,1
1531222759487,1531222759484,2018131,0.00000662,785.00000000,1
1531222759487,1531222759484,2018132,0.00000661,1604.00000000,1
1531222768121,1531222768118,2018133,0.00000664,376.00000000,0
1531222812288,1531222812285,2018134,0.00000664,1043.00000000,1
1531222812951,1531222812948,2018135,0.00000664,158.00000000,1
1531222821679,1531222821676,2018136,0.00000663,1113.00000000,1
1531222848349,1531222848346,2018137,0.00000663,231.00000000,0
1531222873680,1531222873677,2018138,0.00000661,137.00000000,1
1531222883081,1531222883077,2018139,0.00000663,412.00000000,0
1531222915923,1531222915919,2018140,0.00000663,367.00000000,0
1531222929436,1531222929435,2018141,0.00000661,1000.00000000,1
1531222941067,1531222941064,2018142,0.00000663,274.00000000,0
1531222949892,1531222949888,2018143,0.00000663,231.00000000,0
1531222949932,1531222949929,2018144,0.00000663,379.00000000,0
1531222977161,1531222977157,2018145,0.00000663,391.00000000,0
1531222982706,1531222982703,2018146,0.00000661,2986.00000000,1
1531222982713,1531222982710,2018147,0.00000661,2986.00000000,1
1531222982717,1531222982713,2018148,0.00000661,2986.00000000,1
1531222982720,1531222982717,2018149,0.00000661,2986.00000000,1
1531222983283,1531222983278,2018150,0.00000661,1365.00000000,1
1531222985244,1531222985241,2018151,0.00000661,3017.00000000,1
1531222987996,1531222987992,2018152,0.00000661,3892.00000000,1
1531222989842,1531222989840,2018153,0.00000660,302.00000000,1
1531222989932,1531222989927,2018154,0.00000658,670.00000000,1
1531222994316,1531222994313,2018155,0.00000656,720.00000000,1
1531222994316,1531222994313,2018156,0.00000655,7607.00000000,1
1531222994316,1531222994313,2018157,0.00000653,230.00000000,1
1531222994316,1531222994313,2018158,0.00000651,216.00000000,1
1531222995974,1531222995968,2018159,0.00000658,76.00000000,0
1531222995974,1531222995968,2018160,0.00000659,1211.00000000,0
1531222995974,1531222995968,2018161,0.00000660,291.00000000,0
1531222995974,1531222995968,2018162,0.00000662,10000.00000000,0
1531222995974,1531222995968,2018163,0.00000663,4062.00000000,0
1531223008069,1531223008066,2018164,0.00000660,385.00000000,0
1531223008213,1531223008209,2018165,0.00000660,385.00000000,0
1531223008315,1531223008312,2018166,0.00000660,56.00000000,0
1531223009014,1531223009011,2018167,0.00000660,329.00000000,1
1531223010839,1531223010835,2018168,0.00000660,616.00000000,1
1531223011062,1531223011059,2018169,0.00000663,187.00000000,0
1531223018188,1531223018185,2018170,0.00000658,607.00000000,1
1531223018197,1531223018194,2018171,0.00000658,424.00000000,1
1531223019786,1531223019781,2018172,0.00000658,181.00000000,1
1531223019827,1531223019823,2018173,0.00000658,2119.00000000,0
1531223045051,1531223045048,2018174,0.00000657,154.00000000,1
1531223154603,1531223154598,2018175,0.00000656,5.00000000,1
1531223181853,1531223181851,2018176,0.00000656,281.00000000,0
1531223182837,1531223182833,2018177,0.00000656,5.00000000,1
1531223294192,1531223294188,2018178,0.00000662,152.00000000,0
1531223362361,1531223362357,2018179,0.00000662,33.00000000,0
1531223362361,1531223362357,2018180,0.00000663,302.00000000,0
1531223362361,1531223362357,2018181,0.00000669,1175.00000000,0
1531223365894,1531223365889,2018182,0.00000670,359.00000000,0
1531223365894,1531223365889,2018183,0.00000671,1151.00000000,0
1531223474921,1531223474917,2018184,0.00000666,439.00000000,1
1531223474921,1531223474917,2018185,0.00000664,745.00000000,1
1531223474921,1531223474917,2018186,0.00000662,2381.00000000,1
1531223474921,1531223474917,2018187,0.00000661,12535.00000000,1
1531223475001,1531223474997,2018188,0.00000661,1174.00000000,1
1531223477989,1531223477988,2018189,0.00000670,745.00000000,1
1531223478121,1531223478117,2018190,0.00000670,3786.00000000,1
1531223478231,1531223478227,2018191,0.00000661,439.00000000,1
1531223529676,1531223529672,2018192,0.00000664,153.00000000,1
1531223539096,1531223539091,2018193,0.00000667,153.00000000,0
1531223539096,1531223539091,2018194,0.00000670,299.00000000,0
1531223539096,1531223539091,2018195,0.00000671,1.00000000,0
1531223561424,1531223561421,2018196,0.00000664,102.00000000,1
1531223562133,1531223562132,2018197,0.00000664,237.00000000,1
1531223562796,1531223562793,2018198,0.00000663,80.00000000,1
1531223563451,1531223563447,2018199,0.00000664,103.00000000,1
1531223574065,1531223574062,2018200,0.00000668,339.00000000,0
1531223574065,1531223574062,2018201,0.00000670,89.00000000,0
1531223574881,1531223574878,2018202,0.00000668,339.00000000,1
1531223643171,1531223643168,2018203,0.00000669,495.00000000,0
1531223656127,1531223656123,2018204,0.00000668,1221.00000000,0
1531223685079,1531223685077,2018205,0.00000670,210.00000000,0
1531223685079,1531223685077,2018206,0.00000671,291.00000000,0
1531223693035,1531223693030,2018207,0.00000671,345.00000000,0
1531223693035,1531223693030,2018208,0.00000672,814.00000000,0
1531223718065,1531223718063,2018209,0.00000667,511.00000000,1
1531223718822,1531223718821,2018210,0.00000667,511.00000000,1
1531223749064,1531223749059,2018211,0.00000670,422.00000000,0
1531223810144,1531223810145,2018212,0.00000670,445.00000000,0
1531223871140,1531223871137,2018213,0.00000670,155.00000000,0
1531223871140,1531223871137,2018214,0.00000671,350.00000000,0
1531223931147,1531223931143,2018215,0.00000671,484.00000000,0
1531223991097,1531223991096,2018216,0.00000670,1191.00000000,0
1531224026149,1531224026148,2018217,0.00000667,1196.00000000,1
1531224152168,1531224152165,2018218,0.00000665,1300.00000000,1
1531224171147,1531224171144,2018219,0.00000670,913.00000000,0
1531224203046,1531224203041,2018220,0.00000666,163.00000000,1
1531224234058,1531224234054,2018221,0.00000666,430.00000000,1
1531224238543,1531224238539,2018222,0.00000666,152.00000000,1
1531224269442,1531224269438,2018223,0.00000670,1191.00000000,0
1531224269442,1531224269438,2018224,0.00000671,301.00000000,0
1531224285505,1531224285506,2018225,0.00000670,963.00000000,0
1531224286154,1531224286150,2018226,0.00000667,1196.00000000,1
1531224308157,1531224308153,2018227,0.00000670,1191.00000000,0
1531224308157,1531224308153,2018228,0.00000671,355.00000000,0
1531224308157,1531224308153,2018229,0.00000672,1411.00000000,0
1531224346407,1531224346403,2018230,0.00000667,1535.00000000,1
1531224365078,1531224365075,2018231,0.00000664,1.00000000,1
1531224398568,1531224398564,2018232,0.00000664,153.00000000,1
1531224409150,1531224409147,2018233,0.00000668,1194.00000000,0
1531224409150,1531224409147,2018234,0.00000670,1.00000000,0
1531224440107,1531224440103,2018235,0.00000670,2558.00000000,0
1531224440385,1531224440381,2018236,0.00000670,540.00000000,0
1531224440385,1531224440381,2018237,0.00000671,1189.00000000,0
1531224492431,1531224492427,2018238,0.00000672,2954.00000000,0
1531224543224,1531224543225,2018239,0.00000672,2954.00000000,0
1531224601407,1531224601405,2018240,0.00000672,2838.00000000,0
1531224602017,1531224602015,2018241,0.00000672,443.00000000,0
1531224606566,1531224606563,2018242,0.00000669,3.00000000,1
1531224640715,1531224640711,2018243,0.00000669,963.00000000,1
1531224663272,1531224663268,2018244,0.00000669,226.00000000,1
1531224663272,1531224663268,2018245,0.00000668,1194.00000000,1
1531224694157,1531224694156,2018246,0.00000670,1191.00000000,0
1531224694157,1531224694156,2018247,0.00000672,1765.00000000,0
1531224752584,1531224752582,2018248,0.00000672,2956.00000000,0
1531224808866,1531224808863,2018249,0.00000672,890.00000000,0
1531224808866,1531224808863,2018250,0.00000673,2065.00000000,0
1531224871124,1531224871123,2018251,0.00000673,2093.00000000,0
1531224901350,1531224901347,2018252,0.00000670,2382.00000000,1
1531224928092,1531224928088,2018253,0.00000673,1185.00000000,0
1531224957180,1531224957176,2018254,0.00000670,1191.00000000,1
1531224986286,1531224986283,2018255,0.00000672,500.00000000,0
1531225013331,1531225013335,2018256,0.00000670,1191.00000000,1
1531225013371,1531225013368,2018257,0.00000667,2954.00000000,1
1531225021782,1531225021778,2018258,0.00000669,381.00000000,0
1531225094380,1531225094376,2018259,0.00000665,4.00000000,1
1531225098142,1531225098140,2018260,0.00000668,1194.00000000,0
1531225160469,1531225160466,2018261,0.00000668,1194.00000000,0
1531225204760,1531225204743,2018262,0.00000665,3.00000000,1
1531225211695,1531225211693,2018263,0.00000665,449.00000000,1
1531225211695,1531225211693,2018264,0.00000664,1201.00000000,1
1531225211695,1531225211693,2018265,0.00000661,3350.00000000,1
1531225211764,1531225211760,2018266,0.00000661,68.00000000,1
1531225211764,1531225211760,2018267,0.00000660,389.00000000,1
1531225226100,1531225226096,2018268,0.00000665,162.00000000,0
1531225226418,1531225226415,2018269,0.00000665,162.00000000,0
1531225253066,1531225253061,2018270,0.00000665,8.00000000,0
1531225253066,1531225253061,2018271,0.00000667,152.00000000,0
1531225253066,1531225253061,2018272,0.00000668,757.00000000,0
1531225283101,1531225283097,2018273,0.00000665,2054.00000000,1
1531225283101,1531225283097,2018274,0.00000664,915.00000000,1
1531225288842,1531225288845,2018275,0.00000665,152.00000000,1
1531225303280,1531225303277,2018276,0.00000666,915.00000000,0
1531225802165,1531225802161,2018277,0.00000661,164.00000000,1
1531225837144,1531225837145,2018278,0.00000661,164.00000000,1
1531225872194,1531225872197,2018279,0.00000661,164.00000000,1
1531225873920,1531225873917,2018280,0.00000661,153.00000000,1
1531225905084,1531225905080,2018281,0.00000661,164.00000000,1
1531225940090,1531225940085,2018282,0.00000661,164.00000000,1
1531225969118,1531225969113,2018283,0.00000661,164.00000000,1
1531225999049,1531225999045,2018284,0.00000661,164.00000000,1
1531226005955,1531226005951,2018285,0.00000661,174.00000000,1
1531226023762,1531226023757,2018286,0.00000661,315.00000000,1
1531226028075,1531226028070,2018287,0.00000661,164.00000000,1
1531226118087,1531226118083,2018288,0.00000663,164.00000000,0
1531226150066,1531226150062,2018289,0.00000663,164.00000000,0
1531226180140,1531226180136,2018290,0.00000663,164.00000000,0
1531226210288,1531226210284,2018291,0.00000663,164.00000000,0
1531226346194,1531226346191,2018292,0.00000659,143.00000000,1
1531226385121,1531226385120,2018293,0.00000659,1068.00000000,1
1531226385121,1531226385120,2018294,0.00000658,284.00000000,1
1531226419147,1531226419144,2018295,0.00000658,284.00000000,1
1531226459136,1531226459133,2018296,0.00000662,2.00000000,0
1531226465058,1531226465053,2018297,0.00000662,385.00000000,0
1531226484691,1531226484687,2018298,0.00000659,187.00000000,0
1531226489180,1531226489176,2018299,0.00000659,1298.00000000,0
1531226490482,1531226490479,2018300,0.00000659,1298.00000000,0
1531226707303,1531226707303,2018301,0.00000658,1.00000000,0
1531226769184,1531226769185,2018302,0.00000657,766.00000000,1
1531226789233,1531226789230,2018303,0.00000657,1766.00000000,0
1531226793267,1531226793263,2018304,0.00000659,103.00000000,0
1531226793283,1531226793281,2018305,0.00000659,442.00000000,0
1531226793320,1531226793315,2018306,0.00000664,237.00000000,0
1531226793378,1531226793372,2018307,0.00000664,102.00000000,0
1531226793893,1531226793888,2018308,0.00000659,3.00000000,1
1531226795237,1531226795232,2018309,0.00000657,7134.00000000,0
1531226796483,1531226796474,2018310,0.00000658,1212.00000000,0
1531226805237,1531226805235,2018311,0.00000659,1211.00000000,0
1531226810249,1531226810243,2018312,0.00000660,1209.00000000,0
1531226823353,1531226823350,2018313,0.00000658,154.00000000,1
1531226934914,1531226934911,2018314,0.00000663,163.00000000,0
1531227057138,1531227057134,2018315,0.00000663,163.00000000,0
1531227122660,1531227122654,2018316,0.00000663,163.00000000,0
1531227143673,1531227143669,2018317,0.00000663,786.00000000,0
1531227161812,1531227161810,2018318,0.00000658,225.00000000,1
1531227170058,1531227170054,2018319,0.00000664,302.00000000,0
1531227170058,1531227170054,2018320,0.00000667,2206.00000000,0
1531227180448,1531227180448,2018321,0.00000666,203.00000000,1
1531227180727,1531227180722,2018322,0.00000666,471.00000000,1
1531227181143,1531227181138,2018323,0.00000666,7.00000000,1
1531227181143,1531227181138,2018324,0.00000664,198.00000000,1
1531227198093,1531227198090,2018325,0.00000663,1984.00000000,1
1531227198093,1531227198090,2018326,0.00000661,984.00000000,1
1531227225037,1531227225034,2018327,0.00000662,1363.00000000,0
1531227225037,1531227225034,2018328,0.00000663,1206.00000000,0
1531227228055,1531227228051,2018329,0.00000663,1286.00000000,0
1531227309280,1531227309276,2018330,0.00000661,198.00000000,0
1531227321204,1531227321199,2018331,0.00000661,342.00000000,1
1531227325143,1531227325138,2018332,0.00000661,197.00000000,1
1531227330425,1531227330424,2018333,0.00000660,399.00000000,0
1531227395195,1531227395191,2018334,0.00000663,1450.00000000,0
1531227533153,1531227533149,2018335,0.00000663,26.00000000,0
1531227533153,1531227533149,2018336,0.00000665,628.00000000,0
1531227534628,1531227534624,2018337,0.00000665,231.00000000,0
1531227536152,1531227536151,2018338,0.00000665,219.00000000,0
1531227570814,1531227570810,2018339,0.00000661,442.00000000,1
1531227590204,1531227590200,2018340,0.00000663,717.00000000,0
1531227605367,1531227605364,2018341,0.00000660,3.00000000,1
1531227721496,1531227721492,2018342,0.00000663,1178.00000000,0
1531227848169,1531227848165,2018343,0.00000664,1599.00000000,0
1531227879323,1531227879318,2018344,0.00000664,302.00000000,0
1531227947065,1531227947061,2018345,0.00000664,784.00000000,0
1531227948373,1531227948372,2018346,0.00000664,193.00000000,0
1531228037998,1531228037994,2018347,0.00000665,310.00000000,0
1531228038207,1531228038202,2018348,0.00000665,445.00000000,1
1531228049065,1531228049061,2018349,0.00000665,1648.00000000,1
1531228049065,1531228049061,2018350,0.00000663,517.00000000,1
1531228704613,1531228704608,2018351,0.00000664,44.00000000,0
1531229833762,1531229833757,2018352,0.00000664,5854.00000000,0
1531229834672,1531229834667,2018353,0.00000665,1200.00000000,0
1531229837690,1531229837686,2018354,0.00000666,517.00000000,0
1531229996245,1531229996241,2018355,0.00000666,2.00000000,1
1531230226846,1531230226841,2018356,0.00000666,540.00000000,0
1531230265821,1531230265816,2018357,0.00000666,1.00000000,1
1531230310105,1531230310100,2018358,0.00000667,1196.00000000,1
1531230311099,1531230311095,2018359,0.00000666,1.00000000,1
1531230311189,1531230311185,2018360,0.00000667,7.00000000,0
1531230329910,1531230329906,2018361,0.00000670,1410.00000000,0
1531230329910,1531230329906,2018362,0.00000671,82.00000000,0
1531230333673,1531230333668,2018363,0.00000668,176.00000000,1
1531230883432,1531230883428,2018364,0.00000669,164.00000000,1
1531230889209,1531230889206,2018365,0.00000671,1490.00000000,0
1531230940759,1531230940755,2018366,0.00000671,2057.00000000,0
1531231195828,1531231195823,2018367,0.00000673,347.00000000,0
1531231195828,1531231195823,2018368,0.00000674,94.00000000,0
1531231262895,1531231262890,2018369,0.00000671,279.00000000,1
1531231271754,1531231271749,2018370,0.00000671,300.00000000,1
1531231276123,1531231276120,2018371,0.00000671,441.00000000,1
1531231444050,1531231444046,2018372,0.00000671,2.00000000,1
1531231503842,1531231503836,2018373,0.00000674,16700.00000000,0
1531231590119,1531231590115,2018374,0.00000674,100.00000000,0
1531231813296,1531231813292,2018375,0.00000671,212.00000000,1
1531232102952,1531232102948,2018376,0.00000673,356.00000000,1
1531232104395,1531232104390,2018377,0.00000674,371.00000000,0
1531232109578,1531232109574,2018378,0.00000671,370.00000000,1
1531232116511,1531232116505,2018379,0.00000671,539.00000000,1
1531232124081,1531232124077,2018380,0.00000671,182.00000000,1
1531232132045,1531232132039,2018381,0.00000671,162.00000000,1
1531232141548,1531232141544,2018382,0.00000671,45.00000000,1
1531232197100,1531232197095,2018383,0.00000671,163.00000000,1
1531232316070,1531232316066,2018384,0.00000671,236.00000000,1
1531232323442,1531232323438,2018385,0.00000671,162.00000000,1
1531232395613,1531232395608,2018386,0.00000671,162.00000000,1
1531232396156,1531232396151,2018387,0.00000671,162.00000000,1
1531232412322,1531232412317,2018388,0.00000674,271.00000000,0
1531232482147,1531232482144,2018389,0.00000671,2.00000000,1
1531232573114,1531232573109,2018390,0.00000671,942.00000000,1
1531232576075,1531232576072,2018391,0.00000669,1125.00000000,1
1531232603181,1531232603177,2018392,0.00000668,47.00000000,1
1531232672125,1531232672121,2018393,0.00000668,163.00000000,1
1531232673126,1531232673123,2018394,0.00000668,1127.00000000,1
1531232711200,1531232711193,2018395,0.00000667,1929.00000000,1
1531232715106,1531232715102,2018396,0.00000667,749.00000000,1
1531232716108,1531232716106,2018397,0.00000667,1129.00000000,1
1531232741058,1531232741054,2018398,0.00000666,1881.00000000,1
1531232741058,1531232741054,2018399,0.00000665,6432.00000000,1
1531232794121,1531232794115,2018400,0.00000666,179.00000000,1
1531232794121,1531232794115,2018401,0.00000663,2171.00000000,1
1531232794121,1531232794115,2018402,0.00000662,689.00000000,1
1531232794121,1531232794115,2018403,0.00000661,2274.00000000,1
1531232794121,1531232794115,2018404,0.00000660,10187.00000000,1
1531232796637,1531232796632,2018405,0.00000662,210.00000000,0
1531232800080,1531232800075,2018406,0.00000662,163.00000000,0
1531232806339,1531232806335,2018407,0.00000662,457.00000000,0
1531232862627,1531232862622,2018408,0.00000659,154.00000000,1
1531232882298,1531232882294,2018409,0.00000659,307.00000000,1
1531232912757,1531232912753,2018410,0.00000659,689.00000000,1
1531233047425,1531233047421,2018411,0.00000662,9497.00000000,0
1531233098050,1531233098045,2018412,0.00000661,1506.00000000,0
1531233127118,1531233127114,2018413,0.00000662,70.00000000,0
1531233127118,1531233127114,2018414,0.00000665,92.00000000,0
1531233127728,1531233127725,2018415,0.00000665,162.00000000,0
1531233162148,1531233162144,2018416,0.00000661,164.00000000,1
1531233240152,1531233240150,2018417,0.00000661,164.00000000,1
1531233352788,1531233352785,2018418,0.00000661,418.00000000,1
1531233356231,1531233356226,2018419,0.00000660,408.00000000,1
1531233356296,1531233356293,2018420,0.00000659,749.00000000,1
1531233360284,1531233360280,2018421,0.00000659,5606.00000000,1
1531233391202,1531233391179,2018422,0.00000659,82.00000000,1
1531233407203,1531233407199,2018423,0.00000656,154.00000000,1
1531233407224,1531233407220,2018424,0.00000656,150.00000000,1
1531233407224,1531233407220,2018425,0.00000655,16.00000000,1
1531233427678,1531233427674,2018426,0.00000659,8729.00000000,0
1531233427678,1531233427674,2018427,0.00000662,303.00000000,0
1531233427878,1531233427877,2018428,0.00000662,2526.00000000,1
1531233427941,1531233427938,2018429,0.00000662,16563.00000000,1
1531233431213,1531233431210,2018430,0.00000662,505.00000000,0
1531233431946,1531233431943,2018431,0.00000662,814.00000000,1
1531233468096,1531233468093,2018432,0.00000658,154.00000000,1
1531233472991,1531233472988,2018433,0.00000661,471.00000000,0
1531233473173,1531233473170,2018434,0.00000661,203.00000000,0
1531233485498,1531233485495,2018435,0.00000661,368.00000000,0
1531233486466,1531233486462,2018436,0.00000661,1455.00000000,0
1531233512061,1531233512057,2018437,0.00000661,164.00000000,0
1531233642250,1531233642246,2018438,0.00000661,164.00000000,0
1531233645795,1531233645792,2018439,0.00000661,237.00000000,0
1531233656062,1531233656061,2018440,0.00000661,4.00000000,0
1531233736130,1531233736126,2018441,0.00000661,164.00000000,0
1531233805670,1531233805667,2018442,0.00000661,2.00000000,0
1531233863215,1531233863211,2018443,0.00000661,163.00000000,0
1531233952355,1531233952351,2018444,0.00000661,1024.00000000,0
1531233965543,1531233965540,2018445,0.00000661,4438.00000000,0
1531234016753,1531234016748,2018446,0.00000662,163.00000000,0
1531234078199,1531234078196,2018447,0.00000662,164.00000000,0
1531234174055,1531234174050,2018448,0.00000662,164.00000000,0
1531234244048,1531234244045,2018449,0.00000662,164.00000000,0
1531234340240,1531234340235,2018450,0.00000662,162.00000000,0
1531234366341,1531234366338,2018451,0.00000662,6548.00000000,0
1531234367075,1531234367073,2018452,0.00000662,514.00000000,0
1531234423085,1531234423058,2018453,0.00000663,163.00000000,0
1531234431392,1531234431388,2018454,0.00000662,487.00000000,0
1531234471070,1531234471066,2018455,0.00000664,163.00000000,0
1531234573407,1531234573405,2018456,0.00000664,163.00000000,0
1531234606083,1531234606084,2018457,0.00000664,163.00000000,0
1531234638486,1531234638482,2018458,0.00000664,250.00000000,0
1531234932145,1531234932142,2018459,0.00000664,163.00000000,0
1531235029263,1531235029261,2018460,0.00000664,163.00000000,0
1531235054982,1531235054980,2018461,0.00000664,52.00000000,0
1531235126524,1531235126522,2018462,0.00000664,163.00000000,0
1531235149909,1531235149907,2018463,0.00000664,2.00000000,0
1531235199618,1531235199616,2018464,0.00000664,168.00000000,0
1531235201389,1531235201386,2018465,0.00000664,234.00000000,0
1531235450264,1531235450262,2018466,0.00000664,1.00000000,0
1531235476755,1531235476753,2018467,0.00000664,163.00000000,0
1531235478761,1531235478761,2018468,0.00000664,163.00000000,0
1531235519713,1531235519712,2018469,0.00000664,163.00000000,0
1531235543920,1531235543919,2018470,0.00000664,163.00000000,0
1531235548268,1531235548268,2018471,0.00000664,185.00000000,0
1531235550346,1531235550344,2018472,0.00000664,234.00000000,0
1531235572056,1531235572055,2018473,0.00000664,163.00000000,0
1531235607428,1531235607429,2018474,0.00000664,163.00000000,0
1531235636068,1531235636067,2018475,0.00000664,163.00000000,0
1531235667093,1531235667092,2018476,0.00000664,163.00000000,0
1531235697876,1531235697874,2018477,0.00000664,64.00000000,0
1531235699064,1531235699063,2018478,0.00000664,163.00000000,0
1531235701888,1531235701883,2018479,0.00000664,1.00000000,0
1531235745127,1531235745127,2018480,0.00000664,163.00000000,0
1531235765315,1531235765315,2018481,0.00000664,163.00000000,0
1531235796775,1531235796774,2018482,0.00000664,194.00000000,0
1531235797768,1531235797768,2018483,0.00000664,163.00000000,0
1531235804832,1531235804831,2018484,0.00000663,368.00000000,1
1531235805620,1531235805619,2018485,0.00000663,1018.00000000,1
1531235806720,1531235806722,2018486,0.00000662,1137.00000000,1
1531235829545,1531235829545,2018487,0.00000660,163.00000000,0
1531235837844,1531235837845,2018488,0.00000658,437.00000000,1
1531235838069,1531235838068,2018489,0.00000658,20.00000000,1
1531235838069,1531235838068,2018490,0.00000657,162.00000000,1
1531235866355,1531235866354,2018491,0.00000660,1515.00000000,0
1531235890521,1531235890521,2018492,0.00000657,154.00000000,1
1531235920842,1531235920840,2018493,0.00000660,243.00000000,0
1531235920888,1531235920885,2018494,0.00000660,164.00000000,0
1531235921870,1531235921868,2018495,0.00000660,164.00000000,0
1531235923160,1531235923159,2018496,0.00000660,16024.00000000,0
1531235948446,1531235948415,2018497,0.00000663,163.00000000,0
1531235980116,1531235980116,2018498,0.00000663,163.00000000,0
1531236015185,1531236015184,2018499,0.00000663,163.00000000,0
1531236043111,1531236043114,2018500,0.00000663,163.00000000,0
1531236074049,1531236074049,2018501,0.00000663,2984.00000000,0
1531236074218,1531236074218,2018502,0.00000663,2984.00000000,0
1531236075701,1531236075700,2018503,0.00000663,505.00000000,0
1531236084423,1531236084422,2018504,0.00000663,9702.00000000,0
1531236084917,1531236084916,2018505,0.00000664,500.00000000,0
1531236085191,1531236085191,2018506,0.00000665,421.00000000,0
1531236087247,1531236087247,2018507,0.00000665,5022.00000000,1
1531236087342,1531236087342,2018508,0.00000666,1343.00000000,0
1531236088154,1531236088154,2018509,0.00000665,1132.00000000,1
1531236089340,1531236089340,2018510,0.00000666,505.00000000,0
1531236092861,1531236092860,2018511,0.00000665,203.00000000,1
1531236093242,1531236093242,2018512,0.00000665,47.00000000,1
1531236093242,1531236093242,2018513,0.00000664,424.00000000,1
1531236095712,1531236095711,2018514,0.00000666,250.00000000,0
1531236095740,1531236095738,2018515,0.00000666,1764.00000000,1
1531236103071,1531236103071,2018516,0.00000666,163.00000000,1
1531236144183,1531236144183,2018517,0.00000668,1497.00000000,0
1531236160187,1531236160187,2018518,0.00000667,783.00000000,1
1531236160217,1531236160216,2018519,0.00000667,783.00000000,1
1531236162082,1531236162082,2018520,0.00000667,308.00000000,1
1531236162245,1531236162245,2018521,0.00000667,340.00000000,1
1531236164222,1531236164220,2018522,0.00000667,896.00000000,1
1531236173507,1531236173507,2018523,0.00000667,1.00000000,0
1531236203393,1531236203392,2018524,0.00000665,3770.00000000,0
1531236247012,1531236247012,2018525,0.00000665,293.00000000,1
1531236254749,1531236254729,2018526,0.00000665,16624.00000000,1
1531236254749,1531236254729,2018527,0.00000662,1215.00000000,1
1531236254749,1531236254729,2018528,0.00000661,770.00000000,1
1531236254749,1531236254729,2018529,0.00000660,1437.00000000,1
1531236254749,1531236254729,2018530,0.00000659,7064.00000000,1
1531236254749,1531236254729,2018531,0.00000658,24034.00000000,1
1531236254749,1531236254729,2018532,0.00000657,9391.00000000,1
1531236254749,1531236254729,2018533,0.00000656,4585.00000000,1
1531236254749,1531236254729,2018534,0.00000655,9629.00000000,1
1531236254749,1531236254729,2018535,0.00000654,5665.00000000,1
1531236254749,1531236254729,2018536,0.00000653,9564.00000000,1
1531236254749,1531236254729,2018537,0.00000652,18547.00000000,1
1531236254749,1531236254729,2018538,0.00000651,28438.00000000,1
1531236254749,1531236254729,2018539,0.00000650,13047.00000000,1
1531236255243,1531236255242,2018540,0.00000658,489.00000000,0
1531236255309,1531236255311,2018541,0.00000658,487.00000000,0
1531236255310,1531236255311,2018542,0.00000658,216.00000000,0
1531236255310,1531236255311,2018543,0.00000659,354.00000000,0
1531236255434,1531236255435,2018544,0.00000659,577.00000000,0
1531236255440,1531236255439,2018545,0.00000660,3398.00000000,0
1531236255440,1531236255439,2018546,0.00000661,487.00000000,0
1531236255440,1531236255439,2018547,0.00000662,276.00000000,0
1531236255558,1531236255561,2018548,0.00000659,457.00000000,1
1531236255610,1531236255610,2018549,0.00000659,457.00000000,1
1531236255638,1531236255638,2018550,0.00000659,810.00000000,1
1531236255699,1531236255699,2018551,0.00000659,504.00000000,1
1531236255792,1531236255796,2018552,0.00000659,932.00000000,1
1531236255814,1531236255814,2018553,0.00000658,458.00000000,1
1531236255822,1531236255822,2018554,0.00000658,262.00000000,1
1531236255822,1531236255822,2018555,0.00000657,466.00000000,1
1531236257310,1531236257310,2018556,0.00000658,162.00000000,0
1531236266045,1531236266047,2018557,0.00000658,163.00000000,0
1531236266436,1531236266436,2018558,0.00000657,458.00000000,1
1531236267427,1531236267427,2018559,0.00000657,657.00000000,1
1531236293398,1531236293398,2018560,0.00000657,633.00000000,1
1531236315372,1531236315371,2018561,0.00000657,154.00000000,1
1531236332079,1531236332083,2018562,0.00000658,164.00000000,0
1531236335883,1531236335882,2018563,0.00000657,777.00000000,1
1531236336044,1531236336044,2018564,0.00000656,1461.00000000,0
1531236336306,1531236336307,2018565,0.00000656,2440.00000000,0
1531236337236,1531236337236,2018566,0.00000656,457.00000000,0
1531236356356,1531236356338,2018567,0.00000655,1441.00000000,1
1531236361484,1531236361485,2018568,0.00000656,520.00000000,0
1531236366334,1531236366335,2018569,0.00000657,15220.00000000,0
1531236368373,1531236368370,2018570,0.00000658,5317.00000000,0
1531236368685,1531236368684,2018571,0.00000659,471.00000000,0
1531236368752,1531236368751,2018572,0.00000659,203.00000000,0
1531236368946,1531236368945,2018573,0.00000659,205.00000000,0
1531236378307,1531236378306,2018574,0.00000658,1215.00000000,0
1531236395151,1531236395153,2018575,0.00000656,165.00000000,1
1531236419180,1531236419180,2018576,0.00000656,1441.00000000,1
1531236421224,1531236421224,2018577,0.00000658,2609.00000000,0
1531236457127,1531236457128,2018578,0.00000657,165.00000000,1
1531236508061,1531236508060,2018579,0.00000657,165.00000000,1
1531236539106,1531236539106,2018580,0.00000657,126.00000000,1
1531236539106,1531236539106,2018581,0.00000656,38.00000000,1
1531236562246,1531236562247,2018582,0.00000657,752.00000000,0
1531236564332,1531236564333,2018583,0.00000657,761.00000000,0
1531236572113,1531236572113,2018584,0.00000656,165.00000000,1
1531236605086,1531236605088,2018585,0.00000659,165.00000000,0
1531236617932,1531236617931,2018586,0.00000659,232.00000000,0
1531236624423,1531236624424,2018587,0.00000656,154.00000000,1
1531236674086,1531236674087,2018588,0.00000656,166.00000000,1
1531236705083,1531236705082,2018589,0.00000659,164.00000000,0
1531236740488,1531236740488,2018590,0.00000659,460.00000000,0
1531236768175,1531236768175,2018591,0.00000659,164.00000000,0
1531236784660,1531236784660,2018592,0.00000658,733.00000000,1
1531236799052,1531236799051,2018593,0.00000656,164.00000000,1
1531236827514,1531236827515,2018594,0.00000656,191.00000000,1
1531236830058,1531236830059,2018595,0.00000658,165.00000000,0
1531236840663,1531236840662,2018596,0.00000656,5132.00000000,1
1531236857248,1531236857247,2018597,0.00000655,459.00000000,1
1531236857277,1531236857279,2018598,0.00000655,1081.00000000,0
1531236857314,1531236857312,2018599,0.00000655,1081.00000000,0
1531236857316,1531236857317,2018600,0.00000655,1024.00000000,0
1531236859657,1531236859631,2018601,0.00000654,879.00000000,1
1531236860292,1531236860292,2018602,0.00000654,5891.00000000,0
1531236860735,1531236860734,2018603,0.00000655,338.00000000,0
1531236860861,1531236860861,2018604,0.00000655,105.00000000,0
1531236861092,1531236861089,2018605,0.00000655,115.00000000,0
1531236862382,1531236862382,2018606,0.00000654,2535.00000000,0
1531236862943,1531236862942,2018607,0.00000653,154.00000000,1
1531236864292,1531236864292,2018608,0.00000653,8128.00000000,0
1531236864848,1531236864845,2018609,0.00000652,24590.00000000,1
1531236864848,1531236864845,2018610,0.00000651,2606.00000000,1
1531236864848,1531236864845,2018611,0.00000650,925.00000000,1
1531236865341,1531236865340,2018612,0.00000655,278.00000000,0
1531236865541,1531236865541,2018613,0.00000655,91.00000000,0
1531236865615,1531236865617,2018614,0.00000655,151.00000000,0
1531236865632,1531236865633,2018615,0.00000655,350.00000000,0
1531236865677,1531236865677,2018616,0.00000655,27.00000000,0
1531236865677,1531236865677,2018617,0.00000656,96.00000000,0
1531236865761,1531236865760,2018618,0.00000656,308.00000000,0
1531236865809,1531236865809,2018619,0.00000656,127.00000000,0
1531236865862,1531236865860,2018620,0.00000656,236.00000000,0
1531236866125,1531236866126,2018621,0.00000655,125.00000000,0
1531236866214,1531236866214,2018622,0.00000654,69.00000000,0
1531236868300,1531236868300,2018623,0.00000653,902.00000000,0
1531236871084,1531236871084,2018624,0.00000652,471.00000000,0
1531236871288,1531236871289,2018625,0.00000652,286.00000000,0
1531236873093,1531236873093,2018626,0.00000654,77.00000000,0
1531236873158,1531236873157,2018627,0.00000654,79.00000000,0
1531236873449,1531236873448,2018628,0.00000654,111.00000000,0
1531236874073,1531236874073,2018629,0.00000654,91.00000000,0
1531236874127,1531236874127,2018630,0.00000654,121.00000000,0
1531236874180,1531236874178,2018631,0.00000654,350.00000000,0
1531236874297,1531236874295,2018632,0.00000654,1708.00000000,0
1531236874297,1531236874295,2018633,0.00000655,6040.00000000,0
1531236881117,1531236881117,2018634,0.00000651,311.00000000,1
1531236895170,1531236895173,2018635,0.00000655,165.00000000,0
1531236921721,1531236921721,2018636,0.00000651,156.00000000,1
1531237037107,1531237037106,2018637,0.00000655,166.00000000,0
1531237065396,1531237065395,2018638,0.00000654,3058.00000000,0
1531237071289,1531237071292,2018639,0.00000655,7633.00000000,0
1531237075087,1531237075089,2018640,0.00000656,80.00000000,0
1531237076309,1531237076308,2018641,0.00000654,7645.00000000,0
1531237252925,1531237252925,2018642,0.00000656,4.00000000,0
1531237446876,1531237446877,2018643,0.00000656,44.00000000,0
1531237449890,1531237449890,2018644,0.00000656,1.00000000,0
1531237541344,1531237541342,2018645,0.00000652,350.00000000,1
1531237672537,1531237672537,2018646,0.00000656,17494.00000000,0
1531237827135,1531237827134,2018647,0.00000653,166.00000000,1
1531237858058,1531237858057,2018648,0.00000653,166.00000000,1
1531237954087,1531237954086,2018649,0.00000653,166.00000000,1
1531238016066,1531238016065,2018650,0.00000653,166.00000000,1
1531238048043,1531238048040,2018651,0.00000653,166.00000000,1
1531238066486,1531238066485,2018652,0.00000654,819.00000000,0
1531238081090,1531238081090,2018653,0.00000653,166.00000000,1
1531238115070,1531238115068,2018654,0.00000653,166.00000000,1
1531238147733,1531238147732,2018655,0.00000653,505.00000000,1
1531238336229,1531238336228,2018656,0.00000653,166.00000000,1
1531238364360,1531238364359,2018657,0.00000656,1055.00000000,0
1531238411575,1531238411574,2018658,0.00000656,853.00000000,0
1531238515383,1531238515382,2018659,0.00000653,2433.00000000,1
1531238640171,1531238640170,2018660,0.00000653,879.00000000,1
1531238646142,1531238646141,2018661,0.00000653,167.00000000,1
1531238686278,1531238686277,2018662,0.00000656,3.00000000,0
1531238712041,1531238712038,2018663,0.00000653,167.00000000,1
1531238746053,1531238746049,2018664,0.00000653,167.00000000,1
1531238751137,1531238751131,2018665,0.00000653,377.00000000,1
1531238778053,1531238778053,2018666,0.00000653,167.00000000,1
1531238801619,1531238801616,2018667,0.00000653,1148.00000000,1
1531238809151,1531238809150,2018668,0.00000653,167.00000000,1
1531239103006,1531239102999,2018669,0.00000653,1724.00000000,1
1531239103006,1531239102999,2018670,0.00000652,320.00000000,1
1531239103006,1531239102999,2018671,0.00000651,965.00000000,1
1531239103006,1531239102999,2018672,0.00000650,8925.00000000,1
1531239103006,1531239102999,2018673,0.00000649,2470.00000000,1
1531239108343,1531239108341,2018674,0.00000651,227.00000000,1
1531239108784,1531239108782,2018675,0.00000651,738.00000000,1
1531239110905,1531239110902,2018676,0.00000650,1160.00000000,1
1531239111053,1531239111051,2018677,0.00000650,741.00000000,0
1531239112010,1531239112006,2018678,0.00000650,385.00000000,0
1531239112065,1531239112062,2018679,0.00000650,741.00000000,0
1531239112825,1531239112824,2018680,0.00000649,197.00000000,1
1531239115870,1531239115865,2018681,0.00000649,788.00000000,1
1531239116831,1531239116829,2018682,0.00000650,846.00000000,0
1531239116900,1531239116896,2018683,0.00000649,437.00000000,1
1531239116968,1531239116965,2018684,0.00000649,269.00000000,0
1531239119039,1531239119036,2018685,0.00000649,953.00000000,0
1531239119039,1531239119036,2018686,0.00000650,334.00000000,0
1531239119224,1531239119221,2018687,0.00000650,2555.00000000,0
1531239122748,1531239122745,2018688,0.00000649,212.00000000,0
1531239122748,1531239122745,2018689,0.00000650,173.00000000,0
1531239128935,1531239128933,2018690,0.00000650,43.00000000,0
1531239129095,1531239129093,2018691,0.00000650,35.00000000,0
1531239129150,1531239129147,2018692,0.00000650,53.00000000,0
1531239129181,1531239129179,2018693,0.00000650,121.00000000,0
1531239129232,1531239129231,2018694,0.00000650,107.00000000,0
1531239129281,1531239129279,2018695,0.00000650,109.00000000,0
1531239129503,1531239129498,2018696,0.00000650,55.00000000,0
1531239129577,1531239129575,2018697,0.00000650,50.00000000,0
1531239129663,1531239129662,2018698,0.00000650,66.00000000,0
1531239129776,1531239129773,2018699,0.00000650,57.00000000,0
1531239129836,1531239129834,2018700,0.00000650,44.00000000,0
1531239130060,1531239130051,2018701,0.00000650,35.00000000,0
1531239130195,1531239130193,2018702,0.00000650,143.00000000,0
1531239130258,1531239130256,2018703,0.00000650,43.00000000,0
1531239130274,1531239130272,2018704,0.00000650,209.00000000,0
1531239130303,1531239130300,2018705,0.00000650,71.00000000,0
1531239130368,1531239130365,2018706,0.00000650,269.00000000,0
1531239130433,1531239130430,2018707,0.00000650,43.00000000,0
1531239130628,1531239130625,2018708,0.00000650,56.00000000,0
1531239130674,1531239130670,2018709,0.00000650,57.00000000,0
1531239130754,1531239130750,2018710,0.00000650,35.00000000,0
1531239130810,1531239130807,2018711,0.00000650,53.00000000,0
1531239130862,1531239130860,2018712,0.00000650,61.00000000,0
1531239130923,1531239130921,2018713,0.00000650,50.00000000,0
1531239130993,1531239130989,2018714,0.00000650,57.00000000,0
1531239131045,1531239131041,2018715,0.00000650,58.00000000,0
1531239131149,1531239131148,2018716,0.00000650,53.00000000,0
1531239131229,1531239131227,2018717,0.00000650,376.00000000,0
1531239131252,1531239131250,2018718,0.00000650,65.00000000,0
1531239131472,1531239131469,2018719,0.00000650,64.00000000,0
1531239131589,1531239131587,2018720,0.00000650,51.00000000,0
1531239131666,1531239131665,2018721,0.00000650,132.00000000,0
1531239131713,1531239131712,2018722,0.00000650,99.00000000,0
1531239131762,1531239131756,2018723,0.00000650,116.00000000,0
1531239131818,1531239131815,2018724,0.00000650,64.00000000,0
1531239131913,1531239131910,2018725,0.00000650,56.00000000,0
1531239132164,1531239132162,2018726,0.00000650,37.00000000,0
1531239132313,1531239132310,2018727,0.00000650,115.00000000,0
1531239132372,1531239132370,2018728,0.00000650,88.00000000,0
1531239132427,1531239132426,2018729,0.00000650,41.00000000,0
1531239163934,1531239163931,2018730,0.00000647,157.00000000,1
1531239225257,1531239225255,2018731,0.00000647,157.00000000,1
1531239256139,1531239256136,2018732,0.00000650,16074.00000000,0
1531239258552,1531239258548,2018733,0.00000653,117.00000000,0
1531239258860,1531239258858,2018734,0.00000653,40.00000000,0
1531239258917,1531239258913,2018735,0.00000653,56.00000000,0
1531239258969,1531239258967,2018736,0.00000653,111.00000000,0
1531239259047,1531239259044,2018737,0.00000653,76.00000000,0
1531239259232,1531239259228,2018738,0.00000653,43.00000000,0
1531239259345,1531239259338,2018739,0.00000653,60.00000000,0
1531239259435,1531239259432,2018740,0.00000653,106.00000000,0
1531239259518,1531239259515,2018741,0.00000653,164.00000000,0
1531239259573,1531239259568,2018742,0.00000653,60.00000000,0
1531239259610,1531239259608,2018743,0.00000653,56.00000000,0
1531239259689,1531239259686,2018744,0.00000653,52.00000000,0
1531239259922,1531239259917,2018745,0.00000653,172.00000000,0
1531239260057,1531239260053,2018746,0.00000653,54.00000000,0
1531239260086,1531239260085,2018747,0.00000653,39.00000000,0
1531239260151,1531239260149,2018748,0.00000653,35.00000000,0
1531239260155,1531239260153,2018749,0.00000653,64.00000000,0
1531239260212,1531239260209,2018750,0.00000653,69.00000000,0
1531239260260,1531239260257,2018751,0.00000653,96.00000000,0
1531239260331,1531239260327,2018752,0.00000653,46.00000000,0
1531239280500,1531239280495,2018753,0.00000653,88.00000000,0
1531239280566,1531239280564,2018754,0.00000653,47.00000000,0
1531239280591,1531239280590,2018755,0.00000653,395.00000000,0
1531239280607,1531239280604,2018756,0.00000653,57.00000000,0
1531239280652,1531239280648,2018757,0.00000653,46.00000000,0
1531239280786,1531239280767,2018758,0.00000653,103.00000000,0
1531239281029,1531239281024,2018759,0.00000653,58.00000000,0
1531239281120,1531239281116,2018760,0.00000653,64.00000000,0
1531239306802,1531239306796,2018761,0.00000653,155.00000000,0
1531239422866,1531239422862,2018762,0.00000653,99.00000000,0
1531239581157,1531239581152,2018763,0.00000653,1966.00000000,0
1531239581575,1531239581573,2018764,0.00000653,4612.00000000,0
1531239603258,1531239603254,2018765,0.00000655,1930.00000000,0
1531239610159,1531239610155,2018766,0.00000655,1528.00000000,1
1531239611353,1531239611349,2018767,0.00000655,2177.00000000,1
1531239612122,1531239612119,2018768,0.00000655,7633.00000000,1
1531239712026,1531239712023,2018769,0.00000655,58.00000000,1
1531239730273,1531239730270,2018770,0.00000655,154.00000000,0
1531239734212,1531239734209,2018771,0.00000655,360.00000000,0
1531239737728,1531239737721,2018772,0.00000655,2.00000000,0
1531239767088,1531239767084,2018773,0.00000655,1066.00000000,0
1531239785785,1531239785775,2018774,0.00000654,1507.00000000,1
1531239785785,1531239785775,2018775,0.00000652,627.00000000,1
1531239785785,1531239785775,2018776,0.00000651,1738.00000000,1
1531239785785,1531239785775,2018777,0.00000650,1076.00000000,1
1531239785785,1531239785775,2018778,0.00000649,2350.00000000,1
1531239785785,1531239785775,2018779,0.00000648,7888.00000000,1
1531239785785,1531239785775,2018780,0.00000647,16295.00000000,1
1531239785785,1531239785775,2018781,0.00000646,3379.00000000,1
1531239786445,1531239786440,2018782,0.00000650,6885.00000000,0
1531239786445,1531239786440,2018783,0.00000652,155.00000000,0
1531239786648,1531239786645,2018784,0.00000652,801.00000000,0
1531239786651,1531239786647,2018785,0.00000652,801.00000000,0
1531239786711,1531239786706,2018786,0.00000653,924.00000000,0
1531239786714,1531239786711,2018787,0.00000652,801.00000000,0
1531239786732,1531239786729,2018788,0.00000652,962.00000000,0
1531239786753,1531239786748,2018789,0.00000652,550.00000000,0
1531239786753,1531239786748,2018790,0.00000653,412.00000000,0
1531239786803,1531239786798,2018791,0.00000653,904.00000000,0
1531239786819,1531239786815,2018792,0.00000650,3705.00000000,0
1531239786869,1531239786866,2018793,0.00000650,4705.00000000,0
1531239788728,1531239788724,2018794,0.00000651,3054.00000000,0
1531239788947,1531239788941,2018795,0.00000652,258.00000000,0
1531239789021,1531239789018,2018796,0.00000652,42.00000000,0
1531239789061,1531239789056,2018797,0.00000652,108.00000000,0
1531239804933,1531239804926,2018798,0.00000652,592.00000000,0
1531239804933,1531239804926,2018799,0.00000654,824.00000000,0
1531239809164,1531239809158,2018800,0.00000654,153.00000000,0
1531239814851,1531239814847,2018801,0.00000652,1175.00000000,0
1531239828630,1531239828627,2018802,0.00000652,153.00000000,0
1531239830063,1531239830058,2018803,0.00000652,271.00000000,0
1531239850976,1531239850972,2018804,0.00000649,108.00000000,1
1531239851022,1531239851018,2018805,0.00000649,156.00000000,1
1531239864118,1531239864113,2018806,0.00000651,169.00000000,0
1531239864118,1531239864113,2018807,0.00000652,464.00000000,0
1531239864367,1531239864361,2018808,0.00000651,169.00000000,1
1531239866686,1531239866682,2018809,0.00000652,505.00000000,0
1531239908279,1531239908274,2018810,0.00000651,126.00000000,0
1531239981064,1531239981055,2018811,0.00000651,878.00000000,0
1531240012064,1531240012059,2018812,0.00000651,929.00000000,0
1531240012756,1531240012751,2018813,0.00000651,929.00000000,0
1531240013507,1531240013503,2018814,0.00000651,510.00000000,0
1531240044151,1531240044148,2018815,0.00000650,295.00000000,1
1531240044151,1531240044148,2018816,0.00000649,558.00000000,1
1531240050967,1531240050962,2018817,0.00000649,718.00000000,1
1531240050967,1531240050962,2018818,0.00000648,169.00000000,1
1531240050967,1531240050962,2018819,0.00000647,1465.00000000,1
1531240052445,1531240052440,2018820,0.00000650,1463.00000000,0
1531240071706,1531240071702,2018821,0.00000650,2.00000000,0
1531240071706,1531240071702,2018822,0.00000651,675.00000000,0
1531240072637,1531240072633,2018823,0.00000651,204.00000000,0
1531240073773,1531240073767,2018824,0.00000651,3429.00000000,0
1531240084838,1531240084831,2018825,0.00000649,627.00000000,0
1531240088201,1531240088196,2018826,0.00000649,717.00000000,0
1531240088575,1531240088570,2018827,0.00000649,770.00000000,0
1531240089697,1531240089692,2018828,0.00000650,1538.00000000,0
1531240090772,1531240090766,2018829,0.00000650,6154.00000000,0
1531240095101,1531240095096,2018830,0.00000649,210.00000000,1
1531240126154,1531240126149,2018831,0.00000652,809.00000000,0
1531240159156,1531240159151,2018832,0.00000649,809.00000000,1
1531240204036,1531240204029,2018833,0.00000649,20.00000000,1
1531240211895,1531240211890,2018834,0.00000649,171.00000000,1
1531241003449,1531241003444,2018835,0.00000653,155.00000000,0
1531241033936,1531241033930,2018836,0.00000653,5.00000000,0
1531241064030,1531241064024,2018837,0.00000653,168.00000000,0
1531241090289,1531241090283,2018838,0.00000653,4.00000000,0
1531241457987,1531241457983,2018839,0.00000650,1048.00000000,0
1531241726111,1531241726105,2018840,0.00000650,246.00000000,1
1531241726168,1531241726162,2018841,0.00000649,218.00000000,1
1531241778139,1531241778134,2018842,0.00000651,481.00000000,0
1531241823105,1531241823100,2018843,0.00000651,646.00000000,0
1531241888711,1531241888705,2018844,0.00000651,752.00000000,0
1531241921627,1531241921622,2018845,0.00000651,672.00000000,0
1531241956751,1531241956745,2018846,0.00000651,747.00000000,0
1531241988081,1531241988076,2018847,0.00000651,791.00000000,0
1531241997226,1531241997221,2018848,0.00000651,1536.00000000,0
1531242012751,1531242012746,2018849,0.00000650,295.00000000,1
1531242012751,1531242012746,2018850,0.00000649,1162.00000000,1
1531242012751,1531242012746,2018851,0.00000647,3491.00000000,1
1531242030240,1531242030235,2018852,0.00000646,35.00000000,1
1531242033194,1531242033188,2018853,0.00000650,396.00000000,0
1531242067062,1531242067056,2018854,0.00000649,405.00000000,0
1531242085295,1531242085290,2018855,0.00000647,528.00000000,1
1531242085295,1531242085290,2018856,0.00000646,136.00000000,1
1531242085295,1531242085290,2018857,0.00000645,384.00000000,1
1531242103047,1531242103042,2018858,0.00000649,405.00000000,0
1531242110337,1531242110331,2018859,0.00000647,264.00000000,1
1531242137957,1531242137952,2018860,0.00000649,5684.00000000,0
1531242144052,1531242144048,2018861,0.00000649,540.00000000,0
1531242185130,1531242185122,2018862,0.00000648,170.00000000,0
1531242185130,1531242185122,2018863,0.00000649,229.00000000,0
1531242262986,1531242262981,2018864,0.00000649,206.00000000,0
1531242279956,1531242279951,2018865,0.00000649,3.00000000,0
1531242332371,1531242332363,2018866,0.00000649,315.00000000,0
1531242408692,1531242408688,2018867,0.00000649,271.00000000,0
1531242438273,1531242438268,2018868,0.00000649,292.00000000,0
1531242473219,1531242473218,2018869,0.00000649,240.00000000,0
1531242478136,1531242478130,2018870,0.00000649,19.00000000,0
1531242511348,1531242511344,2018871,0.00000650,277.00000000,0
1531242533051,1531242533047,2018872,0.00000650,8852.00000000,0
1531242533051,1531242533047,2018873,0.00000653,358.00000000,0
1531242533051,1531242533047,2018874,0.00000655,2423.00000000,0
1531242533083,1531242533078,2018875,0.00000655,11695.00000000,0
1531242553890,1531242553884,2018876,0.00000651,230.00000000,1
1531242554040,1531242554039,2018877,0.00000651,232.00000000,1
1531242554040,1531242554039,2018878,0.00000650,131.00000000,1
1531242554372,1531242554366,2018879,0.00000650,106.00000000,1
1531242554676,1531242554674,2018880,0.00000650,103.00000000,1
1531242554693,1531242554687,2018881,0.00000650,91.00000000,1
1531242555097,1531242555091,2018882,0.00000650,120.00000000,1
1531242555603,1531242555597,2018883,0.00000650,123.00000000,1
1531242555838,1531242555834,2018884,0.00000650,139.00000000,1
1531242556083,1531242556078,2018885,0.00000650,287.00000000,1
1531242556482,1531242556476,2018886,0.00000650,60.00000000,1
1531242556482,1531242556476,2018887,0.00000646,206.00000000,1
1531242556638,1531242556633,2018888,0.00000646,109.00000000,1
1531242556954,1531242556949,2018889,0.00000647,149.00000000,1
1531242557293,1531242557287,2018890,0.00000647,120.00000000,1
1531242557911,1531242557906,2018891,0.00000647,149.00000000,1
1531242558087,1531242558082,2018892,0.00000647,43.00000000,1
1531242558087,1531242558082,2018893,0.00000645,572.00000000,1
1531242558406,1531242558401,2018894,0.00000645,91.00000000,1
1531242558763,1531242558759,2018895,0.00000646,426.00000000,1
1531242559014,1531242559008,2018896,0.00000646,147.00000000,1
1531242559241,1531242559235,2018897,0.00000646,139.00000000,1
1531242559482,1531242559477,2018898,0.00000646,158.00000000,1
1531242559797,1531242559796,2018899,0.00000646,540.00000000,1
1531242559930,1531242559923,2018900,0.00000649,294.00000000,0
1531242560090,1531242560085,2018901,0.00000646,114.00000000,1
1531242560527,1531242560521,2018902,0.00000646,167.00000000,1
1531242560744,1531242560740,2018903,0.00000646,304.00000000,1
1531242561178,1531242561173,2018904,0.00000646,974.00000000,1
1531242561572,1531242561566,2018905,0.00000646,448.00000000,1
1531242561981,1531242561974,2018906,0.00000646,217.00000000,1
1531242562361,1531242562355,2018907,0.00000647,313.00000000,1
1531242562617,1531242562612,2018908,0.00000647,163.00000000,1
1531242562858,1531242562852,2018909,0.00000647,156.00000000,1
1531242563256,1531242563250,2018910,0.00000647,63.00000000,1
1531242563256,1531242563250,2018911,0.00000645,84.00000000,1
1531242563363,1531242563357,2018912,0.00000645,147.00000000,1
1531242563674,1531242563670,2018913,0.00000645,131.00000000,1
1531242563844,1531242563838,2018914,0.00000645,697.00000000,1
1531242564242,1531242564237,2018915,0.00000645,197.00000000,1
1531242564556,1531242564550,2018916,0.00000645,112.00000000,1
1531242564849,1531242564844,2018917,0.00000645,139.00000000,1
1531242565118,1531242565112,2018918,0.00000645,164.00000000,1
1531242565498,1531242565492,2018919,0.00000645,667.00000000,1
1531242565737,1531242565733,2018920,0.00000645,1024.00000000,1
1531242569939,1531242569934,2018921,0.00000646,236.00000000,0
1531242576844,1531242576838,2018922,0.00000645,109.00000000,1
1531242591997,1531242591996,2018923,0.00000646,1323.00000000,0
1531242593019,1531242593014,2018924,0.00000645,230.00000000,1
1531242597058,1531242597053,2018925,0.00000645,157.00000000,1
1531242617152,1531242617147,2018926,0.00000647,384.00000000,0
1531242617206,1531242617202,2018927,0.00000647,779.00000000,0
1531242642307,1531242642301,2018928,0.00000647,321.00000000,0
1531242649398,1531242649394,2018929,0.00000646,2121.00000000,0
1531242649438,1531242649437,2018930,0.00000646,49.00000000,0
1531242649530,1531242649523,2018931,0.00000646,38.00000000,0
1531242649553,1531242649547,2018932,0.00000646,103.00000000,0
1531242649553,1531242649547,2018933,0.00000647,33.00000000,0
1531242651065,1531242651057,2018934,0.00000647,435.00000000,0
1531242685068,1531242685062,2018935,0.00000647,444.00000000,0
1531242708083,1531242708074,2018936,0.00000645,997.00000000,1
1531242708083,1531242708074,2018937,0.00000643,1124.00000000,1
1531242715140,1531242715134,2018938,0.00000644,335.00000000,0
1531242715424,1531242715419,2018939,0.00000644,335.00000000,0
1531242716135,1531242716131,2018940,0.00000644,349.00000000,0
1531242717132,1531242717126,2018941,0.00000643,213.00000000,0
1531242718085,1531242718078,2018942,0.00000643,213.00000000,1
1531242718085,1531242718078,2018943,0.00000642,2442.00000000,1
1531242718085,1531242718078,2018944,0.00000641,1832.00000000,1
1531242718085,1531242718078,2018945,0.00000640,2513.00000000,1
1531242718086,1531242718078,2018946,0.00000640,811.00000000,1
1531242718125,1531242718120,2018947,0.00000642,213.00000000,0
1531242718126,1531242718125,2018948,0.00000642,1316.00000000,0
1531242718143,1531242718136,2018949,0.00000645,1169.00000000,0
1531242718143,1531242718136,2018950,0.00000647,360.00000000,0
1531242720881,1531242720874,2018951,0.00000646,230.00000000,0
1531242721052,1531242721046,2018952,0.00000646,52.00000000,0
1531242721144,1531242721142,2018953,0.00000646,363.00000000,0
