event_time,trade_time,trade_id,price,quantity,maker
1531210354324,1531210354319,5303183,0.01418100,0.04000000,1
1531210354837,1531210354832,5303184,0.01418100,0.03000000,1
1531210355549,1531210355543,5303185,0.01418100,0.04500000,1
1531210356074,1531210356070,5303186,0.01418100,0.04900000,1
1531210356569,1531210356564,5303187,0.01418100,0.03400000,1
1531210357163,1531210357159,5303188,0.01418100,0.01700000,1
1531210357612,1531210357608,5303189,0.01418100,0.03700000,1
1531210358409,1531210358405,5303190,0.01418100,0.02900000,1
1531210358943,1531210358938,5303191,0.01418100,0.04400000,1
1531210359646,1531210359642,5303192,0.01418100,0.03000000,1
1531210360188,1531210360181,5303193,0.01418100,0.02100000,1
1531210360995,1531210360991,5303194,0.01418100,0.05400000,1
1531210362754,1531210362748,5303195,0.01418100,0.04800000,1
1531210407107,1531210407103,5303196,0.01430100,0.30700000,0
1531210407187,1531210407182,5303197,0.01430100,0.71200000,1
1531210457880,1531210457875,5303198,0.01420600,0.05400000,1
1531210460075,1531210460070,5303199,0.01418200,0.05400000,1
1531210523105,1531210523100,5303200,0.01430000,0.15600000,0
1531210569292,1531210569287,5303201,0.01430100,0.02800000,0
1531210596064,1531210596060,5303202,0.01430100,0.23400000,0
1531210721631,1531210721627,5303203,0.01430100,0.00100000,0
1531210746203,1531210746199,5303204,0.01430100,0.70000000,0
1531210749216,1531210749212,5303205,0.01430100,0.00100000,0
1531210777145,1531210777138,5303206,0.01430100,0.07600000,0
1531210849205,1531210849199,5303207,0.01430100,0.02300000,0
1531210865086,1531210865081,5303208,0.01421100,0.19400000,1
1531210905877,1531210905871,5303209,0.01430100,0.00900000,0
1531210906014,1531210906010,5303210,0.01430100,0.00100000,0
1531211046157,1531211046152,5303211,0.01430100,0.00200000,0
1531211082057,1531211082051,5303212,0.01430100,0.07100000,0
1531211082057,1531211082051,5303213,0.01432300,0.00500000,0
1531211122130,1531211122125,5303214,0.01422600,0.07600000,1
1531211150236,1531211150233,5303215,0.01432300,0.07600000,0
1531211186062,1531211186059,5303216,0.01424100,0.07600000,1
1531211238046,1531211238042,5303217,0.01424600,0.86100000,1
1531211238046,1531211238042,5303218,0.01420500,0.56200000,1
1531211259070,1531211259067,5303219,0.01432300,0.07600000,0
1531211329953,1531211329950,5303220,0.01432300,0.01800000,0
1531211330668,1531211330665,5303221,0.01432300,0.21300000,1
1531211490503,1531211490499,5303222,0.01433400,0.10500000,0
1531211490503,1531211490499,5303223,0.01434300,1.21600000,0
1531211516012,1531211516007,5303224,0.01434400,0.06000000,0
1531211569391,1531211569386,5303225,0.01434400,0.00300000,0
1531211598704,1531211598699,5303226,0.01422800,0.50000000,1
1531211599733,1531211599727,5303227,0.01422800,0.03400000,1
1531211618660,1531211618655,5303228,0.01434300,0.03200000,0
1531211643126,1531211643122,5303229,0.01423300,0.07600000,1
1531211725671,1531211725668,5303230,0.01432900,0.92100000,0
1531211727741,1531211727737,5303231,0.01432800,0.00600000,0
1531211775110,1531211775105,5303232,0.01423000,0.07600000,1
1531211811105,1531211811101,5303233,0.01432100,0.07600000,0
1531211827401,1531211827397,5303234,0.01423100,0.28300000,1
1531211827904,1531211827901,5303235,0.01423100,0.26800000,0
1531211850083,1531211850079,5303236,0.01421300,0.07600000,1
1531211920069,1531211920064,5303237,0.01429400,0.07600000,0
1531212017114,1531212017108,5303238,0.01423000,0.07600000,1
1531212129666,1531212129663,5303239,0.01420700,0.00100000,1
1531212237157,1531212237152,5303240,0.01421900,0.07600000,1
1531212385173,1531212385169,5303241,0.01421800,0.07600000,1
1531212398552,1531212398548,5303242,0.01429300,0.00600000,0
1531212502589,1531212502584,5303243,0.01420700,0.07700000,1
1531212798090,1531212798086,5303244,0.01429300,0.67700000,0
1531212853686,1531212853682,5303245,0.01430000,0.50000000,0
1531212853686,1531212853682,5303246,0.01430100,0.15500000,0
1531212895782,1531212895778,5303247,0.01430100,0.36700000,1
1531212895873,1531212895869,5303248,0.01430100,0.40800000,1
1531212903301,1531212903295,5303249,0.01430100,0.00200000,1
1531212912746,1531212912742,5303250,0.01421100,0.00100000,1
1531213102073,1531213102069,5303251,0.01421100,0.07400000,1
1531213117950,1531213117946,5303252,0.01421100,0.12600000,0
1531213241587,1531213241582,5303253,0.01418500,0.34900000,1
1531213288562,1531213288558,5303254,0.01417400,0.00100000,1
1531213776361,1531213776354,5303255,0.01418400,0.58500000,1
1531213794238,1531213794235,5303256,0.01427600,0.00100000,0
1531213854504,1531213854501,5303257,0.01427600,0.07300000,0
1531213982229,1531213982224,5303258,0.01427600,0.20000000,0
1531214051765,1531214051759,5303259,0.01420800,0.00600000,1
1531214053389,1531214053385,5303260,0.01418400,0.00600000,1
1531214237716,1531214237713,5303261,0.01419600,0.48800000,1
1531214237742,1531214237738,5303262,0.01418400,3.60800000,0
1531214237743,1531214237740,5303263,0.01418400,0.97400000,0
1531214237744,1531214237741,5303264,0.01418400,0.97200000,0
1531214237759,1531214237754,5303265,0.01418400,0.97200000,0
1531214237761,1531214237757,5303266,0.01418400,0.97200000,0
1531214237774,1531214237769,5303267,0.01418400,0.75900000,0
1531214237811,1531214237806,5303268,0.01418400,0.48500000,0
1531214237924,1531214237921,5303269,0.01418400,0.48500000,0
1531214238019,1531214238015,5303270,0.01418400,0.28500000,0
1531214238812,1531214238807,5303271,0.01427600,0.34700000,0
1531214254049,1531214254045,5303272,0.01419200,0.07600000,1
1531214355022,1531214355018,5303273,0.01420100,0.16600000,1
1531214394105,1531214394098,5303274,0.01424400,0.07600000,0
1531214430639,1531214430634,5303275,0.01419600,0.00100000,1
1531214482052,1531214482047,5303276,0.01420400,0.41200000,0
1531214483047,1531214483042,5303277,0.01420500,0.11300000,0
1531214486045,1531214486041,5303278,0.01421600,0.97200000,0
1531214489171,1531214489168,5303279,0.01421700,1.02000000,0
1531214528792,1531214528787,5303280,0.01419600,0.63300000,1
1531214553458,1531214553454,5303281,0.01427500,0.01300000,0
1531214611594,1531214611591,5303282,0.01419600,0.07600000,1
1531214735093,1531214735088,5303283,0.01419600,0.07600000,1
1531214793832,1531214793827,5303284,0.01419600,0.07700000,1
1531214793832,1531214793827,5303285,0.01418400,0.20600000,1
1531214855828,1531214855823,5303286,0.01418600,0.19700000,1
1531215002691,1531215002686,5303287,0.01424800,0.52200000,0
1531215002691,1531215002686,5303288,0.01424900,4.26900000,0
1531215133375,1531215133370,5303289,0.01418600,0.01100000,1
1531215216882,1531215216878,5303290,0.01423300,0.00300000,0
1531215259614,1531215259610,5303291,0.01423000,0.07600000,0
1531215270466,1531215270461,5303292,0.01418600,0.79000000,1
1531215270480,1531215270475,5303293,0.01418600,0.22700000,0
1531215547267,1531215547263,5303294,0.01420800,0.07600000,1
1531215584162,1531215584158,5303295,0.01427200,0.07600000,0
1531215707416,1531215707412,5303296,0.01427200,0.07600000,0
1531215852754,1531215852750,5303297,0.01427200,0.70000000,0
1531215917941,1531215917938,5303298,0.01427200,0.04500000,0
1531215917982,1531215917978,5303299,0.01427200,0.06400000,0
1531215919783,1531215919779,5303300,0.01427200,0.04000000,0
1531215930504,1531215930500,5303301,0.01420000,4.96500000,1
1531215930591,1531215930584,5303302,0.01419800,1.00100000,1
1531215930591,1531215930584,5303303,0.01418400,0.19400000,1
1531215930591,1531215930584,5303304,0.01416500,0.13500000,1
1531215930591,1531215930584,5303305,0.01415200,0.41000000,1
1531215930591,1531215930584,5303306,0.01414400,0.07200000,1
1531215930591,1531215930584,5303307,0.01414200,0.14200000,1
1531215930591,1531215930584,5303308,0.01413600,0.14200000,1
1531215930591,1531215930584,5303309,0.01412900,0.07100000,1
1531215930591,1531215930584,5303310,0.01412700,0.26800000,1
1531215930591,1531215930584,5303311,0.01412200,0.27500000,1
1531215930591,1531215930584,5303312,0.01411400,0.41000000,1
1531215930591,1531215930584,5303313,0.01408700,1.68900000,1
1531215932274,1531215932270,5303314,0.01417900,0.27500000,0
1531215934887,1531215934884,5303315,0.01418700,0.40900000,0
1531215936370,1531215936365,5303316,0.01418700,0.00100000,0
1531215936370,1531215936365,5303317,0.01420000,0.05300000,0
1531215946166,1531215946162,5303318,0.01420000,0.31600000,0
1531215946166,1531215946162,5303319,0.01422600,0.26800000,0
1531215946166,1531215946162,5303320,0.01426900,0.05400000,0
1531215946871,1531215946866,5303321,0.01426800,0.00100000,0
1531215947038,1531215947035,5303322,0.01422600,0.58000000,1
1531215947038,1531215947035,5303323,0.01420000,0.31600000,1
1531215947038,1531215947035,5303324,0.01415700,2.60000000,1
1531215958454,1531215958450,5303325,0.01416800,0.62100000,1
1531215959162,1531215959158,5303326,0.01421100,0.10000000,1
1531215965169,1531215965166,5303327,0.01421100,0.10000000,1
1531215971312,1531215971309,5303328,0.01420800,0.10000000,1
1531215973134,1531215973130,5303329,0.01417400,0.07200000,1
1531215978263,1531215978259,5303330,0.01420900,0.10000000,1
1531215981060,1531215981055,5303331,0.01423700,0.07200000,0
1531215981060,1531215981055,5303332,0.01423800,0.33800000,0
1531215983981,1531215983977,5303333,0.01423700,0.41000000,0
1531215991779,1531215991776,5303334,0.01420700,0.10000000,1
1531215993908,1531215993904,5303335,0.01420700,0.03700000,0
1531216005166,1531216005162,5303336,0.01420000,2.00000000,1
1531216006731,1531216006726,5303337,0.01420700,0.18500000,0
1531216006731,1531216006726,5303338,0.01423000,4.67700000,0
1531216007246,1531216007242,5303339,0.01423000,9.44900000,1
1531216007523,1531216007519,5303340,0.01423000,0.11200000,1
1531216007530,1531216007527,5303341,0.01423000,0.07500000,1
1531216009952,1531216009947,5303342,0.01423000,0.74600000,1
1531216013805,1531216013801,5303343,0.01416900,0.16400000,1
1531216013805,1531216013801,5303344,0.01416800,0.10000000,1
1531216013805,1531216013801,5303345,0.01411900,0.35900000,1
1531216037296,1531216037292,5303346,0.01422900,0.16400000,0
1531216037296,1531216037292,5303347,0.01423100,0.53800000,0
1531216058053,1531216058048,5303348,0.01420800,0.07900000,1
1531216092794,1531216092790,5303349,0.01420700,0.07200000,1
1531216110626,1531216110621,5303350,0.01420700,0.35600000,1
1531216131141,1531216131137,5303351,0.01420800,0.07800000,0
1531216131141,1531216131137,5303352,0.01424000,0.15600000,0
1531216134091,1531216134086,5303353,0.01423800,0.07000000,0
1531216213588,1531216213583,5303354,0.01420700,0.01500000,1
1531216230549,1531216230545,5303355,0.01420800,0.13300000,0
1531216335715,1531216335710,5303356,0.01420700,0.11600000,1
1531216337207,1531216337203,5303357,0.01420800,0.13800000,0
1531216355096,1531216355091,5303358,0.01420700,0.07400000,1
1531216373173,1531216373169,5303359,0.01420800,0.14400000,0
1531216375120,1531216375116,5303360,0.01420700,0.11700000,1
1531216375723,1531216375717,5303361,0.01420700,0.25000000,1
1531216375723,1531216375717,5303362,0.01415000,0.07200000,1
1531216375723,1531216375717,5303363,0.01411700,0.07200000,1
1531216375723,1531216375717,5303364,0.01409800,0.50900000,1
1531216375723,1531216375717,5303365,0.01408800,0.02300000,1
1531216377942,1531216377938,5303366,0.01410100,0.24300000,1
1531216395889,1531216395882,5303367,0.01419300,0.07000000,0
1531216429899,1531216429895,5303368,0.01414300,0.07200000,1
1531216434060,1531216434056,5303369,0.01418700,0.13000000,0
1531216436158,1531216436154,5303370,0.01414300,0.02800000,1
1531216436197,1531216436192,5303371,0.01410000,0.04400000,0
1531216441019,1531216441015,5303372,0.01418600,0.05200000,0
1531216494744,1531216494739,5303373,0.01416800,0.15900000,0
1531216501395,1531216501389,5303374,0.01416200,0.15900000,0
1531216502455,1531216502451,5303375,0.01416200,0.04200000,0
1531216506527,1531216506523,5303376,0.01415700,0.04800000,0
1531216512703,1531216512699,5303377,0.01413300,0.01700000,1
1531216517152,1531216517148,5303378,0.01415100,0.04800000,0
1531216520863,1531216520859,5303379,0.01415100,1.18400000,0
1531216529360,1531216529355,5303380,0.01412000,0.10000000,1
1531216529360,1531216529355,5303381,0.01409100,0.55900000,1
1531216530206,1531216530202,5303382,0.01409300,0.66500000,1
1531216545933,1531216545930,5303383,0.01415200,0.55900000,0
1531216557263,1531216557259,5303384,0.01414800,0.61200000,0
1531216559295,1531216559290,5303385,0.01416100,0.14100000,0
1531216674640,1531216674636,5303386,0.01415100,0.36000000,0
1531216680737,1531216680733,5303387,0.01415100,1.26100000,0
1531216681544,1531216681540,5303388,0.01415100,0.13000000,0
1531216701116,1531216701113,5303389,0.01420700,0.11700000,0
1531216701288,1531216701283,5303390,0.01420700,0.11700000,0
1531216806107,1531216806101,5303391,0.01412800,5.21500000,1
1531216806107,1531216806101,5303392,0.01410500,1.14400000,1
1531216806107,1531216806101,5303393,0.01408800,0.05500000,1
1531216806107,1531216806101,5303394,0.01408600,0.07200000,1
1531216806107,1531216806101,5303395,0.01408000,10.36700000,1
1531216830078,1531216830073,5303396,0.01419500,0.00500000,0
1531216841977,1531216841973,5303397,0.01409800,0.07200000,1
1531216855075,1531216855070,5303398,0.01419300,0.09000000,0
1531216930103,1531216930098,5303399,0.01417900,0.08900000,0
1531216955133,1531216955128,5303400,0.01410600,2.49400000,1
1531216988519,1531216988515,5303401,0.01410700,0.62000000,1
1531217013203,1531217013200,5303402,0.01414900,1.96900000,0
1531217046543,1531217046539,5303403,0.01413000,0.06800000,0
1531217046830,1531217046827,5303404,0.01413000,0.05500000,0
1531217052193,1531217052189,5303405,0.01413000,0.17600000,0
1531217053295,1531217053289,5303406,0.01413000,0.00300000,0
1531217075813,1531217075808,5303407,0.01413000,0.68700000,0
1531217077207,1531217077202,5303408,0.01413000,0.38100000,0
1531217082878,1531217082874,5303409,0.01411600,0.07200000,1
1531217087304,1531217087299,5303410,0.01411600,0.02800000,1
1531217087304,1531217087299,5303411,0.01409800,8.92900000,1
1531217087304,1531217087299,5303412,0.01409700,17.44100000,1
1531217087304,1531217087299,5303413,0.01407900,3.07700000,1
1531217087304,1531217087299,5303414,0.01407700,0.43900000,1
1531217087304,1531217087299,5303415,0.01407000,0.10000000,1
1531217087304,1531217087299,5303416,0.01406700,0.07200000,1
1531217087304,1531217087299,5303417,0.01406000,0.07200000,1
1531217087304,1531217087299,5303418,0.01405800,0.07200000,1
1531217087304,1531217087299,5303419,0.01405200,0.15700000,1
1531217087304,1531217087299,5303420,0.01405100,9.61300000,1
1531217091850,1531217091846,5303421,0.01412900,0.27500000,0
1531217091850,1531217091846,5303422,0.01413000,0.00900000,0
1531217093985,1531217093981,5303423,0.01405300,0.01200000,1
1531217099220,1531217099216,5303424,0.01414900,0.11600000,0
1531217143377,1531217143373,5303425,0.01406100,0.07200000,1
1531217143777,1531217143773,5303426,0.01406100,0.36000000,1
1531217177099,1531217177095,5303427,0.01413500,0.12700000,0
1531217179583,1531217179579,5303428,0.01413500,0.12000000,0
1531217218560,1531217218556,5303429,0.01412900,0.07400000,0
1531217245683,1531217245678,5303430,0.01407300,0.07200000,1
1531217254066,1531217254063,5303431,0.01412700,0.12600000,0
1531217278665,1531217278661,5303432,0.01410000,0.08400000,0
1531217281626,1531217281622,5303433,0.01409900,0.10000000,0
1531217293378,1531217293374,5303434,0.01409900,0.07200000,0
1531217301149,1531217301146,5303435,0.01409900,0.17100000,0
1531217349462,1531217349457,5303436,0.01408900,0.71000000,0
1531217354084,1531217354080,5303437,0.01408900,0.71000000,0
1531217374867,1531217374864,5303438,0.01408900,0.00100000,0
1531217457469,1531217457464,5303439,0.01406600,0.10000000,1
1531217457469,1531217457464,5303440,0.01404100,0.07200000,1
1531217457469,1531217457464,5303441,0.01403900,0.07200000,1
1531217457469,1531217457464,5303442,0.01403800,0.18000000,1
1531217457469,1531217457464,5303443,0.01403300,2.45200000,1
1531217466071,1531217466066,5303444,0.01406100,0.10000000,1
1531217466071,1531217466066,5303445,0.01403300,0.85700000,1
1531217471098,1531217471093,5303446,0.01406100,0.10000000,1
1531217471098,1531217471093,5303447,0.01403300,0.21500000,1
1531217471098,1531217471093,5303448,0.01403200,0.07200000,1
1531217471098,1531217471093,5303449,0.01403000,0.44000000,1
1531217471098,1531217471093,5303450,0.01402300,0.28600000,1
1531217479560,1531217479555,5303451,0.01405500,0.10000000,1
1531217479560,1531217479555,5303452,0.01402300,0.42800000,1
1531217479560,1531217479555,5303453,0.01401800,0.04100000,1
1531217485505,1531217485500,5303454,0.01402000,0.01200000,1
1531217487447,1531217487444,5303455,0.01402000,0.07300000,1
1531217490130,1531217490125,5303456,0.01408800,0.10400000,0
1531217506825,1531217506821,5303457,0.01402000,0.11900000,1
1531217506825,1531217506821,5303458,0.01401800,0.06200000,1
1531217528673,1531217528669,5303459,0.01401800,0.07300000,1
1531217566076,1531217566072,5303460,0.01408700,0.09400000,0
1531217579130,1531217579126,5303461,0.01408600,0.06200000,0
1531217589010,1531217589005,5303462,0.01401800,0.05100000,1
1531217594140,1531217594136,5303463,0.01401800,0.02200000,0
1531217594140,1531217594136,5303464,0.01408600,0.02900000,0
1531217594192,1531217594187,5303465,0.01408600,0.05500000,0
1531217594279,1531217594274,5303466,0.01408600,0.06600000,0
1531217594345,1531217594339,5303467,0.01408600,0.06600000,0
1531217594396,1531217594392,5303468,0.01408600,0.05100000,0
1531217604925,1531217604920,5303469,0.01401000,0.07800000,1
1531217605417,1531217605413,5303470,0.01401000,1.11200000,0
1531217611139,1531217611133,5303471,0.01408400,0.00100000,0
1531217654837,1531217654833,5303472,0.01407700,0.52100000,0
1531217659925,1531217659921,5303473,0.01407700,0.18900000,1
1531217680071,1531217680067,5303474,0.01407700,0.08800000,1
1531217695003,1531217694997,5303475,0.01407800,0.07900000,0
1531217698662,1531217698659,5303476,0.01407800,0.27600000,1
1531217698662,1531217698659,5303477,0.01407700,0.21000000,1
1531217700125,1531217700121,5303478,0.01407700,0.22900000,1
1531217715808,1531217715804,5303479,0.01407900,0.69900000,0
1531217727065,1531217727060,5303480,0.01408400,0.09800000,0
1531217770080,1531217770076,5303481,0.01407900,0.01100000,1
1531217770080,1531217770076,5303482,0.01407700,0.07000000,1
1531217910195,1531217910190,5303483,0.01407700,0.00200000,1
1531217912176,1531217912171,5303484,0.01409000,0.08100000,0
1531217941100,1531217941094,5303485,0.01408600,0.38600000,1
1531217948748,1531217948744,5303486,0.01409000,0.24000000,0
1531217950074,1531217950070,5303487,0.01408600,0.09700000,1
1531218005129,1531218005124,5303488,0.01408600,0.33100000,1
1531218113079,1531218113074,5303489,0.01408600,0.18600000,1
1531218115569,1531218115565,5303490,0.01407700,0.00700000,1
1531218236744,1531218236740,5303491,0.01408600,0.00100000,0
1531218244186,1531218244182,5303492,0.01408600,0.11700000,0
1531218321098,1531218321092,5303493,0.01408600,0.14100000,0
1531218363523,1531218363518,5303494,0.01407800,4.39200000,1
1531218437324,1531218437320,5303495,0.01408500,0.50000000,0
1531218512424,1531218512419,5303496,0.01407700,3.41600000,1
1531218560578,1531218560574,5303497,0.01407700,9.52700000,1
1531218563105,1531218563101,5303498,0.01407700,0.07700000,1
1531218601090,1531218601086,5303499,0.01408400,0.10100000,0
1531218679062,1531218679059,5303500,0.01408300,0.08300000,0
1531218681493,1531218681487,5303501,0.01407700,2.34600000,1
1531218689696,1531218689690,5303502,0.01406600,0.87000000,1
1531218751071,1531218751067,5303503,0.01406600,0.08500000,1
1531218754804,1531218754799,5303504,0.01407600,0.05700000,0
1531218761686,1531218761682,5303505,0.01407600,0.03900000,0
1531218764721,1531218764716,5303506,0.01407600,0.00100000,0
1531218775599,1531218775592,5303507,0.01407600,0.00100000,0
1531218821591,1531218821587,5303508,0.01406600,0.07200000,1
1531218862143,1531218862136,5303509,0.01406600,1.82300000,1
1531218862143,1531218862136,5303510,0.01401000,5.34000000,1
1531218862143,1531218862136,5303511,0.01400800,0.12200000,1
1531218862143,1531218862136,5303512,0.01400700,0.07200000,1
1531218862143,1531218862136,5303513,0.01400400,0.07200000,1
1531218862143,1531218862136,5303514,0.01400200,2.08800000,1
1531218862143,1531218862136,5303515,0.01400100,1.49400000,1
1531218862143,1531218862136,5303516,0.01400000,30.31700000,1
1531218862154,1531218862149,5303517,0.01401000,0.20000000,0
1531218883711,1531218883707,5303518,0.01401000,0.81000000,0
1531218883714,1531218883710,5303519,0.01401000,0.25800000,0
1531218883766,1531218883762,5303520,0.01406500,0.91000000,0
1531218892508,1531218892502,5303521,0.01401000,0.62800000,1
1531218893068,1531218893062,5303522,0.01406500,0.08500000,0
1531218922289,1531218922285,5303523,0.01401000,0.12300000,1
1531218922490,1531218922485,5303524,0.01401000,0.07300000,1
1531218923991,1531218923985,5303525,0.01401000,0.07300000,1
1531218966067,1531218966063,5303526,0.01406500,0.07700000,0
1531218966554,1531218966550,5303527,0.01406500,0.07700000,0
1531218993066,1531218993061,5303528,0.01406500,2.46100000,0
1531218993077,1531218993072,5303529,0.01406600,4.66200000,0
1531218993092,1531218993087,5303530,0.01406600,0.46200000,0
1531218993092,1531218993087,5303531,0.01408600,0.01600000,0
1531218993092,1531218993087,5303532,0.01413500,0.46100000,0
1531218993092,1531218993087,5303533,0.01414900,1.26200000,0
1531219003076,1531219003071,5303534,0.01406500,0.07700000,1
1531219097358,1531219097354,5303535,0.01404000,1.07300000,1
1531219097379,1531219097375,5303536,0.01404000,0.38700000,0
1531219115178,1531219115172,5303537,0.01413100,0.07700000,0
1531219237705,1531219237701,5303538,0.01413100,0.40600000,1
1531219276127,1531219276122,5303539,0.01414400,0.07700000,0
1531219381082,1531219381079,5303540,0.01413500,0.07700000,0
1531219400052,1531219400049,5303541,0.01403500,0.04000000,1
1531219427165,1531219427159,5303542,0.01403500,0.36000000,1
1531219449765,1531219449760,5303543,0.01410800,0.04200000,0
1531219449807,1531219449802,5303544,0.01410800,0.04600000,0
1531219449814,1531219449810,5303545,0.01410800,0.08000000,0
1531219449873,1531219449869,5303546,0.01410800,0.02500000,0
1531219450097,1531219450093,5303547,0.01410800,0.05400000,0
1531219450142,1531219450137,5303548,0.01410800,0.07600000,0
1531219451057,1531219451052,5303549,0.01410800,0.02800000,0
1531219453579,1531219453574,5303550,0.01403500,0.44800000,1
1531219457201,1531219457198,5303551,0.01410800,0.10000000,0
1531219464218,1531219464215,5303552,0.01410800,0.25800000,0
1531219464218,1531219464215,5303553,0.01413500,0.45000000,0
1531219509190,1531219509186,5303554,0.01413500,0.08900000,0
1531219556291,1531219556287,5303555,0.01413500,0.70700000,0
1531219607089,1531219607084,5303556,0.01413500,0.07700000,0
1531219654183,1531219654177,5303557,0.01403300,2.43800000,1
1531219701969,1531219701965,5303558,0.01403300,1.37800000,1
1531219719263,1531219719258,5303559,0.01413200,0.07700000,0
1531219754540,1531219754534,5303560,0.01413000,0.02500000,0
1531219828075,1531219828071,5303561,0.01414100,0.07700000,0
1531219885796,1531219885792,5303562,0.01413800,0.17800000,0
1531219885796,1531219885792,5303563,0.01413900,0.52900000,0
1531219923627,1531219923622,5303564,0.01413900,0.07700000,0
1531220245073,1531220245068,5303565,0.01407600,0.07700000,1
1531220307609,1531220307604,5303566,0.01407600,3.80300000,1
1531220365976,1531220365972,5303567,0.01407600,0.00600000,0
1531220443159,1531220443156,5303568,0.01406300,0.07700000,1
1531220447388,1531220447386,5303569,0.01407400,0.02400000,0
1531220520079,1531220520075,5303570,0.01406900,0.07700000,1
1531220537274,1531220537269,5303571,0.01406900,3.18300000,1
1531220553939,1531220553934,5303572,0.01406700,0.73900000,0
1531220554202,1531220554198,5303573,0.01406700,0.71000000,0
1531220554994,1531220554989,5303574,0.01406600,5.02200000,0
1531220555192,1531220555187,5303575,0.01406600,0.71000000,0
1531220556686,1531220556683,5303576,0.01406600,0.71000000,0
1531220557623,1531220557619,5303577,0.01406600,0.26700000,0
1531220557624,1531220557619,5303578,0.01406700,0.47200000,0
1531220559116,1531220559113,5303579,0.01406700,0.07700000,0
1531220564690,1531220564684,5303580,0.01406700,0.71000000,0
1531220581177,1531220581172,5303581,0.01406700,0.00500000,0
1531220581177,1531220581172,5303582,0.01406900,0.00400000,0
1531220583905,1531220583899,5303583,0.01406900,0.51000000,0
1531220676288,1531220676284,5303584,0.01406900,0.20300000,0
1531220742422,1531220742418,5303585,0.01406900,0.00100000,0
1531220745118,1531220745113,5303586,0.01406900,6.36300000,0
1531220745583,1531220745578,5303587,0.01406900,2.59200000,0
1531220746927,1531220746921,5303588,0.01414400,0.50000000,0
1531220811050,1531220811045,5303589,0.01414400,2.12000000,0
1531220814627,1531220814621,5303590,0.01414400,0.70700000,0
1531220818644,1531220818640,5303591,0.01414400,0.70700000,0
1531220823638,1531220823632,5303592,0.01415000,0.15700000,0
1531220823638,1531220823632,5303593,0.01415100,0.07100000,0
1531220823638,1531220823632,5303594,0.01415900,0.14200000,0
1531220823638,1531220823632,5303595,0.01416000,0.33600000,0
1531220827052,1531220827047,5303596,0.01416000,0.70500000,0
1531220830318,1531220830312,5303597,0.01415900,0.55100000,0
1531220830318,1531220830312,5303598,0.01416000,0.06900000,0
1531220830318,1531220830312,5303599,0.01416100,0.07100000,0
1531220830318,1531220830312,5303600,0.01418200,0.01400000,0
1531220833087,1531220833084,5303601,0.01418200,0.70500000,0
1531220833707,1531220833701,5303602,0.01407300,0.07600000,1
1531220834052,1531220834048,5303603,0.01407300,0.02800000,1
1531220834870,1531220834864,5303604,0.01407300,0.02500000,1
1531220835646,1531220835640,5303605,0.01407500,0.04600000,1
1531220836184,1531220836179,5303606,0.01407500,0.04200000,1
1531220836907,1531220836901,5303607,0.01407500,0.08000000,1
1531220837175,1531220837170,5303608,0.01418200,0.00100000,0
1531220837175,1531220837170,5303609,0.01418500,0.07600000,0
1531220837609,1531220837604,5303610,0.01407800,0.05400000,1
1531220837644,1531220837642,5303611,0.01418500,6.58800000,0
1531220911132,1531220911127,5303612,0.01418600,0.07600000,0
1531220983121,1531220983117,5303613,0.01418600,0.07700000,0
1531221243006,1531221243000,5303614,0.01418600,0.12700000,0
1531221243081,1531221243077,5303615,0.01418600,0.23000000,0
1531221294864,1531221294859,5303616,0.01413800,0.01200000,1
1531221296076,1531221296070,5303617,0.01413800,0.01200000,1
1531221319080,1531221319075,5303618,0.01414400,0.07700000,1
1531221448105,1531221448099,5303619,0.01416700,0.07700000,1
1531221492147,1531221492142,5303620,0.01418600,0.07700000,0
1531221523794,1531221523789,5303621,0.01417400,0.13800000,1
1531221529073,1531221529068,5303622,0.01417400,0.07700000,1
1531221615540,1531221615536,5303623,0.01411900,0.00300000,1
1531221682832,1531221682826,5303624,0.01417300,0.29500000,0
1531221682832,1531221682826,5303625,0.01417400,0.72900000,0
1531221688159,1531221688153,5303626,0.01418600,0.07700000,0
1531221694434,1531221694429,5303627,0.01417400,0.00300000,1
1531221755040,1531221755035,5303628,0.01418600,5.19400000,0
1531221832480,1531221832475,5303629,0.01417400,0.07700000,1
1531221832574,1531221832568,5303630,0.01417400,0.24100000,1
1531221867198,1531221867196,5303631,0.01417600,0.07600000,0
1531221905071,1531221905066,5303632,0.01417200,0.07700000,0
1531221943062,1531221943058,5303633,0.01411500,0.07700000,1
1531221975232,1531221975227,5303634,0.01417600,1.26300000,0
1531221975232,1531221975227,5303635,0.01423200,3.75300000,0
1531222214255,1531222214249,5303636,0.01415200,0.09400000,1
1531222251128,1531222251122,5303637,0.01420200,0.17100000,0
1531222296165,1531222296160,5303638,0.01411700,0.05300000,1
1531222316951,1531222316946,5303639,0.01419600,0.44300000,0
1531222316963,1531222316959,5303640,0.01419600,0.44100000,0
1531222325124,1531222325120,5303641,0.01412600,0.21000000,1
1531222395669,1531222395664,5303642,0.01414700,0.01700000,1
1531222549142,1531222549138,5303643,0.01411400,0.44600000,1
1531222549235,1531222549230,5303644,0.01411400,0.44000000,1
1531222552081,1531222552076,5303645,0.01411400,0.22900000,1
1531222576227,1531222576223,5303646,0.01411400,0.06200000,1
1531222626163,1531222626159,5303647,0.01413800,0.50000000,1
1531222626194,1531222626191,5303648,0.01413800,0.73200000,1
1531222626241,1531222626239,5303649,0.01413800,0.73000000,1
1531222627346,1531222627342,5303650,0.01413800,0.73200000,1
1531222665181,1531222665178,5303651,0.01419100,0.07800000,0
1531222683832,1531222683830,5303652,0.01421100,0.04900000,0
1531222703880,1531222703875,5303653,0.01420900,0.04900000,0
1531222728649,1531222728647,5303654,0.01420300,0.00100000,0
1531222740072,1531222740068,5303655,0.01419800,0.73700000,0
1531222740100,1531222740097,5303656,0.01419800,0.50000000,0
1531222740218,1531222740213,5303657,0.01419800,0.73000000,0
1531222763281,1531222763276,5303658,0.01411500,0.50000000,1
1531222765931,1531222765927,5303659,0.01411500,0.10000000,1
1531222772655,1531222772652,5303660,0.01411500,0.10000000,1
1531222772660,1531222772655,5303661,0.01411500,0.10000000,1
1531222779690,1531222779685,5303662,0.01412000,0.10000000,1
1531222780155,1531222780151,5303663,0.01412000,0.00200000,1
1531222781317,1531222781312,5303664,0.01412000,0.10000000,1
1531222794183,1531222794177,5303665,0.01412000,0.10000000,1
1531222795767,1531222795763,5303666,0.01418800,0.04800000,0
1531222797444,1531222797440,5303667,0.01412000,0.72600000,1
1531222797994,1531222797990,5303668,0.01412000,0.79800000,1
1531222826076,1531222826073,5303669,0.01418500,0.75600000,0
1531222826118,1531222826114,5303670,0.01418500,0.50000000,0
1531222849999,1531222849976,5303671,0.01408100,0.10000000,1
1531222852986,1531222852982,5303672,0.01408100,1.57600000,1
1531222855889,1531222855886,5303673,0.01408100,0.72100000,1
1531222855940,1531222855937,5303674,0.01408100,6.25100000,1
1531222855940,1531222855937,5303675,0.01408000,0.32900000,1
1531222855941,1531222855937,5303676,0.01408000,0.58700000,1
1531222855941,1531222855937,5303677,0.01407300,1.82300000,1
1531222855941,1531222855937,5303678,0.01406500,0.72000000,1
1531222855941,1531222855937,5303679,0.01406400,0.45700000,1
1531222855941,1531222855937,5303680,0.01406300,1.60700000,1
1531222871071,1531222871068,5303681,0.01406200,0.34400000,1
1531222871206,1531222871201,5303682,0.01406200,0.11800000,1
1531222871283,1531222871279,5303683,0.01406200,0.19600000,1
1531222872799,1531222872795,5303684,0.01406200,0.19600000,1
1531222872815,1531222872813,5303685,0.01406200,0.01800000,1
1531222873130,1531222873127,5303686,0.01406200,0.17800000,0
1531222874124,1531222874120,5303687,0.01405600,0.17700000,0
1531222912070,1531222912066,5303688,0.01412000,0.60600000,0
1531222912233,1531222912230,5303689,0.01412000,0.60000000,0
1531222913478,1531222913474,5303690,0.01412000,0.60600000,0
1531222925346,1531222925342,5303691,0.01405500,0.16200000,1
1531222925380,1531222925376,5303692,0.01405500,0.19800000,0
1531222986071,1531222986066,5303693,0.01412000,0.16200000,0
1531222986071,1531222986066,5303694,0.01412100,0.40000000,0
1531222986519,1531222986514,5303695,0.01412100,0.47000000,0
1531222987453,1531222987447,5303696,0.01412100,0.00200000,0
1531222989538,1531222989532,5303697,0.01412200,0.05800000,1
1531222990836,1531222990833,5303698,0.01412300,4.48700000,1
1531222992911,1531222992908,5303699,0.01412700,2.83200000,1
1531222992923,1531222992919,5303700,0.01412200,0.50300000,1
1531223003702,1531223003699,5303701,0.01404400,0.30800000,1
1531223009696,1531223009693,5303702,0.01404400,2.18700000,1
1531223009713,1531223009710,5303703,0.01404400,0.48300000,0
1531223009717,1531223009713,5303704,0.01404400,0.00100000,0
1531223013145,1531223013142,5303705,0.01404500,0.00100000,1
1531223060118,1531223060113,5303706,0.01412900,0.43700000,0
1531223060701,1531223060698,5303707,0.01407600,1.58000000,1
1531223085075,1531223085071,5303708,0.01408100,0.27300000,1
1531223100074,1531223100071,5303709,0.01407100,0.40500000,1
1531223102093,1531223102088,5303710,0.01407100,0.20300000,1
1531223123743,1531223123740,5303711,0.01407100,0.19800000,1
1531223123752,1531223123750,5303712,0.01407100,0.06500000,1
1531223143048,1531223143042,5303713,0.01404400,0.13200000,1
1531223179150,1531223179146,5303714,0.01404400,0.23800000,1
1531223180084,1531223180079,5303715,0.01404400,0.11400000,1
1531223180084,1531223180079,5303716,0.01403300,0.14400000,1
1531223180084,1531223180079,5303717,0.01402800,0.00300000,1
1531223207212,1531223207208,5303718,0.01402800,0.07200000,1
1531223253592,1531223253589,5303719,0.01403500,0.54000000,1
1531223323585,1531223323581,5303720,0.01403600,0.01900000,1
1531223345245,1531223345240,5303721,0.01404100,0.17800000,1
1531223345245,1531223345240,5303722,0.01403500,3.82200000,1
1531223363106,1531223363103,5303723,0.01412100,0.49400000,0
1531223402137,1531223402134,5303724,0.01403700,0.50000000,1
1531223402184,1531223402182,5303725,0.01403700,0.00300000,1
1531223402184,1531223402182,5303726,0.01403500,0.47100000,1
1531223402184,1531223402182,5303727,0.01403400,0.05900000,1
1531223683083,1531223683079,5303728,0.01403400,0.86700000,1
1531223683083,1531223683079,5303729,0.01403200,1.23500000,1
1531223683083,1531223683079,5303730,0.01403000,1.64700000,1
1531223683083,1531223683079,5303731,0.01402800,0.00300000,1
1531223683083,1531223683079,5303732,0.01402300,0.14400000,1
1531223683083,1531223683079,5303733,0.01401200,0.80100000,1
1531223683083,1531223683079,5303734,0.01401000,0.46700000,1
1531223683083,1531223683079,5303735,0.01400000,4.83600000,1
1531223722192,1531223722189,5303736,0.01402800,0.19100000,1
1531223722192,1531223722189,5303737,0.01400000,0.25300000,1
1531223722368,1531223722365,5303738,0.01400000,0.44400000,1
1531223728274,1531223728271,5303739,0.01400200,0.01200000,1
1531223731128,1531223731123,5303740,0.01400200,0.07300000,1
1531223766435,1531223766431,5303741,0.01401300,0.11900000,1
1531223766435,1531223766431,5303742,0.01400000,2.88100000,1
1531223819778,1531223819774,5303743,0.01402900,0.11900000,1
1531223819778,1531223819774,5303744,0.01400100,0.46700000,1
1531223819778,1531223819774,5303745,0.01400000,1.23800000,1
1531223820373,1531223820370,5303746,0.01412000,0.00100000,0
1531223831638,1531223831635,5303747,0.01402200,0.41800000,1
1531223831890,1531223831886,5303748,0.01402200,0.41800000,1
1531223891768,1531223891764,5303749,0.01402600,0.43000000,1
1531223891768,1531223891764,5303750,0.01400000,2.78500000,1
1531223918974,1531223918970,5303751,0.01402000,0.04500000,0
1531223919036,1531223919034,5303752,0.01402000,0.05300000,0
1531223937071,1531223937066,5303753,0.01401900,0.36200000,0
1531224088117,1531224088113,5303754,0.01410600,0.29000000,0
1531224117988,1531224117990,5303755,0.01400200,0.04500000,1
1531224118696,1531224118692,5303756,0.01400200,0.05300000,1
1531224118794,1531224118789,5303757,0.01400200,0.08100000,1
1531224118794,1531224118789,5303758,0.01399800,0.07200000,1
1531224118794,1531224118789,5303759,0.01399700,0.17200000,1
1531224118794,1531224118789,5303760,0.01399500,0.14200000,1
1531224118794,1531224118789,5303761,0.01399100,0.36000000,1
1531224118794,1531224118789,5303762,0.01399000,0.09600000,1
1531224118794,1531224118789,5303763,0.01399000,0.04800000,1
1531224118808,1531224118805,5303764,0.01399000,1.10600000,0
1531224119746,1531224119743,5303765,0.01399200,0.14400000,1
1531224120364,1531224120361,5303766,0.01399200,0.07400000,1
1531224121093,1531224121090,5303767,0.01399200,0.04600000,1
1531224121794,1531224121791,5303768,0.01399000,0.13800000,1
1531224122406,1531224122401,5303769,0.01399000,0.04100000,1
1531224123189,1531224123186,5303770,0.01399200,0.05300000,1
1531224124361,1531224124357,5303771,0.01399200,0.05200000,1
1531224125024,1531224125021,5303772,0.01399200,0.03600000,1
1531224125671,1531224125668,5303773,0.01399400,0.09200000,1
1531224126776,1531224126773,5303774,0.01399600,0.04900000,1
1531224127465,1531224127462,5303775,0.01399600,0.04700000,1
1531224127465,1531224127462,5303776,0.01399000,0.00500000,1
1531224128467,1531224128467,5303777,0.01399000,0.05200000,1
1531224128998,1531224128995,5303778,0.01399000,0.09900000,1
1531224132626,1531224132622,5303779,0.01399000,0.01200000,1
1531224133662,1531224133664,5303780,0.01399000,0.23200000,1
1531224134532,1531224134529,5303781,0.01399000,0.23100000,1
1531224136210,1531224136207,5303782,0.01399000,0.29600000,1
1531224140580,1531224140577,5303783,0.01399000,0.06500000,0
1531224140580,1531224140577,5303784,0.01407200,0.00100000,0
1531224140654,1531224140650,5303785,0.01407200,0.06600000,0
1531224140678,1531224140675,5303786,0.01407200,0.06300000,0
1531224145647,1531224145644,5303787,0.01407200,0.02900000,0
1531224145689,1531224145685,5303788,0.01407200,0.02000000,0
1531224145689,1531224145685,5303789,0.01410300,0.02400000,0
1531224146125,1531224146121,5303790,0.01410300,0.02700000,0
1531224146151,1531224146148,5303791,0.01410300,0.04000000,0
1531224146251,1531224146248,5303792,0.01410300,0.03000000,0
1531224146400,1531224146397,5303793,0.01410300,0.03400000,0
1531224146478,1531224146473,5303794,0.01410300,0.04500000,0
1531224146759,1531224146755,5303795,0.01410200,0.03700000,0
1531224146790,1531224146786,5303796,0.01410200,0.01700000,0
1531224147646,1531224147645,5303797,0.01410200,0.04800000,0
1531224153560,1531224153561,5303798,0.01399000,0.23200000,0
1531224156254,1531224156251,5303799,0.01398700,0.07300000,1
1531224156339,1531224156337,5303800,0.01398700,0.07300000,1
1531224156855,1531224156852,5303801,0.01398700,0.18100000,1
1531224164123,1531224164119,5303802,0.01409800,0.35900000,0
1531224164849,1531224164844,5303803,0.01406300,0.35000000,0
1531224164880,1531224164875,5303804,0.01406300,0.35900000,0
1531224170094,1531224170091,5303805,0.01406300,0.00300000,0
1531224170094,1531224170091,5303806,0.01409800,0.04600000,0
1531224170466,1531224170463,5303807,0.01409800,0.05400000,0
1531224170619,1531224170616,5303808,0.01409800,0.30100000,0
1531224170674,1531224170671,5303809,0.01409800,0.03400000,0
1531224170880,1531224170874,5303810,0.01409800,0.03900000,0
1531224171400,1531224171397,5303811,0.01409800,0.06000000,0
1531224176605,1531224176601,5303812,0.01399300,0.17400000,1
1531224201099,1531224201095,5303813,0.01400600,0.09400000,1
1531224201099,1531224201095,5303814,0.01400500,0.09400000,1
1531224203865,1531224203863,5303815,0.01399400,0.23000000,0
1531224203881,1531224203879,5303816,0.01408200,0.04900000,0
1531224203951,1531224203948,5303817,0.01408200,0.05200000,0
1531224204203,1531224204205,5303818,0.01408200,0.04100000,0
1531224204282,1531224204278,5303819,0.01408200,0.05500000,0
1531224204315,1531224204312,5303820,0.01408200,0.02400000,0
1531224204336,1531224204332,5303821,0.01408200,0.04500000,0
1531224204443,1531224204441,5303822,0.01408200,0.05100000,0
1531224204490,1531224204485,5303823,0.01408200,0.05400000,0
1531224204815,1531224204813,5303824,0.01408200,0.02100000,0
1531224204877,1531224204875,5303825,0.01408200,0.03000000,0
1531224331110,1531224331105,5303826,0.01406900,0.09400000,0
1531224331110,1531224331105,5303827,0.01407000,0.13500000,0
1531224358924,1531224358920,5303828,0.01400500,0.07300000,1
1531224385204,1531224385202,5303829,0.01399500,0.93300000,1
1531224412111,1531224412108,5303830,0.01406100,0.09500000,0
1531224495071,1531224495066,5303831,0.01403900,0.13000000,0
1531224528998,1531224528995,5303832,0.01403900,3.05800000,0
1531224532058,1531224532054,5303833,0.01403900,0.13700000,0
1531224539192,1531224539189,5303834,0.01403900,1.03800000,0
1531224559952,1531224559949,5303835,0.01404800,0.04000000,0
1531224606144,1531224606140,5303836,0.01403900,0.10200000,1
1531224606144,1531224606140,5303837,0.01400300,0.00200000,1
1531224623494,1531224623491,5303838,0.01400400,0.41400000,1
1531224645099,1531224645096,5303839,0.01404700,0.12400000,0
1531224717768,1531224717765,5303840,0.01400500,0.69100000,1
1531224717768,1531224717765,5303841,0.01400300,0.19800000,1
1531224717768,1531224717765,5303842,0.01400000,0.84100000,1
1531224719118,1531224719115,5303843,0.01404500,0.11600000,0
1531224795121,1531224795118,5303844,0.01400000,0.07300000,1
1531224868059,1531224868055,5303845,0.01409700,0.16400000,0
1531224876847,1531224876844,5303846,0.01401200,0.10200000,1
1531224877293,1531224877290,5303847,0.01401200,0.11100000,1
1531224877865,1531224877862,5303848,0.01401200,0.08100000,1
1531224878162,1531224878161,5303849,0.01401200,0.04900000,1
1531224878517,1531224878514,5303850,0.01401200,0.09800000,1
1531224878981,1531224878977,5303851,0.01401200,0.10400000,1
1531224879578,1531224879575,5303852,0.01401200,0.05500000,1
1531224879988,1531224879983,5303853,0.01401100,0.12000000,1
1531224880341,1531224880338,5303854,0.01401100,0.05800000,1
1531224880341,1531224880338,5303855,0.01400000,0.00900000,1
1531224880731,1531224880728,5303856,0.01400000,0.07800000,1
1531224880862,1531224880859,5303857,0.01400000,0.30100000,1
1531224881290,1531224881286,5303858,0.01400000,0.10900000,1
1531224881898,1531224881896,5303859,0.01400000,0.08000000,1
1531224882299,1531224882300,5303860,0.01400000,0.06100000,1
1531224882703,1531224882704,5303861,0.01400000,0.09000000,1
1531224883094,1531224883093,5303862,0.01400000,0.09700000,1
1531224883429,1531224883405,5303863,0.01400000,0.06900000,1
1531224884043,1531224884046,5303864,0.01400000,0.03400000,1
1531224884441,1531224884438,5303865,0.01400000,0.07400000,1
1531224884916,1531224884912,5303866,0.01400000,0.05800000,1
1531224885507,1531224885503,5303867,0.01400000,0.08800000,1
1531224885700,1531224885696,5303868,0.01400000,0.06100000,1
1531224886229,1531224886226,5303869,0.01400000,0.04100000,1
1531224886746,1531224886739,5303870,0.01400000,0.10800000,1
1531224887253,1531224887249,5303871,0.01400000,0.09500000,1
1531224903107,1531224903105,5303872,0.01400100,0.01000000,1
1531224906122,1531224906119,5303873,0.01409500,0.18400000,0
1531224943015,1531224943010,5303874,0.01400000,0.21400000,1
1531224978079,1531224978075,5303875,0.01408500,0.25400000,0
1531225011065,1531225011068,5303876,0.01402100,0.25400000,1
1531225031620,1531225031621,5303877,0.01401300,1.00000000,1
1531225099088,1531225099084,5303878,0.01408400,0.17800000,0
1531225122051,1531225122047,5303879,0.01409700,0.10100000,0
1531225127605,1531225127606,5303880,0.01409700,0.01000000,0
1531225204381,1531225204377,5303881,0.01409500,0.00100000,0
1531225224895,1531225224899,5303882,0.01409500,0.50000000,0
1531225224981,1531225224979,5303883,0.01409500,0.50000000,0
1531225273343,1531225273340,5303884,0.01409500,0.05000000,0
1531225274265,1531225274261,5303885,0.01409800,0.12100000,0
1531225276356,1531225276353,5303886,0.01409800,0.57100000,0
1531225279380,1531225279377,5303887,0.01409800,0.00200000,0
1531225333026,1531225333021,5303888,0.01409800,0.00600000,0
1531225345115,1531225345110,5303889,0.01409800,0.25000000,0
1531225345116,1531225345113,5303890,0.01409800,0.50000000,0
1531225345208,1531225345206,5303891,0.01409800,0.25000000,0
1531225435954,1531225435952,5303892,0.01409800,0.44200000,0
1531225436014,1531225436011,5303893,0.01410000,0.50000000,0
1531225453591,1531225453587,5303894,0.01404000,0.00300000,1
1531225501229,1531225501226,5303895,0.01410000,0.10600000,0
1531225531133,1531225531129,5303896,0.01403500,0.07700000,1
1531225542242,1531225542244,5303897,0.01410000,1.14100000,0
1531225545349,1531225545345,5303898,0.01401600,0.61800000,1
1531225546739,1531225546736,5303899,0.01400100,0.00100000,1
1531225605370,1531225605367,5303900,0.01405000,0.14200000,1
1531225615036,1531225615033,5303901,0.01405000,0.15800000,0
1531225667146,1531225667144,5303902,0.01410000,0.08200000,0
1531225699119,1531225699115,5303903,0.01410000,0.07700000,0
1531225831480,1531225831476,5303904,0.01410000,0.10500000,0
1531225831502,1531225831498,5303905,0.01410000,0.08400000,0
1531225838054,1531225838049,5303906,0.01405000,0.15800000,1
1531225838054,1531225838049,5303907,0.01400400,7.06800000,1
1531225838054,1531225838049,5303908,0.01400000,1.20700000,1
1531225838054,1531225838049,5303909,0.01398600,0.14400000,1
1531225838054,1531225838049,5303910,0.01397500,0.07200000,1
1531225838054,1531225838049,5303911,0.01397100,0.07200000,1
1531225838054,1531225838049,5303912,0.01396900,0.71200000,1
1531225838055,1531225838049,5303913,0.01396900,0.36600000,1
1531225838055,1531225838049,5303914,0.01396600,0.20100000,1
1531225838055,1531225838049,5303915,0.01396600,0.21300000,1
1531225838055,1531225838049,5303916,0.01395900,0.07900000,1
1531225838055,1531225838049,5303917,0.01395500,0.27100000,1
1531225838071,1531225838068,5303918,0.01395500,3.05700000,0
1531225838079,1531225838081,5303919,0.01395500,2.83500000,0
1531225838079,1531225838081,5303920,0.01410000,0.68600000,0
1531225838079,1531225838081,5303921,0.01411600,0.33400000,0
1531225840031,1531225840028,5303922,0.01402200,0.41400000,0
1531225841201,1531225841197,5303923,0.01395400,0.04700000,1
1531225841358,1531225841355,5303924,0.01395400,0.00100000,1
1531225843348,1531225843342,5303925,0.01395400,0.01200000,1
1531225845923,1531225845917,5303926,0.01395400,0.01200000,1
1531225849184,1531225849180,5303927,0.01405300,0.27100000,0
1531225861644,1531225861640,5303928,0.01396100,0.13100000,1
1531225861644,1531225861640,5303929,0.01396000,0.13000000,1
1531225861644,1531225861640,5303930,0.01395800,0.39700000,1
1531225869850,1531225869848,5303931,0.01395800,0.60800000,1
1531225874084,1531225874082,5303932,0.01395800,0.07300000,0
1531225874133,1531225874130,5303933,0.01395700,0.13000000,1
1531225876079,1531225876076,5303934,0.01395800,0.07300000,0
1531225894313,1531225894309,5303935,0.01395500,0.07300000,1
1531225914068,1531225914064,5303936,0.01395400,0.08600000,1
1531225914094,1531225914089,5303937,0.01395400,0.27600000,0
1531225919100,1531225919097,5303938,0.01401700,0.07300000,0
1531225927444,1531225927440,5303939,0.01401700,0.39000000,0
1531225949723,1531225949719,5303940,0.01394700,0.66000000,1
1531225982632,1531225982628,5303941,0.01401500,0.04100000,0
1531226070173,1531226070168,5303942,0.01400900,0.40200000,0
1531226070362,1531226070357,5303943,0.01400900,0.40000000,0
1531226087768,1531226087763,5303944,0.01400700,0.00100000,0
1531226116488,1531226116485,5303945,0.01400100,0.06100000,0
1531226119498,1531226119497,5303946,0.01400000,0.00100000,0
1531226144688,1531226144684,5303947,0.01398500,0.07200000,0
1531226145083,1531226145078,5303948,0.01398500,0.38600000,0
1531226176449,1531226176445,5303949,0.01394900,0.10000000,0
1531226216138,1531226216133,5303950,0.01400100,0.39400000,0
1531226216612,1531226216609,5303951,0.01400100,0.39000000,0
1531226288056,1531226288052,5303952,0.01400000,0.38100000,0
1531226288217,1531226288213,5303953,0.01400000,0.17200000,0
1531226288217,1531226288213,5303954,0.01401700,0.20800000,0
1531226291067,1531226291063,5303955,0.01401600,0.18900000,0
1531226359420,1531226359421,5303956,0.01401300,0.39000000,0
1531226359441,1531226359437,5303957,0.01401300,0.39200000,0
1531226421183,1531226421184,5303958,0.01401300,0.71300000,0
1531226469868,1531226469863,5303959,0.01401300,0.39400000,0
1531226469929,1531226469925,5303960,0.01401300,0.39400000,0
1531226529470,1531226529466,5303961,0.01401300,0.54400000,0
1531226542307,1531226542303,5303962,0.01401300,0.39200000,0
1531226602198,1531226602195,5303963,0.01401300,0.08000000,0
1531226612443,1531226612439,5303964,0.01401300,0.50000000,0
1531226612641,1531226612636,5303965,0.01401300,0.25000000,0
1531226624068,1531226624063,5303966,0.01401300,0.30300000,0
1531226661071,1531226661067,5303967,0.01401300,0.43600000,0
1531226661520,1531226661516,5303968,0.01401300,0.43000000,0
1531226737369,1531226737363,5303969,0.01401300,0.22500000,0
1531226737369,1531226737363,5303970,0.01402700,0.22500000,0
1531226740065,1531226740061,5303971,0.01402700,0.19700000,0
1531226741625,1531226741622,5303972,0.01400000,0.50000000,1
1531226807109,1531226807104,5303973,0.01402700,0.07800000,0
1531226822922,1531226822924,5303974,0.01400200,1.78000000,1
1531226868784,1531226868780,5303975,0.01402700,0.21300000,0
1531226868829,1531226868826,5303976,0.01405200,0.75000000,0
1531226868853,1531226868848,5303977,0.01405200,0.75000000,0
1531226868896,1531226868892,5303978,0.01405200,0.43800000,0
1531226869476,1531226869471,5303979,0.01405200,0.31200000,1
1531226896490,1531226896486,5303980,0.01405200,2.76100000,1
1531226915072,1531226915067,5303981,0.01402700,0.07800000,1
1531226943293,1531226943289,5303982,0.01405500,0.13000000,0
1531226943374,1531226943368,5303983,0.01407000,0.18400000,0
1531226982363,1531226982359,5303984,0.01409500,0.01500000,0
1531227066106,1531227066102,5303985,0.01405500,0.07800000,1
1531227116903,1531227116900,5303986,0.01409500,0.05600000,0
1531227128905,1531227128902,5303987,0.01409800,0.07100000,0
1531227129267,1531227129263,5303988,0.01409800,0.50300000,1
1531227137128,1531227137125,5303989,0.01410400,0.75200000,0
1531227137140,1531227137137,5303990,0.01410400,0.07700000,1
1531227146633,1531227146630,5303991,0.01412000,0.13400000,0
1531227209078,1531227209075,5303992,0.01406100,0.07700000,1
1531227279621,1531227279616,5303993,0.01406400,0.26300000,0
1531227299261,1531227299257,5303994,0.01411500,0.17500000,0
1531227323200,1531227323196,5303995,0.01406400,0.11400000,0
1531227357403,1531227357403,5303996,0.01410900,0.49900000,0
1531227369075,1531227369071,5303997,0.01406600,0.07700000,1
1531227608040,1531227608035,5303998,0.01406300,2.49500000,1
1531227608040,1531227608035,5303999,0.01405500,0.78100000,1
1531227608040,1531227608035,5304000,0.01402800,0.36600000,1
1531227608040,1531227608035,5304001,0.01402700,0.13500000,1
1531227608040,1531227608035,5304002,0.01402000,1.82900000,1
1531227608040,1531227608035,5304003,0.01400000,0.87700000,1
1531227608052,1531227608047,5304004,0.01400000,22.41600000,0
1531227624971,1531227624966,5304005,0.01405500,0.87700000,1
1531227675148,1531227675144,5304006,0.01405100,0.07700000,1
1531227755363,1531227755359,5304007,0.01405200,0.07700000,1
1531227777537,1531227777534,5304008,0.01411000,0.49900000,0
1531227803349,1531227803345,5304009,0.01411000,0.50000000,0
1531227900693,1531227900689,5304010,0.01411000,0.10600000,0
1531227940791,1531227940787,5304011,0.01407300,0.07700000,1
1531228058095,1531228058091,5304012,0.01406500,0.07700000,1
1531228060251,1531228060248,5304013,0.01406500,0.13300000,1
1531228077613,1531228077609,5304014,0.01411000,0.49900000,0
1531228105131,1531228105130,5304015,0.01411000,0.50000000,0
1531228164766,1531228164762,5304016,0.01411000,0.55600000,0
1531228169445,1531228169441,5304017,0.01411900,0.27100000,0
1531228172086,1531228172080,5304018,0.01408600,0.07700000,1
1531228178489,1531228178484,5304019,0.01412400,0.08000000,0
1531228178594,1531228178589,5304020,0.01412700,0.17400000,0
1531228248104,1531228248100,5304021,0.01409400,0.11400000,1
1531228281691,1531228281688,5304022,0.01412700,0.00300000,0
1531228287064,1531228287060,5304023,0.01412700,0.07100000,0
1531228287104,1531228287100,5304024,0.01413900,0.41300000,0
1531228287598,1531228287596,5304025,0.01413900,2.90400000,0
1531228408630,1531228408625,5304026,0.01414300,0.49500000,0
1531228424538,1531228424532,5304027,0.01414600,0.07100000,0
1531228425543,1531228425539,5304028,0.01414900,2.44000000,0
1531228426476,1531228426471,5304029,0.01415000,2.26500000,0
1531228452460,1531228452458,5304030,0.01415000,0.11000000,1
1531228584357,1531228584352,5304031,0.01414600,0.00500000,1
1531228722216,1531228722213,5304032,0.01415800,1.99800000,1
1531228749010,1531228749007,5304033,0.01415800,0.09400000,1
1531228754375,1531228754370,5304034,0.01415800,0.16100000,1
1531228765977,1531228765972,5304035,0.01413000,0.00700000,1
1531228800720,1531228800715,5304036,0.01418500,0.10600000,0
1531228851655,1531228851651,5304037,0.01418500,1.12300000,0
1531228852150,1531228852142,5304038,0.01413000,0.52600000,1
1531228852150,1531228852142,5304039,0.01412700,0.07100000,1
1531228882089,1531228882084,5304040,0.01412500,0.70300000,1
1531228906439,1531228906435,5304041,0.01413000,0.00400000,1
1531228943136,1531228943130,5304042,0.01413100,0.00200000,1
1531228944642,1531228944638,5304043,0.01406800,0.00200000,1
1531229090529,1531229090524,5304044,0.01418500,1.29400000,0
1531229091590,1531229091586,5304045,0.01418600,0.79100000,0
1531229091674,1531229091670,5304046,0.01418600,0.00200000,0
1531229109795,1531229109791,5304047,0.01423200,0.70200000,0
1531229149816,1531229149812,5304048,0.01417100,0.03500000,1
1531229290716,1531229290712,5304049,0.01421700,10.92800000,0
1531229290770,1531229290766,5304050,0.01421700,2.18500000,0
1531229326903,1531229326899,5304051,0.01411700,0.01100000,1
1531229337560,1531229337556,5304052,0.01411600,0.10000000,1
1531229473867,1531229473861,5304053,0.01419800,0.10000000,0
1531229473867,1531229473861,5304054,0.01419900,0.01300000,0
1531229565145,1531229565142,5304055,0.01416900,0.01300000,1
1531229622374,1531229622369,5304056,0.01416900,0.07000000,1
1531229672657,1531229672652,5304057,0.01416900,0.00100000,1
1531229767196,1531229767191,5304058,0.01417800,1.56900000,1
1531229937984,1531229937979,5304059,0.01417300,0.84600000,1
1531229949724,1531229949720,5304060,0.01417300,6.09500000,1
1531230183070,1531230183066,5304061,0.01421500,3.76200000,0
1531230187674,1531230187670,5304062,0.01421500,0.24400000,0
1531230205444,1531230205438,5304063,0.01421500,0.49900000,0
1531230240133,1531230240128,5304064,0.01421500,0.14400000,0
1531230403199,1531230403196,5304065,0.01421500,0.10000000,0
1531230407610,1531230407607,5304066,0.01421500,0.33500000,0
1531230472140,1531230472136,5304067,0.01421500,0.15000000,0
1531230476845,1531230476840,5304068,0.01421500,0.50000000,0
1531230476870,1531230476865,5304069,0.01421500,0.49900000,0
1531230477193,1531230477189,5304070,0.01417800,0.49900000,1
1531230540236,1531230540231,5304071,0.01421500,0.21400000,0
1531230601254,1531230601250,5304072,0.01421500,0.10500000,0
1531230748357,1531230748351,5304073,0.01418100,0.66800000,1
1531230751515,1531230751509,5304074,0.01418100,0.67100000,1
1531230815062,1531230815057,5304075,0.01421500,0.40000000,0
1531230815062,1531230815057,5304076,0.01421800,1.00000000,0
1531230815062,1531230815057,5304077,0.01423200,0.27300000,0
1531230817036,1531230817031,5304078,0.01423200,1.24900000,0
1531230818428,1531230818424,5304079,0.01423200,0.93700000,0
1531230820471,1531230820466,5304080,0.01423200,0.70300000,0
1531230842734,1531230842731,5304081,0.01423200,0.10700000,0
1531230842876,1531230842871,5304082,0.01423200,0.12800000,0
1531230900720,1531230900715,5304083,0.01423200,0.10500000,0
1531230920815,1531230920811,5304084,0.01418600,0.00400000,1
1531230922007,1531230922002,5304085,0.01418100,0.00400000,1
1531230930674,1531230930670,5304086,0.01418500,2.11700000,1
1531230988212,1531230988201,5304087,0.01418600,0.46800000,1
1531230988212,1531230988201,5304088,0.01418100,0.32600000,1
1531230988212,1531230988201,5304089,0.01417700,1.90600000,1
1531231018839,1531231018834,5304090,0.01423100,0.03700000,0
1531231055532,1531231055525,5304091,0.01417700,0.70600000,1
1531231062129,1531231062125,5304092,0.01417700,0.70600000,1
1531231068686,1531231068680,5304093,0.01417700,0.70600000,1
1531231143649,1531231143644,5304094,0.01417600,0.00400000,1
1531231165138,1531231165134,5304095,0.01417300,0.21000000,1
1531231473114,1531231473109,5304096,0.01417300,0.16200000,1
1531231649741,1531231649736,5304097,0.01417300,0.00100000,1
1531231655520,1531231655515,5304098,0.01421500,0.50100000,0
1531231655523,1531231655520,5304099,0.01421500,0.49900000,0
1531231660810,1531231660806,5304100,0.01421500,0.06300000,0
1531231660810,1531231660806,5304101,0.01422300,6.52000000,0
1531231832599,1531231832593,5304102,0.01423000,0.25000000,0
1531231832695,1531231832691,5304103,0.01423000,0.88800000,0
1531231833976,1531231833971,5304104,0.01423200,0.08000000,0
1531231834744,1531231834740,5304105,0.01423500,0.07100000,0
1531231841736,1531231841731,5304106,0.01423800,0.07100000,0
1531231935712,1531231935707,5304107,0.01420800,0.00200000,1
1531231961138,1531231961134,5304108,0.01420800,0.07700000,1
1531232101200,1531232101194,5304109,0.01424500,0.10500000,0
1531232102340,1531232102334,5304110,0.01419700,0.10500000,1
1531232138103,1531232138098,5304111,0.01419400,0.13900000,1
1531232142298,1531232142296,5304112,0.01424400,0.00100000,0
1531232157098,1531232157092,5304113,0.01419700,0.38300000,1
1531232319146,1531232319142,5304114,0.01419400,0.49000000,1
1531232319179,1531232319176,5304115,0.01419400,0.49500000,1
1531232340083,1531232340079,5304116,0.01419400,0.15500000,1
1531232400886,1531232400883,5304117,0.01424200,0.10500000,0
1531232421824,1531232421819,5304118,0.01420000,0.00300000,1
1531232475862,1531232475858,5304119,0.01420500,0.00300000,1
1531232515663,1531232515658,5304120,0.01424200,0.00500000,0
1531232667119,1531232667115,5304121,0.01420600,0.17100000,1
1531232703155,1531232703151,5304122,0.01421200,0.02800000,1
1531232784615,1531232784611,5304123,0.01420500,1.04500000,1
1531232784615,1531232784611,5304124,0.01420000,0.99700000,1
1531232784616,1531232784611,5304125,0.01418400,0.35000000,1
1531232843900,1531232843896,5304126,0.01424500,0.42400000,0
1531232843900,1531232843896,5304127,0.01426700,0.25700000,0
1531232843900,1531232843896,5304128,0.01427200,0.02100000,0
1531232964695,1531232964691,5304129,0.01426900,0.50000000,0
1531232981020,1531232981015,5304130,0.01426900,0.02800000,0
1531232983232,1531232983229,5304131,0.01426900,0.10000000,1
1531232984598,1531232984595,5304132,0.01426900,0.03900000,1
1531232984874,1531232984870,5304133,0.01426900,5.88800000,1
1531232995128,1531232995124,5304134,0.01426900,0.35500000,1
1531233114572,1531233114565,5304135,0.01427100,0.03900000,1
1531233155865,1531233155860,5304136,0.01427100,0.00100000,1
1531233160834,1531233160830,5304137,0.01427200,0.81400000,0
1531233165185,1531233165181,5304138,0.01427300,3.50200000,1
1531233165852,1531233165848,5304139,0.01427300,2.76400000,1
1531233165934,1531233165929,5304140,0.01427300,0.72200000,1
1531233166193,1531233166189,5304141,0.01427300,0.60300000,1
1531233223448,1531233223443,5304142,0.01427700,0.10000000,0
1531233226486,1531233226482,5304143,0.01428300,0.07100000,0
1531233229482,1531233229479,5304144,0.01427800,0.10000000,0
1531233229482,1531233229479,5304145,0.01428600,0.07000000,0
1531233232496,1531233232492,5304146,0.01430600,0.11600000,0
1531233235519,1531233235515,5304147,0.01430600,0.00100000,0
1531233235941,1531233235936,5304148,0.01430600,0.40900000,0
1531233235941,1531233235936,5304149,0.01431400,17.65900000,0
1531233235970,1531233235967,5304150,0.01431400,0.10000000,1
1531233235992,1531233235988,5304151,0.01431400,0.49900000,1
1531233236042,1531233236038,5304152,0.01431400,0.10000000,1
1531233236138,1531233236133,5304153,0.01431400,0.24400000,1
1531233236171,1531233236168,5304154,0.01431400,0.34600000,1
1531233236540,1531233236534,5304155,0.01431400,0.10000000,1
1531233236550,1531233236546,5304156,0.01431400,9.56600000,1
1531233236839,1531233236835,5304157,0.01431400,2.10100000,1
1531233237074,1531233237073,5304158,0.01431400,0.33100000,1
1531233242713,1531233242705,5304159,0.01431400,0.18200000,1
1531233248262,1531233248258,5304160,0.01431400,0.67600000,1
1531233248346,1531233248343,5304161,0.01431400,0.39500000,1
1531233249364,1531233249362,5304162,0.01431400,0.39500000,1
1531233262585,1531233262582,5304163,0.01431400,0.17000000,1
1531233263112,1531233263108,5304164,0.01431400,0.29000000,1
1531233264080,1531233264075,5304165,0.01431400,0.17100000,1
1531233267820,1531233267816,5304166,0.01431400,0.17100000,1
1531233315449,1531233315445,5304167,0.01432700,0.07700000,0
1531233315449,1531233315445,5304168,0.01433200,0.21300000,0
1531233315449,1531233315445,5304169,0.01433800,5.33400000,0
1531233315449,1531233315445,5304170,0.01435000,0.10400000,0
1531233315476,1531233315471,5304171,0.01435000,1.57000000,1
1531233315490,1531233315485,5304172,0.01435000,0.10000000,1
1531233315525,1531233315520,5304173,0.01435000,0.10000000,1
1531233323355,1531233323350,5304174,0.01431800,0.52600000,1
1531233323355,1531233323350,5304175,0.01427100,0.18000000,1
1531233326656,1531233326652,5304176,0.01435000,0.52500000,0
1531233326656,1531233326652,5304177,0.01435700,0.67500000,0
1531233328918,1531233328914,5304178,0.01435700,0.07200000,0
1531233338399,1531233338396,5304179,0.01430400,0.18800000,1
1531233343926,1531233343922,5304180,0.01435600,0.18800000,0
1531233343926,1531233343922,5304181,0.01435700,0.48100000,0
1531233343926,1531233343922,5304182,0.01436400,0.87900000,0
1531233343955,1531233343951,5304183,0.01436400,0.10000000,1
1531233344067,1531233344065,5304184,0.01436400,0.10000000,1
1531233346201,1531233346197,5304185,0.01436600,1.54800000,1
1531233346214,1531233346211,5304186,0.01436600,2.60200000,1
1531233346700,1531233346697,5304187,0.01436600,1.33700000,1
1531233346762,1531233346758,5304188,0.01436600,0.32700000,1
1531233350796,1531233350793,5304189,0.01436700,1.33700000,1
1531233352931,1531233352928,5304190,0.01436700,0.32500000,1
1531233364720,1531233364717,5304191,0.01436800,0.16200000,1
1531233374157,1531233374154,5304192,0.01437200,0.07000000,0
1531233374707,1531233374702,5304193,0.01437400,0.07000000,0
1531233374707,1531233374702,5304194,0.01437700,0.07000000,0
1531233374707,1531233374702,5304195,0.01439900,0.23500000,0
1531233374707,1531233374702,5304196,0.01440700,0.26500000,0
1531233374707,1531233374702,5304197,0.01441500,0.07100000,0
1531233374707,1531233374702,5304198,0.01442300,0.07000000,0
1531233374707,1531233374702,5304199,0.01442600,0.07000000,0
1531233374707,1531233374702,5304200,0.01445000,0.07700000,0
1531233374720,1531233374716,5304201,0.01445000,12.28500000,1
1531233374756,1531233374753,5304202,0.01445000,0.10000000,1
1531233374801,1531233374797,5304203,0.01445000,3.76300000,1
1531233374850,1531233374846,5304204,0.01445000,6.42900000,1
1531233374850,1531233374846,5304205,0.01445000,6.05000000,1
1531233374892,1531233374888,5304206,0.01445000,4.20000000,1
1531233375014,1531233375011,5304207,0.01445000,4.27600000,1
1531233377182,1531233377182,5304208,0.01444900,0.02100000,0
1531233377336,1531233377335,5304209,0.01444900,0.02100000,0
1531233377382,1531233377379,5304210,0.01444900,0.02100000,0
1531233377400,1531233377397,5304211,0.01444900,0.39600000,0
1531233394901,1531233394898,5304212,0.01440000,0.54600000,1
1531233397832,1531233397829,5304213,0.01440000,0.03400000,1
1531233413010,1531233413007,5304214,0.01444800,1.20300000,0
1531233413010,1531233413007,5304215,0.01444900,1.22300000,0
1531233413018,1531233413016,5304216,0.01445000,0.20900000,1
1531233413039,1531233413034,5304217,0.01445000,0.10000000,1
1531233413067,1531233413065,5304218,0.01445000,0.10000000,1
1531233413085,1531233413084,5304219,0.01445000,0.08100000,1
1531233413207,1531233413203,5304220,0.01445000,1.54000000,1
1531233413253,1531233413249,5304221,0.01445000,0.20900000,1
1531233413287,1531233413283,5304222,0.01445000,0.20900000,1
1531233413360,1531233413358,5304223,0.01445000,3.45900000,1
1531233413738,1531233413734,5304224,0.01445000,0.10000000,1
1531233413845,1531233413842,5304225,0.01445000,2.14300000,1
1531233415020,1531233415016,5304226,0.01445000,0.50000000,1
1531233415338,1531233415337,5304227,0.01445200,0.10100000,0
1531233415338,1531233415337,5304228,0.01445300,0.00900000,0
1531233416849,1531233416846,5304229,0.01445000,2.14300000,1
1531233417005,1531233417004,5304230,0.01445000,0.50000000,1
1531233417097,1531233417092,5304231,0.01445000,0.40000000,1
1531233419841,1531233419839,5304232,0.01445000,0.71400000,1
1531233420103,1531233420099,5304233,0.01445000,0.09800000,1
1531233420142,1531233420138,5304234,0.01445000,0.05100000,1
1531233420172,1531233420169,5304235,0.01445000,0.04800000,1
1531233420211,1531233420207,5304236,0.01445000,0.09100000,1
1531233420247,1531233420244,5304237,0.01445000,0.03500000,1
1531233420369,1531233420367,5304238,0.01445000,0.05100000,1
1531233420465,1531233420461,5304239,0.01445000,0.05200000,1
1531233420483,1531233420478,5304240,0.01445000,0.04000000,1
1531233420520,1531233420516,5304241,0.01445000,0.13600000,1
1531233420563,1531233420561,5304242,0.01445000,0.04500000,1
1531233420586,1531233420583,5304243,0.01445000,0.07300000,1
1531233420637,1531233420632,5304244,0.01445000,0.14200000,1
1531233420690,1531233420688,5304245,0.01445000,0.05200000,1
1531233420747,1531233420746,5304246,0.01445000,0.04400000,1
1531233420780,1531233420776,5304247,0.01445000,0.03800000,1
1531233422859,1531233422855,5304248,0.01445000,0.71400000,1
1531233423796,1531233423792,5304249,0.01445300,0.32400000,0
1531233427054,1531233427049,5304250,0.01446500,0.25300000,0
1531233427054,1531233427049,5304251,0.01447100,0.07700000,0
1531233427054,1531233427049,5304252,0.01448200,0.10600000,0
1531233427054,1531233427049,5304253,0.01450500,0.72000000,0
1531233427054,1531233427049,5304254,0.01451400,0.06900000,0
1531233427054,1531233427049,5304255,0.01451700,0.06900000,0
1531233427054,1531233427049,5304256,0.01454000,0.13800000,0
1531233427054,1531233427049,5304257,0.01454600,0.09700000,0
1531233427054,1531233427049,5304258,0.01454700,0.04200000,0
1531233427409,1531233427405,5304259,0.01445300,0.03800000,1
1531233433543,1531233433538,5304260,0.01454700,0.23200000,0
1531233433543,1531233433538,5304261,0.01456300,0.06900000,0
1531233433543,1531233433538,5304262,0.01456600,0.06900000,0
1531233433543,1531233433538,5304263,0.01457100,0.01800000,0
1531233434566,1531233434562,5304264,0.01445500,0.13600000,1
1531233434756,1531233434753,5304265,0.01457100,0.05100000,0
1531233434756,1531233434753,5304266,0.01458300,0.34500000,0
1531233435256,1531233435252,5304267,0.01445600,0.02600000,1
1531233436737,1531233436732,5304268,0.01445600,1.06600000,1
1531233436737,1531233436732,5304269,0.01445500,0.03700000,1
1531233436737,1531233436732,5304270,0.01445000,0.99200000,1
1531233437000,1531233436996,5304271,0.01458200,0.09500000,0
1531233439586,1531233439582,5304272,0.01458200,0.03100000,0
1531233446832,1531233446828,5304273,0.01450000,0.10000000,1
1531233446852,1531233446849,5304274,0.01450000,0.10000000,1
1531233446856,1531233446855,5304275,0.01450000,0.10000000,1
1531233449890,1531233449886,5304276,0.01450000,0.32400000,1
1531233451298,1531233451294,5304277,0.01450000,0.86100000,1
1531233455438,1531233455435,5304278,0.01450000,0.25800000,1
1531233455847,1531233455843,5304279,0.01450000,0.07300000,1
1531233469805,1531233469801,5304280,0.01450000,0.69400000,1
1531233499638,1531233499632,5304281,0.01455500,0.96600000,0
1531233499638,1531233499632,5304282,0.01455600,0.17300000,0
1531233499638,1531233499632,5304283,0.01455800,0.53900000,0
1531233499638,1531233499632,5304284,0.01458300,0.01700000,0
1531233499638,1531233499632,5304285,0.01459200,4.85000000,0
1531233499638,1531233499632,5304286,0.01460000,5.50000000,0
1531233499652,1531233499648,5304287,0.01460000,5.17800000,1
1531233503192,1531233503189,5304288,0.01455500,0.96600000,1
1531233503458,1531233503453,5304289,0.01445700,0.00100000,1
1531233503770,1531233503768,5304290,0.01445800,0.05100000,1
1531233503806,1531233503804,5304291,0.01445800,0.04800000,1
1531233503953,1531233503950,5304292,0.01445800,0.04500000,1
1531233503953,1531233503950,5304293,0.01445700,0.03500000,1
1531233503998,1531233503995,5304294,0.01445700,0.10900000,1
1531233507152,1531233507148,5304295,0.01460100,3.60000000,0
1531233540170,1531233540165,5304296,0.01460000,0.25300000,0
1531233540170,1531233540165,5304297,0.01460100,1.57100000,0
1531233540938,1531233540935,5304298,0.01460100,0.33000000,1
1531233546864,1531233546860,5304299,0.01460100,0.10000000,1
1531233546884,1531233546879,5304300,0.01460100,0.05300000,1
1531233546919,1531233546915,5304301,0.01460100,0.07900000,1
1531233546941,1531233546938,5304302,0.01460100,0.04100000,1
1531233546976,1531233546972,5304303,0.01460100,0.04500000,1
1531233547013,1531233547009,5304304,0.01460100,0.02400000,1
1531233547312,1531233547309,5304305,0.01460100,0.09400000,1
1531233547354,1531233547352,5304306,0.01460100,0.10600000,1
1531233547389,1531233547386,5304307,0.01460100,0.04000000,1
1531233547391,1531233547389,5304308,0.01460100,0.07500000,1
1531233547429,1531233547423,5304309,0.01460100,0.06000000,1
1531233547482,1531233547479,5304310,0.01460100,0.08700000,1
1531233547541,1531233547539,5304311,0.01460100,0.05700000,1
1531233547561,1531233547557,5304312,0.01460100,0.07300000,1
1531233547594,1531233547592,5304313,0.01460100,0.03300000,1
1531233547636,1531233547635,5304314,0.01460100,0.06800000,1
1531233547752,1531233547748,5304315,0.01460100,0.09600000,1
1531233547799,1531233547797,5304316,0.01460100,0.08900000,1
1531233547959,1531233547956,5304317,0.01460100,0.07900000,1
1531233548103,1531233548099,5304318,0.01460100,0.10700000,1
1531233548158,1531233548158,5304319,0.01460100,0.07700000,1
1531233548218,1531233548215,5304320,0.01460100,0.06600000,1
1531233548234,1531233548230,5304321,0.01460100,0.02700000,1
1531233548258,1531233548253,5304322,0.01460100,0.11800000,1
1531233548284,1531233548282,5304323,0.01460100,0.05400000,1
1531233548309,1531233548306,5304324,0.01460100,0.10200000,1
1531233548494,1531233548490,5304325,0.01460100,0.09700000,1
1531233548853,1531233548849,5304326,0.01460100,0.06000000,1
1531233549153,1531233549149,5304327,0.01460100,0.10000000,1
1531233550611,1531233550608,5304328,0.01460100,0.56000000,1
1531233553135,1531233553131,5304329,0.01460100,0.13000000,1
1531233556639,1531233556635,5304330,0.01460100,0.41100000,1
1531233559172,1531233559169,5304331,0.01460100,0.41100000,1
1531233559202,1531233559199,5304332,0.01460100,0.41100000,1
1531233562136,1531233562132,5304333,0.01460100,0.10100000,1
1531233590034,1531233590030,5304334,0.01460100,0.10000000,1
1531233597446,1531233597443,5304335,0.01460100,0.10000000,1
1531233616385,1531233616380,5304336,0.01460100,13.12400000,1
1531233626189,1531233626185,5304337,0.01460300,0.12700000,0
1531233636737,1531233636734,5304338,0.01460100,2.54000000,1
1531233641531,1531233641530,5304339,0.01446400,0.09300000,1
1531233641531,1531233641530,5304340,0.01446200,0.57600000,1
1531233641531,1531233641530,5304341,0.01445700,0.03300000,1
1531233641772,1531233641768,5304342,0.01448500,0.70700000,0
1531233642624,1531233642619,5304343,0.01460100,0.00200000,0
1531233642624,1531233642619,5304344,0.01460300,0.00100000,0
1531233642624,1531233642619,5304345,0.01461500,0.07600000,0
1531233642624,1531233642619,5304346,0.01465300,0.06900000,0
1531233642624,1531233642619,5304347,0.01465500,0.07700000,0
1531233642624,1531233642619,5304348,0.01468600,0.49000000,0
1531233642942,1531233642938,5304349,0.01445800,0.39900000,1
1531233642942,1531233642938,5304350,0.01445700,0.30300000,1
1531233643035,1531233643031,5304351,0.01445700,0.13500000,1
1531233651753,1531233651748,5304352,0.01446600,0.09700000,1
1531233651753,1531233651748,5304353,0.01446500,0.50400000,1
1531233651753,1531233651748,5304354,0.01445800,0.10600000,1
1531233652159,1531233652154,5304355,0.01445800,0.41900000,1
1531233652159,1531233652154,5304356,0.01445400,0.28900000,1
1531233663403,1531233663378,5304357,0.01446600,0.14000000,1
1531233663416,1531233663413,5304358,0.01446600,0.25900000,1
1531233664068,1531233664064,5304359,0.01452600,0.07400000,0
1531233667175,1531233667170,5304360,0.01446600,0.49400000,1
1531233742188,1531233742185,5304361,0.01452500,0.07500000,0
1531233774727,1531233774722,5304362,0.01452500,2.00000000,0
1531233774772,1531233774769,5304363,0.01452500,0.08000000,1
1531233774902,1531233774899,5304364,0.01452600,0.13800000,0
1531233774941,1531233774937,5304365,0.01452600,0.06400000,0
1531233774941,1531233774937,5304366,0.01452900,0.07400000,0
1531233774958,1531233774955,5304367,0.01452900,0.13800000,0
1531233774985,1531233774982,5304368,0.01452900,0.13800000,0
1531233775007,1531233775003,5304369,0.01452900,0.12100000,0
1531233775007,1531233775003,5304370,0.01458600,0.01700000,0
1531233775028,1531233775024,5304371,0.01458600,0.13800000,0
1531233775065,1531233775062,5304372,0.01458600,0.13800000,0
1531233775111,1531233775107,5304373,0.01458600,0.23200000,0
1531233775111,1531233775107,5304374,0.01466100,0.66400000,0
1531233775112,1531233775109,5304375,0.01466100,0.05600000,0
1531233775112,1531233775109,5304376,0.01468700,0.08200000,0
1531233780801,1531233780796,5304377,0.01468700,0.20200000,0
1531233780801,1531233780796,5304378,0.01469600,0.07800000,0
1531233780801,1531233780796,5304379,0.01470300,0.06900000,0
1531233780801,1531233780796,5304380,0.01470400,0.04700000,0
1531233786950,1531233786946,5304381,0.01454100,0.06200000,1
1531233787499,1531233787496,5304382,0.01470400,1.20300000,0
1531233793740,1531233793736,5304383,0.01470600,0.06800000,0
1531233793740,1531233793736,5304384,0.01472300,0.61900000,0
1531233793740,1531233793736,5304385,0.01473000,0.15100000,0
1531233793740,1531233793736,5304386,0.01475700,0.07500000,0
1531233793740,1531233793736,5304387,0.01476200,0.07500000,0
1531233793740,1531233793736,5304388,0.01477100,0.03200000,0
1531233795491,1531233795488,5304389,0.01456000,4.76600000,1
1531233798435,1531233798431,5304390,0.01477100,0.12300000,0
1531233798435,1531233798431,5304391,0.01480500,0.27300000,0
1531233805557,1531233805553,5304392,0.01462300,0.33800000,1
1531233805608,1531233805605,5304393,0.01462300,0.24200000,1
1531233805635,1531233805632,5304394,0.01462300,0.17100000,1
1531233805673,1531233805669,5304395,0.01457700,0.17100000,1
1531233806154,1531233806149,5304396,0.01460500,0.33800000,0
1531233806154,1531233806149,5304397,0.01460600,0.01400000,0
1531233806398,1531233806395,5304398,0.01460600,0.15300000,0
1531233806398,1531233806395,5304399,0.01461400,0.15100000,0
1531233806576,1531233806572,5304400,0.01460900,0.12200000,1
1531233806606,1531233806602,5304401,0.01460900,0.12200000,1
1531233806637,1531233806633,5304402,0.01460900,0.10000000,1
1531233807464,1531233807462,5304403,0.01461400,0.02000000,0
1531233807492,1531233807488,5304404,0.01462300,0.06800000,1
1531233807556,1531233807552,5304405,0.01462300,0.10000000,1
1531233807607,1531233807603,5304406,0.01462300,0.10100000,1
1531233807655,1531233807652,5304407,0.01462300,0.04900000,1
1531233807655,1531233807652,5304408,0.01457500,0.05100000,1
1531233810672,1531233810669,5304409,0.01467300,0.60000000,0
1531233810672,1531233810669,5304410,0.01467400,0.17100000,0
1531233810688,1531233810684,5304411,0.01467500,1.45600000,1
1531233810819,1531233810816,5304412,0.01467800,0.13800000,0
1531233810834,1531233810831,5304413,0.01467800,0.13800000,0
1531233810889,1531233810885,5304414,0.01467800,0.07600000,0
1531233810889,1531233810885,5304415,0.01468300,0.06200000,0
1531233810899,1531233810896,5304416,0.01468300,0.18600000,0
1531233816948,1531233816944,5304417,0.01468000,1.40000000,0
1531233816948,1531233816944,5304418,0.01468100,3.88200000,0
1531233817156,1531233817152,5304419,0.01468100,0.13800000,0
1531233817198,1531233817198,5304420,0.01468100,0.13800000,0
1531233817226,1531233817222,5304421,0.01468100,0.13800000,0
1531233817240,1531233817238,5304422,0.01468100,0.13800000,0
1531233817264,1531233817259,5304423,0.01468100,0.13800000,0
1531233817326,1531233817322,5304424,0.01468100,0.13800000,0
1531233817333,1531233817327,5304425,0.01468100,0.05600000,0
1531233817333,1531233817327,5304426,0.01468300,0.05600000,0
1531233817333,1531233817327,5304427,0.01469100,0.02600000,0
1531233817369,1531233817367,5304428,0.01469100,0.13800000,0
1531233817401,1531233817398,5304429,0.01469100,0.26200000,0
1531233817402,1531233817398,5304430,0.01469600,0.03400000,0
1531233821193,1531233821189,5304431,0.01458800,0.39900000,1
1531233852868,1531233852866,5304432,0.01461600,0.10000000,1
1531233854248,1531233854244,5304433,0.01461700,0.26800000,1
1531233871009,1531233871005,5304434,0.01460700,0.37300000,1
1531233879052,1531233879050,5304435,0.01461000,0.07400000,1
1531233901430,1531233901427,5304436,0.01460400,0.10500000,1
1531233903169,1531233903165,5304437,0.01460200,0.22600000,1
1531233912129,1531233912126,5304438,0.01460100,0.12200000,1
1531233915198,1531233915194,5304439,0.01460100,0.11600000,1
1531233915208,1531233915204,5304440,0.01460100,0.00100000,1
1531233915208,1531233915204,5304441,0.01457700,0.11600000,1
1531233939472,1531233939469,5304442,0.01457700,0.13800000,1
1531233939529,1531233939525,5304443,0.01457700,0.13100000,1
1531233939529,1531233939525,5304444,0.01450000,0.00700000,1
1531233939545,1531233939540,5304445,0.01450000,0.13800000,1
1531233939554,1531233939551,5304446,0.01450000,0.13800000,1
1531233939594,1531233939594,5304447,0.01450000,0.13800000,1
1531233939646,1531233939643,5304448,0.01450000,0.01100000,1
1531233939646,1531233939643,5304449,0.01448600,0.12700000,1
1531233939646,1531233939643,5304450,0.01448600,0.13800000,1
1531233939681,1531233939677,5304451,0.01448600,0.21100000,1
1531233953081,1531233953078,5304452,0.01453900,0.07400000,0
1531233964015,1531233964014,5304453,0.01453700,0.09000000,0
1531234002389,1531234002385,5304454,0.01448600,0.10400000,1
1531234052452,1531234052447,5304455,0.01448700,0.59900000,1
1531234052452,1531234052447,5304456,0.01448600,0.20000000,1
1531234052452,1531234052447,5304457,0.01444800,0.40400000,1
1531234055625,1531234055626,5304458,0.01445100,0.71000000,0
1531234055685,1531234055681,5304459,0.01445000,0.14000000,1
1531234055698,1531234055699,5304460,0.01445000,0.14000000,1
1531234055754,1531234055751,5304461,0.01443900,0.14000000,1
1531234055770,1531234055765,5304462,0.01445000,0.17900000,1
1531234060073,1531234060069,5304463,0.01451100,0.07500000,0
1531234134129,1531234134129,5304464,0.01450900,0.07500000,0
1531234134500,1531234134497,5304465,0.01450900,0.07500000,0
1531234134731,1531234134728,5304466,0.01450900,0.07500000,0
1531234134994,1531234134989,5304467,0.01450900,0.07500000,0
1531234135267,1531234135264,5304468,0.01450900,0.07500000,0
1531234135498,1531234135495,5304469,0.01450900,0.02500000,0
1531234135498,1531234135495,5304470,0.01451000,0.05000000,0
1531234135793,1531234135789,5304471,0.01451000,0.07000000,0
1531234224061,1531234224057,5304472,0.01451000,0.07500000,0
1531234296124,1531234296121,5304473,0.01444100,0.89200000,1
1531234300362,1531234300358,5304474,0.01451000,0.04700000,0
1531234301859,1531234301856,5304475,0.01451000,0.95300000,1
1531234301873,1531234301869,5304476,0.01440400,0.72000000,1
1531234301873,1531234301869,5304477,0.01438400,0.23300000,1
1531234302127,1531234302123,5304478,0.01450600,0.07500000,0
1531234327775,1531234327771,5304479,0.01438500,0.09500000,1
1531234341930,1531234341926,5304480,0.01449900,0.31200000,0
1531234342208,1531234342204,5304481,0.01449900,0.02800000,0
1531234342208,1531234342204,5304482,0.01450000,0.14400000,0
1531234342456,1531234342451,5304483,0.01450000,0.07000000,0
1531234420114,1531234420110,5304484,0.01449500,0.07300000,0
1531234420373,1531234420373,5304485,0.01449500,0.07000000,0
1531234420779,1531234420775,5304486,0.01449500,0.07000000,0
1531234420948,1531234420947,5304487,0.01449500,0.07000000,0
1531234421055,1531234421050,5304488,0.01449500,0.07300000,0
1531234421087,1531234421085,5304489,0.01449500,0.07000000,0
1531234421203,1531234421195,5304490,0.01449500,0.10400000,0
1531234421456,1531234421453,5304491,0.01449500,0.10400000,0
1531234421733,1531234421729,5304492,0.01449500,0.10400000,0
1531234421999,1531234421995,5304493,0.01449500,0.10400000,0
1531234422073,1531234422072,5304494,0.01449500,0.10400000,0
1531234422248,1531234422245,5304495,0.01449500,0.10400000,0
1531234422496,1531234422497,5304496,0.01449500,0.10400000,0
1531234422820,1531234422814,5304497,0.01449500,0.10400000,0
1531234424093,1531234424091,5304498,0.01449500,0.10400000,0
1531234424348,1531234424347,5304499,0.01449500,0.10400000,0
1531234424622,1531234424618,5304500,0.01449500,0.10400000,0
1531234424865,1531234424862,5304501,0.01449500,0.10400000,0
1531234425075,1531234425068,5304502,0.01449500,0.10400000,0
1531234425381,1531234425378,5304503,0.01449500,0.10400000,0
1531234425632,1531234425623,5304504,0.01449500,0.10400000,0
1531234425882,1531234425878,5304505,0.01449500,0.05600000,0
1531234425882,1531234425878,5304506,0.01449600,0.04800000,0
1531234426076,1531234426071,5304507,0.01449600,0.07000000,0
1531234447366,1531234447364,5304508,0.01449300,0.15500000,0
1531234448117,1531234448114,5304509,0.01449300,0.14100000,0
1531234448329,1531234448326,5304510,0.01449300,0.14100000,0
1531234448595,1531234448592,5304511,0.01449300,0.14100000,0
1531234448846,1531234448843,5304512,0.01449300,0.14100000,0
1531234449102,1531234449098,5304513,0.01449300,0.14100000,0
1531234449352,1531234449348,5304514,0.01449300,0.14100000,0
1531234449607,1531234449604,5304515,0.01449300,0.14100000,0
1531234449864,1531234449860,5304516,0.01449300,0.14100000,0
1531234450118,1531234450115,5304517,0.01449300,0.14100000,0
1531234450379,1531234450375,5304518,0.01449300,0.14100000,0
1531234450658,1531234450654,5304519,0.01449300,0.14100000,0
1531234450902,1531234450898,5304520,0.01449300,0.14100000,0
1531234451128,1531234451125,5304521,0.01449300,0.14100000,0
1531234451414,1531234451409,5304522,0.01449300,0.02600000,0
1531234451414,1531234451409,5304523,0.01449400,0.11500000,0
1531234451668,1531234451663,5304524,0.01449400,0.07000000,0
1531234458054,1531234458049,5304525,0.01441700,0.07500000,1
1531234498094,1531234498091,5304526,0.01449200,0.07500000,0
1531234500879,1531234500877,5304527,0.01449100,0.10300000,0
1531234501604,1531234501596,5304528,0.01441900,0.10300000,1
1531234546185,1531234546181,5304529,0.01441900,0.48000000,1
1531234546185,1531234546181,5304530,0.01441800,0.52200000,1
1531234546185,1531234546181,5304531,0.01441600,0.24200000,1
1531234546185,1531234546181,5304532,0.01438200,0.02600000,1
1531234551196,1531234551193,5304533,0.01447200,0.07500000,0
1531234579056,1531234579052,5304534,0.01447000,0.93700000,0
1531234579237,1531234579231,5304535,0.01447000,0.14000000,0
1531234579284,1531234579281,5304536,0.01447000,0.24700000,0
1531234579284,1531234579281,5304537,0.01447100,0.02600000,0
1531234579490,1531234579487,5304538,0.01447100,0.14000000,0
1531234579510,1531234579507,5304539,0.01447100,0.24700000,0
1531234591120,1531234591118,5304540,0.01446800,0.07500000,0
1531234591281,1531234591277,5304541,0.01446800,0.07500000,0
1531234591536,1531234591534,5304542,0.01446800,0.07500000,0
1531234591748,1531234591744,5304543,0.01446800,0.07500000,0
1531234592047,1531234592048,5304544,0.01446800,0.07500000,0
1531234592553,1531234592551,5304545,0.01446800,0.07500000,0
1531234592751,1531234592750,5304546,0.01446800,0.07500000,0
1531234593056,1531234593053,5304547,0.01446800,0.07500000,0
1531234593309,1531234593310,5304548,0.01446800,0.07500000,0
1531234593572,1531234593569,5304549,0.01446800,0.07500000,0
1531234593746,1531234593743,5304550,0.01446800,0.07500000,0
1531234593818,1531234593815,5304551,0.01446800,0.07500000,0
1531234594100,1531234594100,5304552,0.01446800,0.07500000,0
1531234594358,1531234594356,5304553,0.01446800,0.07500000,0
1531234594604,1531234594602,5304554,0.01446800,0.07500000,0
1531234594747,1531234594745,5304555,0.01446800,0.07500000,0
1531234594873,1531234594868,5304556,0.01446800,0.07500000,0
1531234595167,1531234595163,5304557,0.01446800,0.07500000,0
1531234595417,1531234595413,5304558,0.01446800,0.05000000,0
1531234595417,1531234595413,5304559,0.01446900,0.02500000,0
1531234595668,1531234595665,5304560,0.01446900,0.06100000,0
1531234595668,1531234595665,5304561,0.01447300,0.00900000,0
1531234609666,1531234609662,5304562,0.01440000,0.01200000,1
1531234651347,1531234651345,5304563,0.01447200,0.24200000,0
1531234656358,1531234656357,5304564,0.01447200,1.15800000,1
1531234659094,1531234659092,5304565,0.01447200,0.07500000,1
1531234667324,1531234667322,5304566,0.01447200,1.07900000,1
1531234707091,1531234707089,5304567,0.01450000,0.07500000,0
1531234741802,1531234741800,5304568,0.01450000,0.18700000,0
1531234796136,1531234796134,5304569,0.01450000,0.07500000,1
1531234801930,1531234801931,5304570,0.01450000,0.13200000,1
1531234832426,1531234832423,5304571,0.01450000,0.40600000,1
1531234841241,1531234841239,5304572,0.01450900,0.07500000,0
1531234876572,1531234876571,5304573,0.01449100,1.22600000,1
1531234889062,1531234889059,5304574,0.01450900,0.07500000,0
1531234901929,1531234901927,5304575,0.01447300,0.01400000,1
1531234931112,1531234931110,5304576,0.01450900,0.07500000,0
1531234952585,1531234952583,5304577,0.01450900,0.07000000,0
1531234952608,1531234952605,5304578,0.01450900,0.24700000,0
1531234968105,1531234968103,5304579,0.01450900,0.07500000,0
1531234977129,1531234977127,5304580,0.01450900,0.13000000,0
1531234977139,1531234977137,5304581,0.01451100,0.06500000,0
1531234977139,1531234977137,5304582,0.01451300,0.03400000,0
1531235022915,1531235022913,5304583,0.01451300,0.37000000,0
1531235022915,1531235022913,5304584,0.01454300,0.03100000,0
1531235022933,1531235022933,5304585,0.01454300,0.40100000,0
1531235022943,1531235022945,5304586,0.01460000,0.71800000,0
1531235022967,1531235022965,5304587,0.01451300,0.34600000,1
1531235025976,1531235025970,5304588,0.01451500,0.16700000,1
1531235025976,1531235025970,5304589,0.01451400,0.11200000,1
1531235040425,1531235040422,5304590,0.01451600,0.33000000,1
1531235193243,1531235193242,5304591,0.01460100,0.07400000,0
1531235217187,1531235217187,5304592,0.01460100,0.58900000,0
1531235217187,1531235217187,5304593,0.01460200,2.55400000,0
1531235217187,1531235217187,5304594,0.01463800,0.34300000,0
1531235217917,1531235217915,5304595,0.01460300,0.48500000,1
1531235218174,1531235218173,5304596,0.01460300,2.75800000,1
1531235218309,1531235218307,5304597,0.01460300,0.00200000,0
1531235218309,1531235218307,5304598,0.01463800,0.00100000,0
1531235218309,1531235218307,5304599,0.01465200,0.48200000,0
1531235227077,1531235227075,5304600,0.01458900,0.10000000,0
1531235227077,1531235227075,5304601,0.01465200,0.16000000,0
1531235227077,1531235227075,5304602,0.01469000,0.23900000,0
1531235227872,1531235227871,5304603,0.01469100,0.49900000,1
1531235238062,1531235238061,5304604,0.01463500,0.10000000,0
1531235238062,1531235238061,5304605,0.01471500,0.30400000,0
1531235238887,1531235238889,5304606,0.01471600,0.10000000,1
1531235241246,1531235241245,5304607,0.01471600,0.10000000,1
1531235242683,1531235242682,5304608,0.01471700,0.09000000,1
1531235242754,1531235242752,5304609,0.01471600,0.10000000,1
1531235243329,1531235243327,5304610,0.01471700,0.07400000,0
1531235243360,1531235243358,5304611,0.01471600,0.10400000,1
1531235246065,1531235246063,5304612,0.01471500,0.39900000,0
1531235246065,1531235246063,5304613,0.01471600,0.03700000,0
1531235246065,1531235246063,5304614,0.01471700,0.83600000,0
1531235246245,1531235246245,5304615,0.01480000,0.20000000,0
1531235249255,1531235249253,5304616,0.01471900,0.10000000,1
1531235255413,1531235255412,5304617,0.01472000,0.10000000,1
1531235256071,1531235256070,5304618,0.01479800,0.40000000,0
1531235256071,1531235256070,5304619,0.01479900,0.10000000,0
1531235256071,1531235256070,5304620,0.01480000,0.27500000,0
1531235256203,1531235256198,5304621,0.01480000,0.13600000,0
1531235256230,1531235256229,5304622,0.01480000,0.26400000,0
1531235262081,1531235262080,5304623,0.01473500,0.10000000,1
1531235268125,1531235268122,5304624,0.01472600,0.10000000,1
1531235273276,1531235273274,5304625,0.01473400,0.35800000,1
1531235274388,1531235274387,5304626,0.01473500,0.10000000,1
1531235277169,1531235277167,5304627,0.01481000,0.25900000,0
1531235277169,1531235277167,5304628,0.01481100,0.99100000,0
1531235277438,1531235277437,5304629,0.01480900,0.13600000,0
1531235277458,1531235277457,5304630,0.01480900,0.13600000,0
1531235277490,1531235277492,5304631,0.01480900,0.13600000,0
1531235277517,1531235277514,5304632,0.01480900,0.13600000,0
1531235277558,1531235277557,5304633,0.01480900,0.24800000,0
1531235277735,1531235277734,5304634,0.01480900,0.13600000,0
1531235277766,1531235277764,5304635,0.01480900,0.07100000,0
1531235277766,1531235277764,5304636,0.01481200,0.06500000,0
1531235277770,1531235277769,5304637,0.01481200,0.03500000,0
1531235277770,1531235277769,5304638,0.01481400,0.10100000,0
1531235278015,1531235278013,5304639,0.01481400,0.13600000,0
1531235278032,1531235278031,5304640,0.01481400,0.13600000,0
1531235278078,1531235278076,5304641,0.01481400,0.27800000,0
1531235278078,1531235278076,5304642,0.01481800,0.16400000,0
1531235278078,1531235278076,5304643,0.01482700,0.29400000,0
1531235278078,1531235278076,5304644,0.01484600,0.06800000,0
1531235278078,1531235278076,5304645,0.01484700,0.40900000,0
1531235278078,1531235278076,5304646,0.01485000,0.53700000,0
1531235278100,1531235278097,5304647,0.01485000,0.13600000,0
1531235278128,1531235278127,5304648,0.01485000,0.18300000,0
1531235284738,1531235284736,5304649,0.01475500,0.05000000,1
1531235285981,1531235285975,5304650,0.01484900,1.25000000,0
1531235285981,1531235285975,5304651,0.01485000,0.28300000,0
1531235285981,1531235285975,5304652,0.01485300,0.74600000,0
1531235285981,1531235285975,5304653,0.01486300,0.29500000,0
1531235285981,1531235285975,5304654,0.01487500,0.54200000,0
1531235285981,1531235285975,5304655,0.01488500,0.31700000,0
1531235285981,1531235285975,5304656,0.01488800,0.50000000,0
1531235285981,1531235285975,5304657,0.01489700,3.35700000,0
1531235285981,1531235285975,5304658,0.01489800,3.00000000,0
1531235285981,1531235285975,5304659,0.01489900,3.00000000,0
1531235285981,1531235285975,5304660,0.01490200,0.06800000,0
1531235285981,1531235285975,5304661,0.01491000,0.23500000,0
1531235285981,1531235285975,5304662,0.01492000,0.99900000,0
1531235285981,1531235285975,5304663,0.01492600,1.02000000,0
1531235285981,1531235285975,5304664,0.01496500,0.13700000,0
1531235285981,1531235285975,5304665,0.01496700,0.23700000,0
1531235285981,1531235285975,5304666,0.01496800,0.54600000,0
1531235285981,1531235285975,5304667,0.01498800,4.58700000,0
1531235285981,1531235285975,5304668,0.01500000,0.48900000,0
1531235285994,1531235285993,5304669,0.01500000,24.45000000,1
1531235286056,1531235286056,5304670,0.01500000,0.42000000,1
1531235286183,1531235286182,5304671,0.01500000,2.00100000,1
1531235286189,1531235286187,5304672,0.01502400,0.13400000,0
1531235286216,1531235286217,5304673,0.01502400,0.13400000,0
1531235286235,1531235286234,5304674,0.01502400,0.13400000,0
1531235286310,1531235286309,5304675,0.01502400,0.13400000,0
1531235286324,1531235286322,5304676,0.01502400,0.13400000,0
1531235286343,1531235286343,5304677,0.01502400,0.05000000,0
1531235286343,1531235286343,5304678,0.01504700,0.08400000,0
1531235286344,1531235286344,5304679,0.01504700,0.13400000,0
1531235286371,1531235286370,5304680,0.01500000,0.42000000,1
1531235286376,1531235286375,5304681,0.01500000,0.42000000,1
1531235286386,1531235286387,5304682,0.01500000,0.20000000,1
1531235286416,1531235286413,5304683,0.01504800,0.13300000,0
1531235286416,1531235286413,5304684,0.01507500,0.06700000,0
1531235286416,1531235286413,5304685,0.01510000,0.06200000,0
1531235286465,1531235286462,5304686,0.01510000,0.07700000,0
1531235286539,1531235286539,5304687,0.01510000,0.12700000,0
1531235286705,1531235286704,5304688,0.01500000,0.10000000,1
1531235286918,1531235286918,5304689,0.01500000,0.01100000,1
1531235287470,1531235287468,5304690,0.01500100,0.42000000,1
1531235288327,1531235288325,5304691,0.01500100,0.07300000,1
1531235290343,1531235290342,5304692,0.01500200,0.35800000,1
1531235290343,1531235290342,5304693,0.01500100,0.30900000,1
1531235290503,1531235290500,5304694,0.01500100,0.15400000,1
1531235292067,1531235292067,5304695,0.01500000,0.20400000,1
1531235293290,1531235293283,5304696,0.01508700,0.09600000,0
1531235293346,1531235293345,5304697,0.01500000,0.00100000,1
1531235293376,1531235293375,5304698,0.01500000,0.33800000,1
1531235293761,1531235293760,5304699,0.01500000,0.46500000,1
1531235296140,1531235296142,5304700,0.01508400,0.36200000,0
1531235296140,1531235296142,5304701,0.01508500,0.23700000,0
1531235297557,1531235297556,5304702,0.01500100,2.06600000,1
1531235298350,1531235298350,5304703,0.01500000,2.23400000,1
1531235299300,1531235299298,5304704,0.01500000,0.10000000,1
1531235302391,1531235302390,5304705,0.01500000,0.92500000,1
1531235302444,1531235302442,5304706,0.01500000,0.06700000,1
1531235303012,1531235303010,5304707,0.01500000,0.06700000,1
1531235306107,1531235306106,5304708,0.01508000,0.06700000,0
1531235306300,1531235306298,5304709,0.01508000,0.06700000,0
1531235306429,1531235306426,5304710,0.01508000,0.06700000,0
1531235307359,1531235307358,5304711,0.01508000,0.13100000,0
1531235307863,1531235307859,5304712,0.01508000,2.07500000,0
1531235307863,1531235307859,5304713,0.01508500,0.34300000,0
1531235307863,1531235307859,5304714,0.01508900,1.80100000,0
1531235309970,1531235309968,5304715,0.01500200,0.61400000,1
1531235316185,1531235316182,5304716,0.01500200,0.40000000,1
1531235316185,1531235316182,5304717,0.01500100,0.21300000,1
1531235317231,1531235317230,5304718,0.01500200,0.61500000,1
1531235320868,1531235320865,5304719,0.01500300,0.01800000,1
1531235325519,1531235325518,5304720,0.01507400,0.06700000,0
1531235328933,1531235328932,5304721,0.01500700,0.06700000,1
1531235328933,1531235328932,5304722,0.01500600,0.01100000,1
1531235338543,1531235338544,5304723,0.01504100,0.59900000,0
1531235338543,1531235338544,5304724,0.01504200,0.19100000,0
1531235339072,1531235339070,5304725,0.01504000,0.61500000,0
1531235339072,1531235339070,5304726,0.01504200,0.02200000,0
1531235339072,1531235339070,5304727,0.01504400,0.37800000,0
1531235339072,1531235339070,5304728,0.01508700,0.11100000,0
1531235339072,1531235339070,5304729,0.01508800,20.65200000,0
1531235339072,1531235339070,5304730,0.01508900,0.17500000,0
1531235339334,1531235339330,5304731,0.01508800,0.41500000,0
1531235339334,1531235339330,5304732,0.01508900,14.28500000,0
1531235339920,1531235339917,5304733,0.01508900,6.35500000,0
1531235339920,1531235339917,5304734,0.01509000,15.69100000,0
1531235340322,1531235340318,5304735,0.01509000,0.53400000,1
1531235340338,1531235340338,5304736,0.01510000,0.24100000,0
1531235340500,1531235340497,5304737,0.01510000,5.00900000,0
1531235340500,1531235340497,5304738,0.01511100,0.13700000,0
1531235340500,1531235340497,5304739,0.01512600,0.06700000,0
1531235340500,1531235340497,5304740,0.01513400,0.23200000,0
1531235341584,1531235341580,5304741,0.01514100,0.08000000,0
1531235341584,1531235341580,5304742,0.01515400,0.13400000,0
1531235341584,1531235341580,5304743,0.01520000,0.38500000,0
1531235341785,1531235341783,5304744,0.01514100,0.07400000,1
1531235342079,1531235342079,5304745,0.01509200,3.53400000,1
1531235344086,1531235344086,5304746,0.01509700,0.92900000,1
1531235346140,1531235346139,5304747,0.01509700,0.04300000,1
1531235346167,1531235346165,5304748,0.01509700,1.67800000,1
1531235346235,1531235346233,5304749,0.01509300,0.05500000,1
1531235346658,1531235346656,5304750,0.01509700,0.04300000,0
1531235346658,1531235346656,5304751,0.01510600,0.06700000,0
1531235346658,1531235346656,5304752,0.01512500,0.00900000,0
1531235346702,1531235346700,5304753,0.01509300,0.11100000,1
1531235346702,1531235346700,5304754,0.01509000,0.55300000,1
1531235347063,1531235347061,5304755,0.01512500,3.52500000,0
1531235347063,1531235347061,5304756,0.01512600,0.06700000,0
1531235347064,1531235347061,5304757,0.01520000,0.62800000,0
1531235347064,1531235347061,5304758,0.01523500,0.11800000,0
1531235347109,1531235347109,5304759,0.01515500,2.40000000,1
1531235347139,1531235347138,5304760,0.01510200,0.10000000,1
1531235347144,1531235347143,5304761,0.01510200,0.83500000,1
1531235347144,1531235347143,5304762,0.01510100,0.21400000,1
1531235347144,1531235347143,5304763,0.01509500,1.25900000,1
1531235347144,1531235347143,5304764,0.01509000,0.09200000,1
1531235347145,1531235347143,5304765,0.01514400,2.40000000,0
1531235347145,1531235347143,5304766,0.01515500,1.31900000,0
1531235347161,1531235347160,5304767,0.01516200,0.93500000,1
1531235347187,1531235347186,5304768,0.01516200,0.68500000,1
1531235347205,1531235347204,5304769,0.01516200,1.22100000,1
1531235347222,1531235347222,5304770,0.01512600,1.22100000,1
1531235347265,1531235347263,5304771,0.01512600,1.41900000,1
1531235348249,1531235348248,5304772,0.01514500,1.90600000,0
1531235348594,1531235348593,5304773,0.01512600,0.10700000,1
1531235348747,1531235348746,5304774,0.01515500,0.44000000,0
1531235349090,1531235349088,5304775,0.01515500,1.96000000,0
1531235349090,1531235349088,5304776,0.01516200,2.59000000,0
1531235349090,1531235349088,5304777,0.01523500,0.08200000,0
1531235349090,1531235349088,5304778,0.01525800,0.13700000,0
1531235349090,1531235349088,5304779,0.01525900,0.10000000,0
1531235349090,1531235349088,5304780,0.01529900,1.85800000,0
1531235349090,1531235349088,5304781,0.01530000,0.25100000,0
1531235349159,1531235349157,5304782,0.01530000,0.25100000,0
1531235349159,1531235349157,5304783,0.01530400,1.25000000,0
1531235349159,1531235349157,5304784,0.01531000,1.37400000,0
1531235349159,1531235349157,5304785,0.01534300,2.19700000,0
1531235350646,1531235350645,5304786,0.01534100,0.00400000,0
1531235350742,1531235350741,5304787,0.01534100,0.06600000,0
1531235350805,1531235350804,5304788,0.01516500,0.33700000,1
1531235350984,1531235350984,5304789,0.01519000,0.06600000,0
1531235352364,1531235352362,5304790,0.01519000,0.03000000,0
1531235352391,1531235352391,5304791,0.01520100,14.82900000,1
1531235352641,1531235352638,5304792,0.01534200,0.26200000,0
1531235352641,1531235352638,5304793,0.01534300,0.21400000,0
1531235352641,1531235352638,5304794,0.01534400,0.49900000,0
1531235352641,1531235352638,5304795,0.01535000,1.02800000,0
1531235352705,1531235352704,5304796,0.01520300,0.13700000,1
1531235352705,1531235352704,5304797,0.01520200,0.33100000,1
1531235352851,1531235352849,5304798,0.01535000,0.06600000,0
1531235355663,1531235355662,5304799,0.01534700,0.05800000,0
1531235355857,1531235355857,5304800,0.01534700,0.06600000,0
1531235356095,1531235356095,5304801,0.01534700,0.06600000,0
1531235356370,1531235356370,5304802,0.01534700,0.06600000,0
1531235356587,1531235356586,5304803,0.01534700,0.06600000,0
1531235356679,1531235356678,5304804,0.01534700,0.06600000,0
1531235356932,1531235356932,5304805,0.01534700,0.01500000,0
1531235356932,1531235356932,5304806,0.01534800,0.05100000,0
1531235357195,1531235357194,5304807,0.01534800,0.06600000,0
1531235358005,1531235358003,5304808,0.01521800,0.53700000,1
1531235358005,1531235358003,5304809,0.01521700,0.95200000,1
1531235358437,1531235358435,5304810,0.01534300,0.10000000,1
1531235358438,1531235358436,5304811,0.01534300,1.89800000,1
1531235358507,1531235358506,5304812,0.01534300,0.08100000,1
1531235358511,1531235358511,5304813,0.01534300,0.13200000,1
1531235358573,1531235358572,5304814,0.01534300,0.13200000,1
1531235358575,1531235358575,5304815,0.01534300,0.13200000,1
1531235358637,1531235358635,5304816,0.01534300,0.20300000,1
1531235359547,1531235359546,5304817,0.01534300,0.10000000,1
1531235360656,1531235360655,5304818,0.01534300,1.36600000,1
1531235361177,1531235361175,5304819,0.01534300,0.12500000,1
1531235361349,1531235361347,5304820,0.01534300,2.07300000,1
1531235361402,1531235361400,5304821,0.01530600,1.48600000,0
1531235361424,1531235361423,5304822,0.01530600,0.18800000,0
1531235361553,1531235361551,5304823,0.01530600,11.11200000,0
1531235362089,1531235362088,5304824,0.01517300,1.45800000,1
1531235362194,1531235362193,5304825,0.01517300,2.80000000,1
1531235362361,1531235362360,5304826,0.01517300,1.31400000,1
1531235362487,1531235362486,5304827,0.01517300,1.23600000,0
1531235362508,1531235362507,5304828,0.01517300,1.19900000,0
1531235362513,1531235362511,5304829,0.01517300,0.91900000,0
1531235362664,1531235362662,5304830,0.01516600,0.13200000,1
1531235362683,1531235362680,5304831,0.01516600,0.13200000,1
1531235362694,1531235362693,5304832,0.01516600,0.13200000,1
1531235362720,1531235362718,5304833,0.01516600,0.13200000,1
1531235362729,1531235362725,5304834,0.01516600,0.13200000,1
1531235362792,1531235362790,5304835,0.01516600,0.13200000,1
1531235363011,1531235363009,5304836,0.01516600,0.13200000,1
1531235363027,1531235363025,5304837,0.01516600,0.14300000,1
1531235363474,1531235363472,5304838,0.01516600,0.05100000,1
1531235363474,1531235363472,5304839,0.01516400,0.52600000,1
1531235363474,1531235363472,5304840,0.01515500,0.76800000,1
1531235363474,1531235363472,5304841,0.01515100,0.27400000,1
1531235363474,1531235363472,5304842,0.01514900,0.29400000,1
1531235363530,1531235363529,5304843,0.01514600,0.09700000,1
1531235364090,1531235364086,5304844,0.01514600,0.67100000,0
1531235364090,1531235364086,5304845,0.01514800,5.46200000,0
1531235364090,1531235364086,5304846,0.01517200,6.52400000,0
1531235364090,1531235364086,5304847,0.01517300,1.62700000,0
