event_time,trade_time,trade_id,price,quantity,maker
1531210355643,1531210355637,3973428,0.00001133,196.00000000,1
1531210356486,1531210356481,3973429,0.00001133,500.00000000,1
1531210357203,1531210357202,3973430,0.00001133,535.00000000,1
1531210357672,1531210357667,3973431,0.00001133,533.00000000,1
1531210358007,1531210358004,3973432,0.00001133,100.00000000,1
1531210358556,1531210358551,3973433,0.00001133,1080.00000000,1
1531210360810,1531210360806,3973434,0.00001134,482.00000000,0
1531210361749,1531210361745,3973435,0.00001133,261.00000000,1
1531210364261,1531210364257,3973436,0.00001133,3635.00000000,1
1531210369290,1531210369286,3973437,0.00001134,1.00000000,0
1531210398904,1531210398900,3973438,0.00001132,97.00000000,1
1531210404982,1531210404976,3973439,0.00001132,10.00000000,1
1531210405554,1531210405550,3973440,0.00001132,1712.00000000,1
1531210405591,1531210405591,3973441,0.00001132,350.00000000,0
1531210405595,1531210405591,3973442,0.00001132,1197.00000000,0
1531210405669,1531210405666,3973443,0.00001132,1067.00000000,0
1531210406008,1531210406005,3973444,0.00001132,787.00000000,0
1531210408296,1531210408292,3973445,0.00001131,208.00000000,1
1531210408500,1531210408495,3973446,0.00001131,235.00000000,1
1531210408712,1531210408708,3973447,0.00001131,233.00000000,1
1531210415272,1531210415267,3973448,0.00001133,18036.00000000,0
1531210421803,1531210421798,3973449,0.00001132,1627.00000000,0
1531210421803,1531210421798,3973450,0.00001133,7974.00000000,0
1531210424483,1531210424479,3973451,0.00001131,891.00000000,1
1531210433277,1531210433272,3973452,0.00001131,52485.00000000,1
1531210433277,1531210433272,3973453,0.00001130,54036.00000000,1
1531210433277,1531210433272,3973454,0.00001128,36405.00000000,1
1531210433277,1531210433272,3973455,0.00001128,9754.00000000,1
1531210433514,1531210433508,3973456,0.00001131,52485.00000000,1
1531210438712,1531210438708,3973457,0.00001129,11824.00000000,1
1531210440760,1531210440756,3973458,0.00001132,349.00000000,0
1531210440862,1531210440858,3973459,0.00001132,956.00000000,0
1531210442017,1531210442014,3973460,0.00001128,909.00000000,1
1531210442461,1531210442457,3973461,0.00001128,910.00000000,1
1531210442575,1531210442569,3973462,0.00001128,8534.00000000,1
1531210443721,1531210443717,3973463,0.00001128,3126.00000000,1
1531210444585,1531210444579,3973464,0.00001129,1359.00000000,1
1531210452552,1531210452548,3973465,0.00001129,24.00000000,1
1531210452728,1531210452724,3973466,0.00001129,1980.00000000,1
1531210453215,1531210453210,3973467,0.00001127,128.00000000,1
1531210454320,1531210454314,3973468,0.00001127,4427.00000000,1
1531210454407,1531210454403,3973469,0.00001127,436.00000000,1
1531210455575,1531210455572,3973470,0.00001127,6961.00000000,1
1531210460578,1531210460573,3973471,0.00001127,11824.00000000,1
1531210472974,1531210472969,3973472,0.00001131,128.00000000,0
1531210472974,1531210472969,3973473,0.00001132,254.00000000,0
1531210474824,1531210474819,3973474,0.00001131,1000.00000000,1
1531210476591,1531210476586,3973475,0.00001129,1656.00000000,1
1531210478666,1531210478662,3973476,0.00001127,565.00000000,1
1531210479570,1531210479565,3973477,0.00001126,1953.00000000,1
1531210479664,1531210479661,3973478,0.00001126,2763.00000000,1
1531210481339,1531210481334,3973479,0.00001127,7.00000000,1
1531210481582,1531210481577,3973480,0.00001129,615.00000000,1
1531210482860,1531210482856,3973481,0.00001127,91.00000000,0
1531210487629,1531210487625,3973482,0.00001126,300.00000000,0
1531210488097,1531210488089,3973483,0.00001126,212.00000000,0
1531210504191,1531210504186,3973484,0.00001125,711.00000000,1
1531210505601,1531210505596,3973485,0.00001125,2683.00000000,1
1531210509456,1531210509450,3973486,0.00001123,119.00000000,1
1531210509456,1531210509450,3973487,0.00001122,793.00000000,1
1531210509840,1531210509836,3973488,0.00001124,151.00000000,1
1531210509840,1531210509836,3973489,0.00001122,756.00000000,1
1531210532712,1531210532708,3973490,0.00001122,61.00000000,1
1531210535649,1531210535644,3973491,0.00001122,106.00000000,1
1531210536088,1531210536084,3973492,0.00001122,43.00000000,1
1531210536748,1531210536744,3973493,0.00001122,48.00000000,1
1531210537224,1531210537221,3973494,0.00001122,57.00000000,1
1531210537790,1531210537781,3973495,0.00001122,28.00000000,1
1531210538311,1531210538307,3973496,0.00001122,34.00000000,1
1531210538800,1531210538796,3973497,0.00001122,19.00000000,1
1531210539255,1531210539250,3973498,0.00001122,88.00000000,1
1531210539923,1531210539920,3973499,0.00001122,38.00000000,1
1531210540350,1531210540346,3973500,0.00001122,26.00000000,1
1531210540819,1531210540812,3973501,0.00001122,43.00000000,1
1531210541383,1531210541379,3973502,0.00001122,36.00000000,1
1531210541787,1531210541783,3973503,0.00001122,20.00000000,1
1531210542385,1531210542380,3973504,0.00001122,41.00000000,1
1531210542832,1531210542826,3973505,0.00001122,26.00000000,1
1531210543574,1531210543573,3973506,0.00001122,23.00000000,1
1531210544096,1531210544093,3973507,0.00001122,38.00000000,1
1531210544806,1531210544800,3973508,0.00001122,98.00000000,1
1531210545211,1531210545207,3973509,0.00001122,21.00000000,1
1531210545796,1531210545790,3973510,0.00001122,83.00000000,1
1531210546445,1531210546440,3973511,0.00001122,65.00000000,1
1531210546901,1531210546897,3973512,0.00001122,49.00000000,1
1531210547338,1531210547334,3973513,0.00001122,79.00000000,1
1531210547852,1531210547850,3973514,0.00001122,49.00000000,1
1531210548571,1531210548566,3973515,0.00001122,18.00000000,1
1531210549019,1531210549014,3973516,0.00001122,101.00000000,1
1531210549748,1531210549743,3973517,0.00001122,71.00000000,1
1531210550131,1531210550125,3973518,0.00001122,42.00000000,1
1531210550823,1531210550818,3973519,0.00001122,41.00000000,1
1531210551331,1531210551326,3973520,0.00001122,40.00000000,1
1531210551824,1531210551821,3973521,0.00001122,43.00000000,1
1531210552450,1531210552446,3973522,0.00001122,196.00000000,1
1531210553024,1531210553018,3973523,0.00001122,49.00000000,1
1531210553581,1531210553578,3973524,0.00001122,126.00000000,1
1531210554229,1531210554224,3973525,0.00001122,45.00000000,1
1531210554718,1531210554714,3973526,0.00001122,175.00000000,1
1531210555234,1531210555231,3973527,0.00001122,35.00000000,1
1531210555932,1531210555927,3973528,0.00001122,93.00000000,1
1531210556246,1531210556241,3973529,0.00001122,342.00000000,1
1531210556689,1531210556685,3973530,0.00001122,39.00000000,1
1531210573105,1531210573099,3973531,0.00001122,32.00000000,1
1531210583769,1531210583764,3973532,0.00001122,40.00000000,1
1531210584458,1531210584452,3973533,0.00001122,41.00000000,1
1531210585064,1531210585060,3973534,0.00001122,55.00000000,1
1531210585567,1531210585562,3973535,0.00001122,39.00000000,1
1531210586581,1531210586576,3973536,0.00001122,20.00000000,1
1531210586883,1531210586880,3973537,0.00001122,115.00000000,1
1531210587408,1531210587404,3973538,0.00001122,62.00000000,1
1531210587805,1531210587802,3973539,0.00001122,49.00000000,1
1531210588327,1531210588323,3973540,0.00001122,66.00000000,1
1531210589119,1531210589113,3973541,0.00001122,33.00000000,1
1531210589434,1531210589429,3973542,0.00001122,37.00000000,1
1531210590072,1531210590066,3973543,0.00001122,71.00000000,1
1531210590535,1531210590534,3973544,0.00001122,137.00000000,1
1531210590994,1531210590988,3973545,0.00001122,98.00000000,1
1531210591496,1531210591492,3973546,0.00001122,21.00000000,1
1531210591983,1531210591977,3973547,0.00001122,60.00000000,1
1531210592547,1531210592542,3973548,0.00001122,22.00000000,1
1531210592910,1531210592906,3973549,0.00001126,217.00000000,0
1531210592910,1531210592906,3973550,0.00001127,295.00000000,0
1531210592910,1531210592906,3973551,0.00001129,3154.00000000,0
1531210593111,1531210593106,3973552,0.00001123,35.00000000,1
1531210593718,1531210593714,3973553,0.00001123,70.00000000,1
1531210594173,1531210594168,3973554,0.00001124,39.00000000,1
1531210594637,1531210594634,3973555,0.00001123,123.00000000,1
1531210595136,1531210595132,3973556,0.00001123,25.00000000,1
1531210595468,1531210595464,3973557,0.00001123,39.00000000,1
1531210595586,1531210595582,3973558,0.00001123,23.00000000,1
1531210596024,1531210596020,3973559,0.00001123,185.00000000,1
1531210596409,1531210596405,3973560,0.00001123,37.00000000,1
1531210596743,1531210596739,3973561,0.00001124,566.00000000,1
1531210596980,1531210596975,3973562,0.00001123,62.00000000,1
1531210597331,1531210597326,3973563,0.00001123,122.00000000,1
1531210597945,1531210597940,3973564,0.00001123,89.00000000,1
1531210598598,1531210598594,3973565,0.00001123,51.00000000,1
1531210599123,1531210599119,3973566,0.00001123,151.00000000,1
1531210599265,1531210599258,3973567,0.00001123,521.00000000,1
1531210599543,1531210599540,3973568,0.00001123,43.00000000,1
1531210600002,1531210600002,3973569,0.00001123,43.00000000,1
1531210600499,1531210600496,3973570,0.00001123,30.00000000,1
1531210601091,1531210601086,3973571,0.00001123,26.00000000,1
1531210601542,1531210601538,3973572,0.00001123,287.00000000,1
1531210601976,1531210601972,3973573,0.00001123,29.00000000,1
1531210602693,1531210602688,3973574,0.00001123,32.00000000,1
1531210603096,1531210603091,3973575,0.00001123,32.00000000,1
1531210603719,1531210603714,3973576,0.00001123,23.00000000,1
1531210604345,1531210604341,3973577,0.00001123,33.00000000,1
1531210608789,1531210608783,3973578,0.00001123,149.00000000,1
1531210637144,1531210637139,3973579,0.00001123,700.00000000,1
1531210639872,1531210639867,3973580,0.00001123,31.00000000,1
1531210646769,1531210646765,3973581,0.00001123,574.00000000,1
1531210646769,1531210646765,3973582,0.00001122,1009.00000000,1
1531210646856,1531210646852,3973583,0.00001124,244.00000000,1
1531210659597,1531210659595,3973584,0.00001124,1732.00000000,1
1531210660616,1531210660615,3973585,0.00001128,301.00000000,0
1531210660646,1531210660640,3973586,0.00001128,265.00000000,0
1531210663534,1531210663529,3973587,0.00001124,1004.00000000,1
1531210663564,1531210663560,3973588,0.00001124,633.00000000,0
1531210663568,1531210663565,3973589,0.00001124,1034.00000000,0
1531210680974,1531210680969,3973590,0.00001124,69.00000000,0
1531210680974,1531210680969,3973591,0.00001129,5100.00000000,0
1531210681305,1531210681299,3973592,0.00001129,66.00000000,0
1531210682537,1531210682532,3973593,0.00001129,1692.00000000,0
1531210689538,1531210689533,3973594,0.00001124,164.00000000,1
1531210689630,1531210689625,3973595,0.00001124,447.00000000,1
1531210695578,1531210695574,3973596,0.00001123,4.00000000,1
1531210701612,1531210701608,3973597,0.00001124,7242.00000000,1
1531210708668,1531210708664,3973598,0.00001127,146.00000000,0
1531210708668,1531210708664,3973599,0.00001128,751.00000000,0
1531210708668,1531210708664,3973600,0.00001130,5905.00000000,0
1531210713132,1531210713128,3973601,0.00001130,3209.00000000,0
1531210713240,1531210713236,3973602,0.00001130,67.00000000,0
1531210715220,1531210715214,3973603,0.00001130,1044.00000000,0
1531210731808,1531210731802,3973604,0.00001126,41.00000000,1
1531210732043,1531210732039,3973605,0.00001126,8585.00000000,1
1531210735601,1531210735597,3973606,0.00001126,596.00000000,1
1531210737168,1531210737164,3973607,0.00001125,65.00000000,1
1531210737251,1531210737246,3973608,0.00001125,1978.00000000,1
1531210744768,1531210744765,3973609,0.00001126,66.00000000,1
1531210770132,1531210770129,3973610,0.00001129,1303.00000000,0
1531210770132,1531210770129,3973611,0.00001130,1352.00000000,0
1531210771141,1531210771137,3973612,0.00001130,3209.00000000,0
1531210785518,1531210785514,3973613,0.00001130,2675.00000000,0
1531210789087,1531210789085,3973614,0.00001126,18.00000000,1
1531210789182,1531210789177,3973615,0.00001126,1671.00000000,1
1531210791864,1531210791861,3973616,0.00001125,1553.00000000,1
1531210798885,1531210798881,3973617,0.00001125,71.00000000,1
1531210801246,1531210801241,3973618,0.00001129,10264.00000000,0
1531210812618,1531210812613,3973619,0.00001126,614.00000000,1
1531210816495,1531210816489,3973620,0.00001125,63.00000000,1
1531210825261,1531210825256,3973621,0.00001129,122.00000000,0
1531210825327,1531210825327,3973622,0.00001129,491.00000000,0
1531210825573,1531210825569,3973623,0.00001129,1.00000000,0
1531210826603,1531210826599,3973624,0.00001129,299.00000000,1
1531210828620,1531210828615,3973625,0.00001127,708.00000000,1
1531210832605,1531210832600,3973626,0.00001129,1656.00000000,1
1531210836964,1531210836960,3973627,0.00001125,34.00000000,1
1531210839203,1531210839199,3973628,0.00001130,1465.00000000,0
1531210877424,1531210877421,3973629,0.00001129,880.00000000,0
1531210877876,1531210877873,3973630,0.00001125,12.00000000,1
1531210883873,1531210883868,3973631,0.00001125,2.00000000,1
1531210902078,1531210902075,3973632,0.00001125,4.00000000,1
1531210907133,1531210907128,3973633,0.00001128,722.00000000,0
1531210907173,1531210907168,3973634,0.00001128,180.00000000,0
1531210907282,1531210907277,3973635,0.00001128,300.00000000,0
1531210907295,1531210907291,3973636,0.00001128,300.00000000,0
1531210907642,1531210907642,3973637,0.00001128,237.00000000,0
1531210907642,1531210907642,3973638,0.00001129,63.00000000,0
1531210943247,1531210943241,3973639,0.00001127,80.00000000,1
1531210954608,1531210954604,3973640,0.00001129,1656.00000000,1
1531210957344,1531210957341,3973641,0.00001127,18.00000000,1
1531210958875,1531210958870,3973642,0.00001130,8100.00000000,0
1531210960796,1531210960793,3973643,0.00001130,2671.00000000,0
1531210969587,1531210969583,3973644,0.00001128,22.00000000,1
1531210969608,1531210969603,3973645,0.00001128,2951.00000000,1
1531210980770,1531210980766,3973646,0.00001128,4459.00000000,1
1531210996423,1531210996418,3973647,0.00001127,1500.00000000,1
1531210996660,1531210996660,3973648,0.00001127,2369.00000000,1
1531211001431,1531211001426,3973649,0.00001129,268.00000000,0
1531211006733,1531211006729,3973650,0.00001126,35.00000000,1
1531211018006,1531211018002,3973651,0.00001127,2232.00000000,1
1531211020960,1531211020955,3973652,0.00001126,75.00000000,1
1531211023762,1531211023756,3973653,0.00001126,1191.00000000,1
1531211058204,1531211058200,3973654,0.00001129,1182.00000000,0
1531211058281,1531211058277,3973655,0.00001129,3134.00000000,0
1531211058312,1531211058309,3973656,0.00001129,3137.00000000,0
1531211088553,1531211088547,3973657,0.00001127,57.00000000,1
1531211099691,1531211099686,3973658,0.00001127,74.00000000,1
1531211112346,1531211112343,3973659,0.00001127,2610.00000000,1
1531211116701,1531211116697,3973660,0.00001127,2.00000000,1
1531211117455,1531211117452,3973661,0.00001128,886.00000000,0
1531211122448,1531211122447,3973662,0.00001128,790.00000000,0
1531211122448,1531211122447,3973663,0.00001129,96.00000000,0
1531211127434,1531211127429,3973664,0.00001129,886.00000000,0
1531211144021,1531211144017,3973665,0.00001128,2138.00000000,1
1531211144593,1531211144590,3973666,0.00001128,887.00000000,0
1531211145503,1531211145499,3973667,0.00001127,80.00000000,1
1531211145701,1531211145697,3973668,0.00001128,887.00000000,0
1531211148698,1531211148694,3973669,0.00001128,887.00000000,0
1531211149948,1531211149943,3973670,0.00001128,7979.00000000,0
1531211151149,1531211151145,3973671,0.00001128,887.00000000,0
1531211151577,1531211151573,3973672,0.00001128,224.00000000,0
1531211154213,1531211154208,3973673,0.00001128,7979.00000000,0
1531211169234,1531211169230,3973674,0.00001127,69.00000000,1
1531211182004,1531211182000,3973675,0.00001128,30.00000000,0
1531211192051,1531211192047,3973676,0.00001128,3430.00000000,0
1531211232400,1531211232398,3973677,0.00001127,2090.00000000,1
1531211235502,1531211235498,3973678,0.00001128,10000.00000000,0
1531211235502,1531211235498,3973679,0.00001130,9368.00000000,0
1531211235502,1531211235498,3973680,0.00001131,15479.00000000,0
1531211241883,1531211241879,3973681,0.00001129,617.00000000,1
1531211269090,1531211269084,3973682,0.00001129,7.00000000,1
1531211298948,1531211298943,3973683,0.00001129,550.00000000,1
1531211306671,1531211306668,3973684,0.00001127,47400.00000000,1
1531211308054,1531211308050,3973685,0.00001129,5505.00000000,0
1531211314360,1531211314356,3973686,0.00001129,1656.00000000,0
1531211320839,1531211320835,3973687,0.00001126,172.00000000,1
1531211361048,1531211361045,3973688,0.00001126,43.00000000,1
1531211394051,1531211394048,3973689,0.00001127,7376.00000000,0
1531211394106,1531211394101,3973690,0.00001127,1074.00000000,0
1531211396249,1531211396244,3973691,0.00001127,887.00000000,0
1531211397008,1531211397002,3973692,0.00001127,920.00000000,0
1531211397083,1531211397078,3973693,0.00001126,27.00000000,1
1531211398092,1531211398087,3973694,0.00001127,522.00000000,0
1531211399878,1531211399873,3973695,0.00001127,920.00000000,0
1531211401264,1531211401260,3973696,0.00001126,7652.00000000,1
1531211401388,1531211401384,3973697,0.00001126,888.00000000,0
1531211402026,1531211402021,3973698,0.00001126,1074.00000000,0
1531211404181,1531211404178,3973699,0.00001126,920.00000000,0
1531211405184,1531211405180,3973700,0.00001126,888.00000000,0
1531211414232,1531211414230,3973701,0.00001126,210.00000000,0
1531211414246,1531211414242,3973702,0.00001126,633.00000000,0
1531211422132,1531211422128,3973703,0.00001126,1074.00000000,0
1531211422138,1531211422134,3973704,0.00001126,23979.00000000,0
1531211425181,1531211425177,3973705,0.00001126,1074.00000000,0
1531211428186,1531211428182,3973706,0.00001126,1074.00000000,0
1531211430178,1531211430175,3973707,0.00001126,28994.00000000,0
1531211431145,1531211431140,3973708,0.00001126,1074.00000000,0
1531211434179,1531211434174,3973709,0.00001126,1074.00000000,0
1531211434191,1531211434185,3973710,0.00001126,28994.00000000,0
1531211437154,1531211437149,3973711,0.00001126,1074.00000000,0
1531211438186,1531211438181,3973712,0.00001126,28994.00000000,0
1531211439226,1531211439220,3973713,0.00001126,888.00000000,0
1531211440707,1531211440702,3973714,0.00001126,4.00000000,0
1531211441247,1531211441244,3973715,0.00001126,888.00000000,0
1531211441874,1531211441870,3973716,0.00001126,3634.00000000,0
1531211445412,1531211445407,3973717,0.00001126,28994.00000000,0
1531211446486,1531211446481,3973718,0.00001126,2163.00000000,0
1531211451073,1531211451069,3973719,0.00001126,888.00000000,0
1531211453338,1531211453330,3973720,0.00001125,6929.00000000,1
1531211453338,1531211453330,3973721,0.00001123,710.00000000,1
1531211453338,1531211453330,3973722,0.00001122,2962.00000000,1
1531211453338,1531211453330,3973723,0.00001121,20544.00000000,1
1531211453338,1531211453330,3973724,0.00001120,36265.00000000,1
1531211453338,1531211453330,3973725,0.00001119,6721.00000000,1
1531211454658,1531211454654,3973726,0.00001125,3863.00000000,0
1531211456682,1531211456678,3973727,0.00001124,587.00000000,0
1531211456720,1531211456716,3973728,0.00001124,890.00000000,0
1531211459296,1531211459291,3973729,0.00001121,24710.00000000,1
1531211459587,1531211459582,3973730,0.00001124,586.00000000,0
1531211460214,1531211460211,3973731,0.00001124,890.00000000,0
1531211463802,1531211463798,3973732,0.00001124,3858.00000000,0
1531211464097,1531211464093,3973733,0.00001124,890.00000000,0
1531211468130,1531211468125,3973734,0.00001124,890.00000000,0
1531211470790,1531211470785,3973735,0.00001120,33.00000000,1
1531211474162,1531211474160,3973736,0.00001124,1047.00000000,0
1531211474162,1531211474160,3973737,0.00001125,27948.00000000,0
1531211483065,1531211483060,3973738,0.00001126,21000.00000000,0
1531211488809,1531211488805,3973739,0.00001126,344.00000000,0
1531211510602,1531211510594,3973740,0.00001125,1887.00000000,0
1531211514055,1531211514051,3973741,0.00001125,140.00000000,0
1531211522281,1531211522277,3973742,0.00001125,135.00000000,0
1531211541141,1531211541135,3973743,0.00001125,97.00000000,0
1531211548248,1531211548243,3973744,0.00001121,4.00000000,1
1531211560854,1531211560848,3973745,0.00001122,24.00000000,1
1531211563672,1531211563668,3973746,0.00001122,13191.00000000,1
1531211563672,1531211563668,3973747,0.00001121,17123.00000000,1
1531211563844,1531211563840,3973748,0.00001125,987.00000000,0
1531211566511,1531211566507,3973749,0.00001125,15996.00000000,0
1531211566855,1531211566851,3973750,0.00001125,2.00000000,0
1531211569156,1531211569156,3973751,0.00001125,707.00000000,0
1531211569173,1531211569169,3973752,0.00001125,300.00000000,0
1531211569197,1531211569191,3973753,0.00001125,176.00000000,0
1531211570972,1531211570968,3973754,0.00001124,8007.00000000,0
1531211583383,1531211583379,3973755,0.00001122,1315.00000000,1
1531211583383,1531211583379,3973756,0.00001120,688.00000000,1
1531211588978,1531211588973,3973757,0.00001123,599.00000000,0
1531211592504,1531211592500,3973758,0.00001123,890.00000000,0
1531211595669,1531211595665,3973759,0.00001123,1078.00000000,0
1531211598268,1531211598264,3973760,0.00001123,21676.00000000,0
1531211598277,1531211598274,3973761,0.00001123,20.00000000,0
1531211598277,1531211598274,3973762,0.00001125,32658.00000000,0
1531211599046,1531211599042,3973763,0.00001125,4850.00000000,0
1531211622030,1531211622026,3973764,0.00001123,2204.00000000,1
1531211629177,1531211629173,3973765,0.00001123,1361.00000000,1
1531211629217,1531211629212,3973766,0.00001123,8601.00000000,0
1531211629248,1531211629243,3973767,0.00001123,1078.00000000,0
1531211629250,1531211629247,3973768,0.00001123,1063.00000000,0
1531211629255,1531211629251,3973769,0.00001123,8014.00000000,0
1531211629497,1531211629492,3973770,0.00001123,2394.00000000,0
1531211632144,1531211632141,3973771,0.00001123,1078.00000000,0
1531211632343,1531211632339,3973772,0.00001123,890.00000000,0
1531211632357,1531211632352,3973773,0.00001122,106.00000000,1
1531211637937,1531211637932,3973774,0.00001123,890.00000000,0
1531211644145,1531211644140,3973775,0.00001123,2671.00000000,0
1531211647421,1531211647417,3973776,0.00001123,4937.00000000,0
1531211648170,1531211648164,3973777,0.00001123,2671.00000000,0
1531211649619,1531211649615,3973778,0.00001123,4069.00000000,0
1531211652124,1531211652120,3973779,0.00001123,2671.00000000,0
1531211655525,1531211655521,3973780,0.00001122,1742.00000000,1
1531211655547,1531211655543,3973781,0.00001122,6754.00000000,0
1531211655851,1531211655847,3973782,0.00001122,20728.00000000,0
1531211655888,1531211655884,3973783,0.00001122,6765.00000000,0
1531211657082,1531211657076,3973784,0.00001122,2674.00000000,0
1531211660035,1531211660032,3973785,0.00001122,2139.00000000,0
1531211662177,1531211662172,3973786,0.00001122,2674.00000000,0
1531211666100,1531211666095,3973787,0.00001122,891.00000000,0
1531211669230,1531211669226,3973788,0.00001121,46.00000000,1
1531211671183,1531211671179,3973789,0.00001122,891.00000000,0
1531211674178,1531211674174,3973790,0.00001122,891.00000000,0
1531211678189,1531211678184,3973791,0.00001122,891.00000000,0
1531211682138,1531211682134,3973792,0.00001122,891.00000000,0
1531211685591,1531211685587,3973793,0.00001121,10808.00000000,1
1531211685609,1531211685606,3973794,0.00001121,18189.00000000,0
1531211685706,1531211685703,3973795,0.00001121,892.00000000,0
1531211686903,1531211686898,3973796,0.00001121,8889.00000000,0
1531211691866,1531211691860,3973797,0.00001121,6101.00000000,0
1531211696062,1531211696059,3973798,0.00001122,17832.00000000,0
1531211696197,1531211696192,3973799,0.00001122,47472.00000000,0
1531211719300,1531211719295,3973800,0.00001122,1079.00000000,0
1531211722181,1531211722176,3973801,0.00001122,1079.00000000,0
1531211724106,1531211724100,3973802,0.00001122,1305.00000000,0
1531211727170,1531211727165,3973803,0.00001122,5.00000000,0
1531211740449,1531211740444,3973804,0.00001120,20.00000000,1
1531211745787,1531211745781,3973805,0.00001122,1962.00000000,0
1531211748035,1531211748030,3973806,0.00001120,1.00000000,1
1531211761431,1531211761427,3973807,0.00001120,34873.00000000,1
1531211765817,1531211765813,3973808,0.00001120,29318.00000000,1
1531211772005,1531211772001,3973809,0.00001119,81569.00000000,1
1531211772207,1531211772203,3973810,0.00001122,41558.00000000,0
1531211778779,1531211778775,3973811,0.00001121,588.00000000,0
1531211778783,1531211778778,3973812,0.00001121,456.00000000,0
1531211790811,1531211790806,3973813,0.00001118,27.00000000,1
1531211805146,1531211805142,3973814,0.00001118,163.00000000,1
1531211818858,1531211818854,3973815,0.00001118,29.00000000,1
1531211826517,1531211826514,3973816,0.00001118,116.00000000,1
1531211869298,1531211869294,3973817,0.00001122,300.00000000,0
1531211869397,1531211869393,3973818,0.00001122,251.00000000,0
1531211870109,1531211870103,3973819,0.00001122,141.00000000,0
1531211871256,1531211871251,3973820,0.00001122,112.00000000,0
1531211872132,1531211872128,3973821,0.00001122,90.00000000,0
1531211874825,1531211874821,3973822,0.00001121,290.00000000,0
1531211880085,1531211880081,3973823,0.00001121,1081.00000000,0
1531211902042,1531211902037,3973824,0.00001121,1081.00000000,0
1531211920266,1531211920261,3973825,0.00001119,63.00000000,1
1531211920604,1531211920599,3973826,0.00001119,35.00000000,1
1531211926587,1531211926582,3973827,0.00001119,5.00000000,1
1531211929519,1531211929513,3973828,0.00001122,6710.00000000,0
1531211952133,1531211952130,3973829,0.00001119,57835.00000000,1
1531211952887,1531211952882,3973830,0.00001121,1081.00000000,0
1531211956079,1531211956074,3973831,0.00001121,1081.00000000,0
1531211959173,1531211959169,3973832,0.00001121,1081.00000000,0
1531211962176,1531211962172,3973833,0.00001121,1081.00000000,0
1531211968782,1531211968777,3973834,0.00001118,10.00000000,1
1531211975097,1531211975091,3973835,0.00001118,1043.00000000,1
1531211975097,1531211975091,3973836,0.00001117,25492.00000000,1
1531211975097,1531211975091,3973837,0.00001116,11495.00000000,1
1531211975097,1531211975091,3973838,0.00001115,11243.00000000,1
1531211975097,1531211975091,3973839,0.00001114,2000.00000000,1
1531211975113,1531211975110,3973840,0.00001115,111008.00000000,0
1531211975127,1531211975122,3973841,0.00001115,248.00000000,0
1531211975127,1531211975124,3973842,0.00001115,111026.00000000,0
1531211975129,1531211975125,3973843,0.00001115,3158.00000000,0
1531211975131,1531211975127,3973844,0.00001115,247.00000000,0
1531211975134,1531211975130,3973845,0.00001115,247.00000000,0
1531211975136,1531211975136,3973846,0.00001115,896.00000000,0
1531211975150,1531211975145,3973847,0.00001115,4881.00000000,0
1531211975174,1531211975169,3973848,0.00001115,4498.00000000,0
1531211975176,1531211975170,3973849,0.00001115,14518.00000000,0
1531211975189,1531211975186,3973850,0.00001123,1088.00000000,0
1531211975189,1531211975186,3973851,0.00001124,1173.00000000,0
1531211975194,1531211975189,3973852,0.00001124,95.00000000,0
1531211975194,1531211975189,3973853,0.00001125,8873.00000000,0
1531211975289,1531211975285,3973854,0.00001120,248.00000000,1
1531211975390,1531211975385,3973855,0.00001120,53.00000000,1
1531211975543,1531211975537,3973856,0.00001120,634.00000000,1
1531211976734,1531211976730,3973857,0.00001120,77.00000000,1
1531211980778,1531211980773,3973858,0.00001119,893.00000000,0
1531211980778,1531211980773,3973859,0.00001120,188.00000000,0
1531211982454,1531211982450,3973860,0.00001118,231.00000000,1
1531211985277,1531211985272,3973861,0.00001119,1081.00000000,0
1531211989494,1531211989489,3973862,0.00001117,15.00000000,1
1531211992897,1531211992892,3973863,0.00001117,1050.00000000,1
1531211993041,1531211993036,3973864,0.00001117,1084.00000000,0
1531211993373,1531211993368,3973865,0.00001116,10715.00000000,1
1531211993769,1531211993764,3973866,0.00001116,300.00000000,0
1531211995174,1531211995171,3973867,0.00001116,198.00000000,0
1531211995200,1531211995199,3973868,0.00001116,50.00000000,0
1531211995200,1531211995199,3973869,0.00001117,1034.00000000,0
1531211998122,1531211998121,3973870,0.00001116,866.00000000,0
1531211998122,1531211998121,3973871,0.00001117,218.00000000,0
1531212000663,1531212000658,3973872,0.00001117,30000.00000000,0
1531212002176,1531212002171,3973873,0.00001117,1084.00000000,0
1531212006662,1531212006659,3973874,0.00001117,929.00000000,0
1531212022220,1531212022215,3973875,0.00001115,90.00000000,1
1531212024500,1531212024495,3973876,0.00001115,1821.00000000,1
1531212027524,1531212027519,3973877,0.00001114,145.00000000,1
1531212028083,1531212028078,3973878,0.00001114,15.00000000,1
1531212030926,1531212030922,3973879,0.00001115,356.00000000,0
1531212035800,1531212035796,3973880,0.00001116,1086.00000000,0
1531212052711,1531212052707,3973881,0.00001115,182.00000000,1
1531212058552,1531212058548,3973882,0.00001116,930.00000000,0
1531212059491,1531212059487,3973883,0.00001116,9006.00000000,0
1531212064867,1531212064862,3973884,0.00001116,1087.00000000,0
1531212069382,1531212069374,3973885,0.00001116,1086.00000000,0
1531212069537,1531212069533,3973886,0.00001115,2.00000000,1
1531212073606,1531212073600,3973887,0.00001115,6474.00000000,1
1531212073898,1531212073893,3973888,0.00001115,3503.00000000,1
1531212073934,1531212073930,3973889,0.00001116,1086.00000000,0
1531212078243,1531212078238,3973890,0.00001116,1086.00000000,0
1531212080111,1531212080108,3973891,0.00001116,25897.00000000,0
1531212088692,1531212088678,3973892,0.00001117,242696.00000000,0
1531212096897,1531212096892,3973893,0.00001116,46.00000000,1
1531212098210,1531212098203,3973894,0.00001117,729.00000000,0
1531212098241,1531212098238,3973895,0.00001117,182.00000000,0
1531212098315,1531212098310,3973896,0.00001117,300.00000000,0
1531212099517,1531212099514,3973897,0.00001117,912.00000000,0
1531212104459,1531212104454,3973898,0.00001116,912.00000000,1
1531212113063,1531212113058,3973899,0.00001117,1085.00000000,0
1531212125278,1531212125274,3973900,0.00001117,1795.00000000,0
1531212128966,1531212128962,3973901,0.00001116,34.00000000,1
1531212133977,1531212133972,3973902,0.00001116,760.00000000,1
1531212144382,1531212144376,3973903,0.00001116,9066.00000000,1
1531212144382,1531212144376,3973904,0.00001115,17525.00000000,1
1531212144382,1531212144376,3973905,0.00001114,5125.00000000,1
1531212144382,1531212144376,3973906,0.00001113,25484.00000000,1
1531212144471,1531212144468,3973907,0.00001113,2695.00000000,0
1531212144472,1531212144468,3973908,0.00001113,3265.00000000,0
1531212144473,1531212144468,3973909,0.00001113,7328.00000000,0
1531212144497,1531212144493,3973910,0.00001113,238.00000000,0
1531212145218,1531212145213,3973911,0.00001113,660.00000000,1
1531212145218,1531212145213,3973912,0.00001112,4190.00000000,1
1531212147246,1531212147241,3973913,0.00001118,5.00000000,0
1531212173147,1531212173139,3973914,0.00001118,6944.00000000,0
1531212173147,1531212173139,3973915,0.00001119,2799.00000000,0
1531212173753,1531212173748,3973916,0.00001118,897.00000000,1
1531212173870,1531212173865,3973917,0.00001118,1546.00000000,1
1531212177175,1531212177170,3973918,0.00001119,79.00000000,0
1531212181148,1531212181142,3973919,0.00001118,35.00000000,1
1531212189228,1531212189222,3973920,0.00001118,6.00000000,1
1531212194268,1531212194263,3973921,0.00001119,8952.00000000,0
1531212194638,1531212194631,3973922,0.00001118,91.00000000,1
1531212195607,1531212195602,3973923,0.00001118,63.00000000,1
1531212196095,1531212196091,3973924,0.00001119,1083.00000000,0
1531212199148,1531212199143,3973925,0.00001119,894.00000000,0
1531212199267,1531212199263,3973926,0.00001119,9743.00000000,0
1531212202060,1531212202056,3973927,0.00001119,1083.00000000,0
1531212203609,1531212203605,3973928,0.00001119,3248.00000000,0
1531212205068,1531212205064,3973929,0.00001119,1083.00000000,0
1531212207084,1531212207079,3973930,0.00001119,894.00000000,0
1531212208153,1531212208149,3973931,0.00001119,1083.00000000,0
1531212211169,1531212211163,3973932,0.00001119,1083.00000000,0
1531212211169,1531212211166,3973933,0.00001119,894.00000000,0
1531212214160,1531212214155,3973934,0.00001119,1083.00000000,0
1531212215150,1531212215146,3973935,0.00001119,894.00000000,0
1531212217166,1531212217161,3973936,0.00001119,1083.00000000,0
1531212218712,1531212218708,3973937,0.00001119,1194.00000000,0
1531212229528,1531212229524,3973938,0.00001119,56.00000000,1
1531212230812,1531212230807,3973939,0.00001120,1083.00000000,0
1531212234782,1531212234779,3973940,0.00001120,1083.00000000,0
1531212238882,1531212238878,3973941,0.00001120,1083.00000000,0
1531212242966,1531212242961,3973942,0.00001120,1083.00000000,0
1531212247051,1531212247047,3973943,0.00001120,1083.00000000,0
1531212251132,1531212251128,3973944,0.00001120,1083.00000000,0
1531212255043,1531212255039,3973945,0.00001119,2536.00000000,1
1531212255043,1531212255039,3973946,0.00001118,45.00000000,1
1531212255136,1531212255130,3973947,0.00001118,1083.00000000,0
1531212255438,1531212255433,3973948,0.00001118,1083.00000000,0
1531212256797,1531212256794,3973949,0.00001117,7.00000000,1
1531212256940,1531212256936,3973950,0.00001117,5.00000000,1
1531212258126,1531212258123,3973951,0.00001118,1083.00000000,0
1531212262146,1531212262141,3973952,0.00001118,1083.00000000,0
1531212266224,1531212266220,3973953,0.00001118,587.00000000,0
1531212266224,1531212266220,3973954,0.00001120,496.00000000,0
1531212269700,1531212269695,3973955,0.00001118,1083.00000000,0
1531212269717,1531212269713,3973956,0.00001118,3248.00000000,0
1531212272171,1531212272167,3973957,0.00001118,1083.00000000,0
1531212273122,1531212273118,3973958,0.00001118,3248.00000000,0
1531212275179,1531212275175,3973959,0.00001118,1083.00000000,0
1531212277152,1531212277147,3973960,0.00001118,3248.00000000,0
1531212278141,1531212278137,3973961,0.00001118,1083.00000000,0
1531212281072,1531212281066,3973962,0.00001118,1083.00000000,0
1531212281074,1531212281068,3973963,0.00001118,1083.00000000,0
1531212284207,1531212284203,3973964,0.00001118,1083.00000000,0
1531212285611,1531212285608,3973965,0.00001118,7687.00000000,0
1531212293710,1531212293707,3973966,0.00001117,12.00000000,1
1531212296358,1531212296353,3973967,0.00001118,1083.00000000,0
1531212303031,1531212303027,3973968,0.00001118,315.00000000,0
1531212303031,1531212303027,3973969,0.00001120,768.00000000,0
1531212330244,1531212330240,3973970,0.00001118,5.00000000,1
1531212335779,1531212335777,3973971,0.00001118,16.00000000,1
1531212340659,1531212340655,3973972,0.00001118,18.00000000,1
1531212345082,1531212345079,3973973,0.00001120,27607.00000000,0
1531212354260,1531212354258,3973974,0.00001118,1793.00000000,1
1531212354265,1531212354261,3973975,0.00001118,668.00000000,1
1531212377424,1531212377420,3973976,0.00001117,13.00000000,1
1531212400694,1531212400690,3973977,0.00001117,6.00000000,1
1531212435102,1531212435097,3973978,0.00001117,18553.00000000,1
1531212445210,1531212445205,3973979,0.00001116,3799.00000000,1
1531212447980,1531212447976,3973980,0.00001114,19.00000000,1
1531212464327,1531212464321,3973981,0.00001115,8.00000000,1
1531212465965,1531212465961,3973982,0.00001115,18545.00000000,1
1531212465965,1531212465961,3973983,0.00001114,5245.00000000,1
1531212465965,1531212465961,3973984,0.00001113,6310.00000000,1
1531212478121,1531212478117,3973985,0.00001113,1135.00000000,1
1531212503773,1531212503769,3973986,0.00001113,6370.00000000,1
1531212512579,1531212512574,3973987,0.00001114,1.00000000,1
1531212514091,1531212514087,3973988,0.00001114,5245.00000000,1
1531212526773,1531212526770,3973989,0.00001114,7254.00000000,1
1531212526845,1531212526840,3973990,0.00001114,1090.00000000,0
1531212532043,1531212532039,3973991,0.00001113,3786.00000000,1
1531212535082,1531212535077,3973992,0.00001114,1090.00000000,0
1531212541168,1531212541163,3973993,0.00001114,1090.00000000,0
1531212544575,1531212544571,3973994,0.00001114,1090.00000000,0
1531212547984,1531212547979,3973995,0.00001114,1090.00000000,0
1531212550277,1531212550272,3973996,0.00001114,300.00000000,0
1531212550288,1531212550283,3973997,0.00001114,300.00000000,0
1531212550309,1531212550304,3973998,0.00001114,110.00000000,0
1531212550370,1531212550366,3973999,0.00001114,441.00000000,0
1531212552460,1531212552455,3974000,0.00001114,1090.00000000,0
1531212555119,1531212555114,3974001,0.00001114,1090.00000000,0
1531212559505,1531212559499,3974002,0.00001114,1090.00000000,0
1531212563964,1531212563960,3974003,0.00001114,1090.00000000,0
1531212566827,1531212566822,3974004,0.00001113,27.00000000,1
1531212568358,1531212568353,3974005,0.00001114,1090.00000000,0
1531212572696,1531212572692,3974006,0.00001114,1090.00000000,0
1531212576883,1531212576877,3974007,0.00001114,1090.00000000,0
1531212580797,1531212580792,3974008,0.00001114,1090.00000000,0
1531212597871,1531212597868,3974009,0.00001114,13943.00000000,0
1531212615549,1531212615546,3974010,0.00001114,1090.00000000,0
1531212632098,1531212632094,3974011,0.00001113,2.00000000,1
1531212643258,1531212643256,3974012,0.00001113,10.00000000,1
1531212646030,1531212646028,3974013,0.00001112,1113.00000000,1
1531212654011,1531212654007,3974014,0.00001113,3990.00000000,0
1531212658593,1531212658589,3974015,0.00001113,413.00000000,1
1531212718953,1531212718950,3974016,0.00001113,91.00000000,1
1531212731535,1531212731532,3974017,0.00001114,6270.00000000,0
1531212752800,1531212752796,3974018,0.00001113,30.00000000,1
1531212775533,1531212775530,3974019,0.00001113,1835.00000000,1
1531212777503,1531212777499,3974020,0.00001113,200.00000000,0
1531212784453,1531212784449,3974021,0.00001113,314.00000000,0
1531212789313,1531212789309,3974022,0.00001114,139.00000000,0
1531212797804,1531212797802,3974023,0.00001114,7808.00000000,0
1531212800408,1531212800403,3974024,0.00001115,8552.00000000,0
1531212800741,1531212800737,3974025,0.00001117,29.00000000,0
1531212800800,1531212800796,3974026,0.00001117,43.00000000,0
1531212800979,1531212800974,3974027,0.00001117,43.00000000,0
1531212801080,1531212801076,3974028,0.00001117,151.00000000,0
1531212801162,1531212801158,3974029,0.00001117,37.00000000,0
1531212801209,1531212801203,3974030,0.00001117,32.00000000,0
1531212801295,1531212801291,3974031,0.00001117,123.00000000,0
1531212801451,1531212801446,3974032,0.00001117,23.00000000,0
1531212801551,1531212801547,3974033,0.00001117,185.00000000,0
1531212811381,1531212811378,3974034,0.00001113,203.00000000,1
1531212812425,1531212812421,3974035,0.00001117,42705.00000000,0
1531212826139,1531212826135,3974036,0.00001117,16005.00000000,0
1531212836576,1531212836570,3974037,0.00001114,2.00000000,1
1531212881074,1531212881069,3974038,0.00001114,5.00000000,1
1531212893945,1531212893942,3974039,0.00001117,2786.00000000,0
1531212904859,1531212904856,3974040,0.00001117,4887.00000000,0
1531212915382,1531212915378,3974041,0.00001114,6517.00000000,1
1531212915410,1531212915407,3974042,0.00001114,155.00000000,0
1531212915428,1531212915424,3974043,0.00001114,155.00000000,0
1531212915858,1531212915853,3974044,0.00001114,3173.00000000,0
1531212922248,1531212922245,3974045,0.00001117,2010.00000000,0
1531212927849,1531212927844,3974046,0.00001117,9994.00000000,0
1531212930753,1531212930747,3974047,0.00001118,2438.00000000,0
1531212933935,1531212933931,3974048,0.00001118,4800.00000000,0
1531212937413,1531212937409,3974049,0.00001120,8903.00000000,0
1531212942758,1531212942753,3974050,0.00001119,139.00000000,1
1531212948653,1531212948648,3974051,0.00001122,1157.00000000,0
1531212948654,1531212948648,3974052,0.00001123,3065.00000000,0
1531212948654,1531212948648,3974053,0.00001124,268.00000000,0
1531212952106,1531212952103,3974054,0.00001124,1000.00000000,0
1531212952402,1531212952397,3974055,0.00001119,123.00000000,1
1531212952691,1531212952686,3974056,0.00001124,24.00000000,0
1531212953165,1531212953161,3974057,0.00001120,28.00000000,1
1531212953865,1531212953861,3974058,0.00001120,43.00000000,1
1531212954499,1531212954493,3974059,0.00001120,22.00000000,1
1531212954965,1531212954961,3974060,0.00001120,55.00000000,1
1531212955329,1531212955325,3974061,0.00001120,32.00000000,1
1531212955912,1531212955908,3974062,0.00001120,23.00000000,1
1531212956541,1531212956535,3974063,0.00001118,42.00000000,1
1531212957298,1531212957294,3974064,0.00001118,22.00000000,1
1531212957563,1531212957559,3974065,0.00001118,95.00000000,1
1531212958254,1531212958249,3974066,0.00001119,33.00000000,1
1531212958756,1531212958750,3974067,0.00001119,28.00000000,1
1531212959462,1531212959458,3974068,0.00001118,41.00000000,1
1531212959956,1531212959952,3974069,0.00001118,35.00000000,1
1531212960250,1531212960246,3974070,0.00001118,61.00000000,1
1531212960868,1531212960863,3974071,0.00001118,72.00000000,1
1531212961352,1531212961348,3974072,0.00001119,31.00000000,1
1531212961993,1531212961988,3974073,0.00001118,41.00000000,1
1531212962553,1531212962547,3974074,0.00001118,32.00000000,1
1531212962921,1531212962917,3974075,0.00001118,31.00000000,1
1531212963091,1531212963088,3974076,0.00001118,33.00000000,1
1531212963600,1531212963595,3974077,0.00001118,26.00000000,1
1531212964139,1531212964136,3974078,0.00001119,185.00000000,1
1531212964700,1531212964697,3974079,0.00001119,31.00000000,1
1531212965369,1531212965364,3974080,0.00001118,26.00000000,1
1531212965817,1531212965813,3974081,0.00001118,21.00000000,1
1531212966442,1531212966437,3974082,0.00001118,299.00000000,1
1531212967082,1531212967078,3974083,0.00001118,38.00000000,1
1531212967633,1531212967629,3974084,0.00001118,44.00000000,1
1531212968196,1531212968190,3974085,0.00001118,37.00000000,1
1531212968732,1531212968728,3974086,0.00001118,28.00000000,1
1531212969358,1531212969354,3974087,0.00001118,20.00000000,1
1531212969834,1531212969829,3974088,0.00001120,120.00000000,1
1531212969863,1531212969859,3974089,0.00001119,122.00000000,0
1531212969888,1531212969883,3974090,0.00001119,122.00000000,0
1531212969957,1531212969952,3974091,0.00001118,48.00000000,1
1531212970418,1531212970414,3974092,0.00001118,89.00000000,1
1531212970914,1531212970909,3974093,0.00001118,47.00000000,1
1531212971629,1531212971627,3974094,0.00001118,49.00000000,1
1531212972266,1531212972260,3974095,0.00001117,27.00000000,1
1531212973294,1531212973288,3974096,0.00001117,73.00000000,1
1531212973678,1531212973673,3974097,0.00001117,37.00000000,1
1531212974158,1531212974154,3974098,0.00001118,52.00000000,1
1531212974952,1531212974947,3974099,0.00001118,216.00000000,1
1531212975130,1531212975125,3974100,0.00001118,81.00000000,1
1531212975520,1531212975515,3974101,0.00001118,65.00000000,1
1531212978856,1531212978851,3974102,0.00001118,4436.00000000,1
1531212978873,1531212978868,3974103,0.00001118,257.00000000,0
1531212978876,1531212978872,3974104,0.00001118,197.00000000,0
1531212978877,1531212978872,3974105,0.00001119,89.00000000,0
1531212980159,1531212980154,3974106,0.00001117,4.00000000,1
1531212993757,1531212993753,3974107,0.00001121,712.00000000,0
1531212995484,1531212995479,3974108,0.00001122,735.00000000,0
1531212996564,1531212996559,3974109,0.00001119,200.00000000,0
1531212996572,1531212996568,3974110,0.00001122,1719.00000000,0
1531212996583,1531212996579,3974111,0.00001122,1718.00000000,0
1531212998881,1531212998877,3974112,0.00001122,1130.00000000,0
1531213072404,1531213072400,3974113,0.00001119,100.00000000,1
1531213080000,1531213079995,3974114,0.00001121,2.00000000,0
1531213111871,1531213111866,3974115,0.00001119,3477.00000000,1
1531213145394,1531213145388,3974116,0.00001118,1.00000000,1
1531213203577,1531213203572,3974117,0.00001120,9.00000000,0
1531213226249,1531213226244,3974118,0.00001118,3.00000000,1
1531213226339,1531213226334,3974119,0.00001118,4001.00000000,1
1531213260469,1531213260464,3974120,0.00001117,7.00000000,1
1531213311501,1531213311496,3974121,0.00001117,879.00000000,1
1531213312844,1531213312839,3974122,0.00001120,1.00000000,0
1531213317341,1531213317334,3974123,0.00001117,1516.00000000,1
1531213317341,1531213317334,3974124,0.00001116,3334.00000000,1
1531213332511,1531213332507,3974125,0.00001119,5.00000000,0
1531213342451,1531213342447,3974126,0.00001119,2.00000000,0
1531213365677,1531213365672,3974127,0.00001117,10.00000000,0
1531213374899,1531213374895,3974128,0.00001116,567.00000000,1
1531213380538,1531213380533,3974129,0.00001116,90.00000000,1
1531213388385,1531213388382,3974130,0.00001116,1796.00000000,1
1531213405363,1531213405359,3974131,0.00001116,114.00000000,1
1531213409440,1531213409436,3974132,0.00001117,1.00000000,0
1531213453982,1531213453980,3974133,0.00001117,4.00000000,0
1531213471735,1531213471730,3974134,0.00001117,1500.00000000,0
1531213488765,1531213488760,3974135,0.00001116,119.00000000,1
1531213489859,1531213489855,3974136,0.00001116,39.00000000,0
1531213511105,1531213511101,3974137,0.00001116,2076.00000000,0
1531213511417,1531213511414,3974138,0.00001116,1000.00000000,0
1531213545219,1531213545216,3974139,0.00001116,611.00000000,0
1531213556423,1531213556418,3974140,0.00001116,351.00000000,0
1531213569201,1531213569196,3974141,0.00001115,20013.00000000,1
1531213569201,1531213569196,3974142,0.00001114,610.00000000,1
1531213569201,1531213569196,3974143,0.00001113,34763.00000000,1
1531213587114,1531213587110,3974144,0.00001116,908.00000000,0
1531213605427,1531213605422,3974145,0.00001116,2.00000000,0
1531213605427,1531213605422,3974146,0.00001117,175.00000000,0
1531213615997,1531213615993,3974147,0.00001117,2.00000000,0
1531213622148,1531213622145,3974148,0.00001117,3.00000000,0
1531213642018,1531213642012,3974149,0.00001117,3011.00000000,0
1531213642870,1531213642865,3974150,0.00001117,1807.00000000,0
1531213642870,1531213642865,3974151,0.00001118,3043.00000000,0
1531213674569,1531213674566,3974152,0.00001119,1.00000000,0
1531213707005,1531213707001,3974153,0.00001119,4020.00000000,0
1531213788003,1531213787999,3974154,0.00001116,3587.00000000,1
1531213790022,1531213790019,3974155,0.00001116,1755.00000000,1
1531213792003,1531213791999,3974156,0.00001116,877.00000000,1
1531213793022,1531213793016,3974157,0.00001115,26979.00000000,1
1531213811810,1531213811806,3974158,0.00001117,1.00000000,0
1531213814112,1531213814107,3974159,0.00001117,1729.00000000,0
1531213818629,1531213818625,3974160,0.00001114,3.00000000,1
1531213830841,1531213830837,3974161,0.00001117,1.00000000,0
1531213843337,1531213843330,3974162,0.00001117,513.00000000,0
1531213850576,1531213850572,3974163,0.00001114,91.00000000,1
1531213857157,1531213857152,3974164,0.00001116,800.00000000,1
1531213883260,1531213883254,3974165,0.00001115,11198.00000000,1
1531213883260,1531213883254,3974166,0.00001114,31018.00000000,1
1531213883288,1531213883283,3974167,0.00001114,609.00000000,0
1531213883824,1531213883818,3974168,0.00001114,611.00000000,0
1531213883975,1531213883970,3974169,0.00001114,248.00000000,0
1531213884229,1531213884224,3974170,0.00001114,155.00000000,0
1531213884277,1531213884271,3974171,0.00001114,857.00000000,0
1531213888118,1531213888113,3974172,0.00001114,517.00000000,0
1531213917683,1531213917678,3974173,0.00001114,4616.00000000,0
1531213921248,1531213921243,3974174,0.00001113,4908.00000000,1
1531213930477,1531213930473,3974175,0.00001114,149.00000000,0
1531213932167,1531213932163,3974176,0.00001113,35237.00000000,1
1531213933480,1531213933475,3974177,0.00001114,1.00000000,0
1531213934007,1531213934003,3974178,0.00001113,11503.00000000,1
1531213935004,1531213934998,3974179,0.00001114,15.00000000,0
1531213964240,1531213964237,3974180,0.00001114,27.00000000,0
1531213972879,1531213972876,3974181,0.00001113,273.00000000,1
1531213975483,1531213975478,3974182,0.00001113,2702.00000000,1
1531213979677,1531213979672,3974183,0.00001114,33.00000000,0
1531213979677,1531213979672,3974184,0.00001116,14.00000000,0
1531213989303,1531213989299,3974185,0.00001113,5416.00000000,1
1531214000285,1531214000281,3974186,0.00001116,1904.00000000,0
1531214007031,1531214007022,3974187,0.00001114,90.00000000,1
1531214007031,1531214007022,3974188,0.00001113,5352.00000000,1
1531214007031,1531214007022,3974189,0.00001112,58333.00000000,1
1531214007031,1531214007022,3974190,0.00001111,1560.00000000,1
1531214007031,1531214007022,3974191,0.00001110,17087.00000000,1
1531214007044,1531214007041,3974192,0.00001110,6304.00000000,0
1531214007059,1531214007055,3974193,0.00001110,155.00000000,0
1531214007081,1531214007076,3974194,0.00001110,155.00000000,0
1531214007085,1531214007079,3974195,0.00001110,2419.00000000,0
1531214007093,1531214007087,3974196,0.00001110,2805.00000000,0
1531214007096,1531214007092,3974197,0.00001110,1096.00000000,0
1531214007113,1531214007108,3974198,0.00001110,2701.00000000,0
1531214007968,1531214007964,3974199,0.00001110,1285.00000000,0
1531214010182,1531214010177,3974200,0.00001110,201.00000000,0
1531214010485,1531214010481,3974201,0.00001110,65.00000000,0
1531214010574,1531214010569,3974202,0.00001109,19.00000000,1
1531214010602,1531214010597,3974203,0.00001109,15.00000000,1
1531214016226,1531214016222,3974204,0.00001110,28.00000000,0
1531214019557,1531214019552,3974205,0.00001110,1174.00000000,0
1531214019713,1531214019709,3974206,0.00001110,4202.00000000,0
1531214020256,1531214020251,3974207,0.00001109,3985.00000000,1
1531214020342,1531214020338,3974208,0.00001109,93.00000000,0
1531214020359,1531214020354,3974209,0.00001109,689.00000000,0
1531214020359,1531214020355,3974210,0.00001109,93.00000000,0
1531214021258,1531214021255,3974211,0.00001109,7.00000000,0
1531214021539,1531214021536,3974212,0.00001109,902.00000000,0
1531214022480,1531214022475,3974213,0.00001109,1097.00000000,0
1531214025510,1531214025505,3974214,0.00001109,836.00000000,0
1531214031845,1531214031840,3974215,0.00001108,100.00000000,1
1531214032002,1531214031997,3974216,0.00001109,836.00000000,0
1531214036595,1531214036590,3974217,0.00001109,1374.00000000,0
1531214037629,1531214037624,3974218,0.00001109,650.00000000,0
1531214037679,1531214037675,3974219,0.00001109,532.00000000,0
1531214037679,1531214037675,3974220,0.00001110,40571.00000000,0
1531214041295,1531214041290,3974221,0.00001110,22879.00000000,0
1531214041661,1531214041656,3974222,0.00001108,221.00000000,1
1531214044581,1531214044576,3974223,0.00001109,271.00000000,0
1531214044581,1531214044576,3974224,0.00001110,3857.00000000,0
1531214045069,1531214045064,3974225,0.00001108,136.00000000,1
1531214045349,1531214045344,3974226,0.00001110,1362.00000000,0
1531214049453,1531214049448,3974227,0.00001110,4128.00000000,0
1531214052870,1531214052866,3974228,0.00001108,92.00000000,1
1531214053540,1531214053536,3974229,0.00001108,183.00000000,1
1531214073957,1531214073954,3974230,0.00001108,92.00000000,1
1531214074024,1531214074020,3974231,0.00001108,274.00000000,1
1531214074430,1531214074426,3974232,0.00001108,92.00000000,1
1531214074488,1531214074486,3974233,0.00001110,324.00000000,0
1531214074756,1531214074753,3974234,0.00001108,174.00000000,1
1531214077504,1531214077500,3974235,0.00001110,1.00000000,0
1531214083738,1531214083734,3974236,0.00001108,11844.00000000,1
1531214083738,1531214083734,3974237,0.00001107,2741.00000000,1
1531214085177,1531214085173,3974238,0.00001110,22.00000000,0
1531214091699,1531214091696,3974239,0.00001110,4.00000000,0
1531214105039,1531214105034,3974240,0.00001108,945.00000000,1
1531214114358,1531214114353,3974241,0.00001108,294.00000000,1
1531214114503,1531214114497,3974242,0.00001108,29640.00000000,0
1531214116694,1531214116688,3974243,0.00001108,1228.00000000,0
1531214117129,1531214117126,3974244,0.00001108,9880.00000000,0
1531214120129,1531214120124,3974245,0.00001108,9880.00000000,0
1531214123188,1531214123185,3974246,0.00001108,9880.00000000,0
1531214123731,1531214123726,3974247,0.00001108,22.00000000,0
1531214124220,1531214124216,3974248,0.00001108,12.00000000,0
1531214126489,1531214126485,3974249,0.00001108,1098.00000000,0
1531214129749,1531214129745,3974250,0.00001108,1098.00000000,0
1531214132367,1531214132364,3974251,0.00001108,1098.00000000,0
1531214135126,1531214135121,3974252,0.00001108,1098.00000000,0
1531214140225,1531214140220,3974253,0.00001108,2812.00000000,0
1531214142355,1531214142350,3974254,0.00001108,7.00000000,0
1531214158873,1531214158868,3974255,0.00001108,16.00000000,0
1531214160196,1531214160192,3974256,0.00001108,149.00000000,0
1531214161873,1531214161868,3974257,0.00001108,1.00000000,0
1531214164897,1531214164894,3974258,0.00001107,100.00000000,1
1531214164964,1531214164960,3974259,0.00001107,181.00000000,1
1531214165174,1531214165169,3974260,0.00001108,226.00000000,0
1531214180977,1531214180973,3974261,0.00001107,12.00000000,1
1531214187632,1531214187626,3974262,0.00001107,8139.00000000,1
1531214198575,1531214198571,3974263,0.00001108,1297.00000000,0
1531214203489,1531214203485,3974264,0.00001107,363.00000000,1
1531214203699,1531214203696,3974265,0.00001107,454.00000000,1
1531214204367,1531214204362,3974266,0.00001107,136.00000000,1
1531214208036,1531214208033,3974267,0.00001107,116.00000000,1
1531214222579,1531214222574,3974268,0.00001108,2.00000000,0
1531214240219,1531214240210,3974269,0.00001108,16007.00000000,0
1531214240219,1531214240210,3974270,0.00001109,469.00000000,0
1531214240219,1531214240210,3974271,0.00001110,2739.00000000,0
1531214240219,1531214240210,3974272,0.00001111,45335.00000000,0
1531214240219,1531214240210,3974273,0.00001112,90.00000000,0
1531214240219,1531214240210,3974274,0.00001113,11953.00000000,0
1531214240219,1531214240210,3974275,0.00001114,10665.00000000,0
1531214240219,1531214240210,3974276,0.00001115,2703.00000000,0
1531214240219,1531214240210,3974277,0.00001116,49020.00000000,0
1531214240219,1531214240210,3974278,0.00001117,5316.00000000,0
1531214240778,1531214240773,3974279,0.00001110,1094.00000000,1
1531214240798,1531214240791,3974280,0.00001115,4850.00000000,0
1531214241459,1531214241456,3974281,0.00001110,594.00000000,1
1531214242218,1531214242215,3974282,0.00001113,14.00000000,0
1531214245097,1531214245092,3974283,0.00001110,62.00000000,0
1531214245154,1531214245149,3974284,0.00001110,43.00000000,0
1531214245214,1531214245210,3974285,0.00001110,38.00000000,0
1531214245356,1531214245351,3974286,0.00001110,32.00000000,0
1531214245429,1531214245424,3974287,0.00001110,21.00000000,0
1531214245486,1531214245482,3974288,0.00001110,49.00000000,0
1531214245534,1531214245531,3974289,0.00001110,126.00000000,0
1531214245732,1531214245728,3974290,0.00001110,43.00000000,0
1531214245810,1531214245806,3974291,0.00001111,71.00000000,0
1531214245819,1531214245815,3974292,0.00001111,30.00000000,0
1531214245857,1531214245852,3974293,0.00001111,39.00000000,0
1531214246066,1531214246063,3974294,0.00001111,28.00000000,0
1531214246111,1531214246108,3974295,0.00001109,200.00000000,1
1531214246164,1531214246159,3974296,0.00001111,31.00000000,0
1531214246175,1531214246172,3974297,0.00001111,55.00000000,0
1531214246207,1531214246204,3974298,0.00001109,300.00000000,1
1531214246217,1531214246213,3974299,0.00001109,48.00000000,1
1531214246226,1531214246220,3974300,0.00001109,31.00000000,0
1531214246269,1531214246263,3974301,0.00001109,185.00000000,0
1531214246314,1531214246309,3974302,0.00001108,235.00000000,1
1531214246336,1531214246332,3974303,0.00001109,33.00000000,0
1531214246438,1531214246435,3974304,0.00001108,294.00000000,1
1531214246467,1531214246462,3974305,0.00001109,3.00000000,0
1531214246467,1531214246462,3974306,0.00001111,20.00000000,0
1531214246541,1531214246536,3974307,0.00001108,22.00000000,0
1531214246671,1531214246667,3974308,0.00001108,28.00000000,0
1531214246826,1531214246822,3974309,0.00001108,123.00000000,0
1531214246921,1531214246917,3974310,0.00001108,48.00000000,0
1531214247004,1531214247001,3974311,0.00001108,33.00000000,0
1531214247048,1531214247044,3974312,0.00001108,40.00000000,0
1531214247048,1531214247044,3974313,0.00001112,302.00000000,0
1531214247201,1531214247198,3974314,0.00001112,28.00000000,0
1531214247253,1531214247249,3974315,0.00001112,106.00000000,0
1531214247289,1531214247285,3974316,0.00001112,19.00000000,0
1531214247438,1531214247434,3974317,0.00001112,88.00000000,0
1531214247490,1531214247488,3974318,0.00001112,26.00000000,0
1531214247749,1531214247745,3974319,0.00001107,166.00000000,1
1531214248122,1531214248118,3974320,0.00001112,4281.00000000,0
1531214248135,1531214248131,3974321,0.00001113,8016.00000000,1
1531214249272,1531214249268,3974322,0.00001111,36.00000000,0
1531214249458,1531214249454,3974323,0.00001111,20.00000000,0
1531214249523,1531214249518,3974324,0.00001111,26.00000000,0
1531214249722,1531214249718,3974325,0.00001111,38.00000000,0
1531214249797,1531214249794,3974326,0.00001111,98.00000000,0
1531214249923,1531214249919,3974327,0.00001111,83.00000000,0
1531214249969,1531214249964,3974328,0.00001114,65.00000000,0
1531214250171,1531214250167,3974329,0.00001114,79.00000000,0
1531214250231,1531214250226,3974330,0.00001114,49.00000000,0
1531214250312,1531214250308,3974331,0.00001114,18.00000000,0
1531214250358,1531214250354,3974332,0.00001114,42.00000000,0
1531214250441,1531214250437,3974333,0.00001114,40.00000000,0
1531214250504,1531214250499,3974334,0.00001114,49.00000000,0
1531214250557,1531214250553,3974335,0.00001114,175.00000000,0
1531214250714,1531214250710,3974336,0.00001114,12.00000000,0
1531214250714,1531214250710,3974337,0.00001115,23.00000000,0
1531214250848,1531214250844,3974338,0.00001115,40.00000000,0
1531214250910,1531214250905,3974339,0.00001115,41.00000000,0
1531214250918,1531214250913,3974340,0.00001115,39.00000000,0
1531214250990,1531214250986,3974341,0.00001115,49.00000000,0
1531214251049,1531214251044,3974342,0.00001115,71.00000000,0
1531214251097,1531214251092,3974343,0.00001115,62.00000000,0
1531214251311,1531214251307,3974344,0.00001110,98.00000000,0
1531214251353,1531214251350,3974345,0.00001110,21.00000000,0
1531214251385,1531214251380,3974346,0.00001110,594.00000000,0
1531214251435,1531214251430,3974347,0.00001110,122.00000000,0
1531214251499,1531214251494,3974348,0.00001110,51.00000000,0
1531214251633,1531214251628,3974349,0.00001110,287.00000000,0
1531214251854,1531214251849,3974350,0.00001110,23.00000000,0
1531214251936,1531214251931,3974351,0.00001110,33.00000000,0
1531214251978,1531214251974,3974352,0.00001110,32.00000000,0
1531214252034,1531214252029,3974353,0.00001110,26.00000000,0
1531214252141,1531214252137,3974354,0.00001110,89.00000000,0
1531214252406,1531214252402,3974355,0.00001110,25.00000000,0
1531214252492,1531214252489,3974356,0.00001110,70.00000000,0
1531214252545,1531214252541,3974357,0.00001110,35.00000000,0
1531214252595,1531214252590,3974358,0.00001110,22.00000000,0
1531214252641,1531214252635,3974359,0.00001110,60.00000000,0
1531214252877,1531214252872,3974360,0.00001110,137.00000000,0
1531214252960,1531214252955,3974361,0.00001110,37.00000000,0
1531214253218,1531214253212,3974362,0.00001110,115.00000000,0
1531214253255,1531214253251,3974363,0.00001110,20.00000000,0
1531214253313,1531214253308,3974364,0.00001110,93.00000000,0
1531214253317,1531214253314,3974365,0.00001110,66.00000000,0
1531214253359,1531214253353,3974366,0.00001110,45.00000000,0
1531214253424,1531214253420,3974367,0.00001110,196.00000000,0
1531214253478,1531214253474,3974368,0.00001110,41.00000000,0
1531214253673,1531214253670,3974369,0.00001110,101.00000000,0
1531214253769,1531214253765,3974370,0.00001110,23.00000000,0
1531214253853,1531214253849,3974371,0.00001110,41.00000000,0
1531214253915,1531214253910,3974372,0.00001110,43.00000000,0
1531214253966,1531214253961,3974373,0.00001110,34.00000000,0
1531214254043,1531214254037,3974374,0.00001110,57.00000000,0
1531214254275,1531214254271,3974375,0.00001110,43.00000000,0
1531214254356,1531214254352,3974376,0.00001110,325.00000000,0
1531214254771,1531214254767,3974377,0.00001109,594.00000000,1
1531214256153,1531214256148,3974378,0.00001110,65.00000000,0
1531214256282,1531214256278,3974379,0.00001110,52.00000000,0
1531214256321,1531214256317,3974380,0.00001110,37.00000000,0
1531214256363,1531214256360,3974381,0.00001110,81.00000000,0
1531214256470,1531214256466,3974382,0.00001110,299.00000000,0
1531214256562,1531214256558,3974383,0.00001110,22.00000000,0
1531214256609,1531214256603,3974384,0.00001110,32.00000000,0
1531214256746,1531214256741,3974385,0.00001110,48.00000000,0
1531214256834,1531214256829,3974386,0.00001110,41.00000000,0
1531214256881,1531214256877,3974387,0.00001110,28.00000000,0
1531214256991,1531214256986,3974388,0.00001110,95.00000000,0
1531214257039,1531214257035,3974389,0.00001110,21.00000000,0
1531214257083,1531214257079,3974390,0.00001110,89.00000000,0
1531214257233,1531214257229,3974391,0.00001110,47.00000000,0
1531214257396,1531214257391,3974392,0.00001110,49.00000000,0
1531214257451,1531214257448,3974393,0.00001110,20.00000000,0
1531214257529,1531214257526,3974394,0.00001110,44.00000000,0
1531214257586,1531214257583,3974395,0.00001110,38.00000000,0
1531214257633,1531214257627,3974396,0.00001110,26.00000000,0
1531214257712,1531214257708,3974397,0.00001110,26.00000000,0
1531214257861,1531214257856,3974398,0.00001110,33.00000000,0
1531214257952,1531214257950,3974399,0.00001110,72.00000000,0
1531214258076,1531214258073,3974400,0.00001110,35.00000000,0
1531214258117,1531214258113,3974401,0.00001110,41.00000000,0
1531214258142,1531214258137,3974402,0.00001110,42.00000000,0
1531214258328,1531214258324,3974403,0.00001110,95.00000000,0
1531214265365,1531214265362,3974404,0.00001109,3773.00000000,1
1531214270460,1531214270457,3974405,0.00001109,2686.00000000,1
1531214271026,1531214271021,3974406,0.00001109,6951.00000000,0
1531214280099,1531214280094,3974407,0.00001110,67.00000000,0
1531214283432,1531214283429,3974408,0.00001109,994.00000000,1
1531214284704,1531214284700,3974409,0.00001108,591.00000000,1
1531214295425,1531214295421,3974410,0.00001108,92.00000000,1
1531214297166,1531214297160,3974411,0.00001109,1097.00000000,0
1531214299476,1531214299473,3974412,0.00001108,1.00000000,1
1531214303793,1531214303788,3974413,0.00001109,1097.00000000,0
1531214306751,1531214306747,3974414,0.00001109,39.00000000,0
1531214307702,1531214307677,3974415,0.00001109,1097.00000000,0
1531214310354,1531214310351,3974416,0.00001109,50.00000000,0
1531214315188,1531214315185,3974417,0.00001109,3291.00000000,0
1531214319080,1531214319077,3974418,0.00001109,3291.00000000,0
1531214323016,1531214323012,3974419,0.00001109,3291.00000000,0
1531214328120,1531214328115,3974420,0.00001109,8115.00000000,0
1531214328129,1531214328124,3974421,0.00001109,8115.00000000,0
1531214329091,1531214329085,3974422,0.00001108,51.00000000,1
1531214329828,1531214329824,3974423,0.00001108,500.00000000,1
1531214333424,1531214333418,3974424,0.00001108,2456.00000000,1
1531214333521,1531214333517,3974425,0.00001108,2708.00000000,0
1531214333528,1531214333524,3974426,0.00001108,903.00000000,0
1531214333528,1531214333524,3974427,0.00001108,2708.00000000,0
1531214337614,1531214337611,3974428,0.00001107,1806.00000000,1
1531214339669,1531214339666,3974429,0.00001107,2000.00000000,1
1531214342137,1531214342132,3974430,0.00001108,2708.00000000,0
1531214342172,1531214342168,3974431,0.00001108,903.00000000,0
1531214366130,1531214366127,3974432,0.00001107,2207.00000000,1
1531214373387,1531214373383,3974433,0.00001110,33.00000000,0
1531214374534,1531214374530,3974434,0.00001107,1850.00000000,1
1531214374836,1531214374830,3974435,0.00001110,146.00000000,0
1531214374869,1531214374866,3974436,0.00001110,40316.00000000,0
1531214374901,1531214374897,3974437,0.00001110,179.00000000,1
1531214381901,1531214381897,3974438,0.00001111,48.00000000,0
1531214394906,1531214394903,3974439,0.00001109,759.00000000,1
1531214394935,1531214394930,3974440,0.00001109,593.00000000,1
1531214408241,1531214408236,3974441,0.00001111,13.00000000,0
1531214409934,1531214409928,3974442,0.00001109,37263.00000000,1
1531214409934,1531214409928,3974443,0.00001108,8026.00000000,1
1531214420671,1531214420667,3974444,0.00001108,41974.00000000,1
1531214420671,1531214420667,3974445,0.00001107,3315.00000000,1
1531214425997,1531214425991,3974446,0.00001107,13873.00000000,1
1531214425997,1531214425991,3974447,0.00001106,24573.00000000,1
1531214425997,1531214425991,3974448,0.00001105,6843.00000000,1
1531214425997,1531214425991,3974449,0.00001105,1100.00000000,1
1531214425998,1531214425991,3974450,0.00001105,2739.00000000,1
1531214425998,1531214425991,3974451,0.00001105,3953.00000000,1
1531214427198,1531214427195,3974452,0.00001105,19.00000000,1
1531214427315,1531214427311,3974453,0.00001105,16.00000000,1
1531214427540,1531214427535,3974454,0.00001105,6.00000000,1
1531214429597,1531214429589,3974455,0.00001106,597.00000000,1
1531214429597,1531214429589,3974456,0.00001105,7953.00000000,1
1531214429597,1531214429589,3974457,0.00001104,994.00000000,1
1531214429613,1531214429609,3974458,0.00001104,20021.00000000,0
1531214429655,1531214429621,3974459,0.00001104,640.00000000,0
1531214429655,1531214429632,3974460,0.00001104,723.00000000,0
1531214429655,1531214429635,3974461,0.00001104,640.00000000,0
1531214429655,1531214429643,3974462,0.00001104,593.00000000,0
1531214429655,1531214429650,3974463,0.00001104,7691.00000000,0
1531214429655,1531214429650,3974464,0.00001104,2831.00000000,0
1531214429668,1531214429666,3974465,0.00001104,2606.00000000,0
1531214431909,1531214431905,3974466,0.00001110,1.00000000,0
1531214442695,1531214442691,3974467,0.00001108,17.00000000,0
1531214443793,1531214443788,3974468,0.00001107,2.00000000,0
1531214445181,1531214445177,3974469,0.00001105,2717.00000000,1
1531214445181,1531214445177,3974470,0.00001104,17497.00000000,1
1531214445181,1531214445177,3974471,0.00001103,25240.00000000,1
1531214445507,1531214445502,3974472,0.00001106,294.00000000,0
1531214445548,1531214445544,3974473,0.00001106,285.00000000,0
1531214446931,1531214446928,3974474,0.00001106,9.00000000,1
1531214447990,1531214447986,3974475,0.00001103,115.00000000,1
1531214448895,1531214448889,3974476,0.00001106,33.00000000,0
1531214449751,1531214449747,3974477,0.00001106,125.00000000,0
1531214449751,1531214449747,3974478,0.00001108,4632.00000000,0
1531214449751,1531214449747,3974479,0.00001109,3685.00000000,0
1531214449751,1531214449747,3974480,0.00001110,1034.00000000,0
1531214456446,1531214456443,3974481,0.00001109,67.00000000,0
1531214458141,1531214458137,3974482,0.00001104,275.00000000,1
1531214459300,1531214459295,3974483,0.00001104,448.00000000,1
1531214459300,1531214459295,3974484,0.00001103,9562.00000000,1
1531214459356,1531214459354,3974485,0.00001103,28433.00000000,1
1531214459356,1531214459354,3974486,0.00001102,17021.00000000,1
1531214463145,1531214463141,3974487,0.00001104,574.00000000,1
1531214463859,1531214463856,3974488,0.00001103,17529.00000000,1
1531214463859,1531214463856,3974489,0.00001102,27925.00000000,1
1531214465051,1531214465046,3974490,0.00001104,2503.00000000,1
1531214465229,1531214465225,3974491,0.00001102,16.00000000,1
1531214465274,1531214465269,3974492,0.00001102,19.00000000,1
1531214467200,1531214467196,3974493,0.00001102,919.00000000,1
1531214467329,1531214467323,3974494,0.00001101,4089.00000000,1
1531214467329,1531214467323,3974495,0.00001100,41365.00000000,1
1531214467329,1531214467323,3974496,0.00001100,272.00000000,1
1531214467373,1531214467369,3974497,0.00001103,17041.00000000,0
1531214467373,1531214467369,3974498,0.00001106,1018.00000000,0
1531214469454,1531214469450,3974499,0.00001104,574.00000000,0
1531214469454,1531214469450,3974500,0.00001105,1266.00000000,0
1531214469454,1531214469450,3974501,0.00001106,1418.00000000,0
1531214470046,1531214470042,3974502,0.00001100,6953.00000000,1
1531214471362,1531214471357,3974503,0.00001101,576.00000000,1
1531214471362,1531214471357,3974504,0.00001100,44878.00000000,1
1531214471778,1531214471774,3974505,0.00001106,1436.00000000,0
1531214471935,1531214471928,3974506,0.00001100,116885.00000000,1
1531214471935,1531214471928,3974507,0.00001099,2279.00000000,1
1531214471935,1531214471928,3974508,0.00001098,24988.00000000,1
1531214472772,1531214472769,3974509,0.00001103,136.00000000,0
1531214472772,1531214472769,3974510,0.00001105,576.00000000,0
1531214472772,1531214472769,3974511,0.00001106,51.00000000,0
1531214473272,1531214473268,3974512,0.00001106,65.00000000,0
1531214473803,1531214473798,3974513,0.00001105,65.00000000,0
1531214473827,1531214473823,3974514,0.00001105,65.00000000,0
1531214474563,1531214474559,3974515,0.00001105,948.00000000,0
1531214476885,1531214476880,3974516,0.00001104,135.00000000,0
1531214476885,1531214476880,3974517,0.00001105,29.00000000,0
1531214476885,1531214476880,3974518,0.00001107,1165.00000000,0
1531214477477,1531214477472,3974519,0.00001101,636.00000000,1
1531214477477,1531214477472,3974520,0.00001100,725.00000000,1
1531214478161,1531214478158,3974521,0.00001100,909.00000000,0
1531214478277,1531214478272,3974522,0.00001100,7751.00000000,0
1531214478277,1531214478272,3974523,0.00001100,6750.00000000,0
1531214478762,1531214478757,3974524,0.00001100,16467.00000000,0
1531214478855,1531214478851,3974525,0.00001099,2955.00000000,1
1531214479047,1531214479044,3974526,0.00001100,452.00000000,0
1531214479133,1531214479128,3974527,0.00001100,1909.00000000,0
1531214479255,1531214479252,3974528,0.00001099,2098.00000000,1
1531214480043,1531214480038,3974529,0.00001100,1876.00000000,0
1531214480458,1531214480453,3974530,0.00001100,909.00000000,0
1531214480639,1531214480637,3974531,0.00001100,4317.00000000,0
1531214480868,1531214480864,3974532,0.00001100,2467.00000000,0
1531214480917,1531214480913,3974533,0.00001100,976.00000000,0
1531214481192,1531214481187,3974534,0.00001100,545.00000000,0
1531214481826,1531214481822,3974535,0.00001099,19.00000000,1
1531214481866,1531214481863,3974536,0.00001099,16.00000000,1
1531214482859,1531214482855,3974537,0.00001100,841.00000000,0
1531214484018,1531214484013,3974538,0.00001099,25.00000000,1
1531214485152,1531214485148,3974539,0.00001099,911.00000000,1
1531214485152,1531214485148,3974540,0.00001099,300.00000000,1
1531214485251,1531214485247,3974541,0.00001099,1700.00000000,1
1531214485771,1531214485766,3974542,0.00001099,1129.00000000,1
1531214487363,1531214487360,3974543,0.00001099,204.00000000,0
1531214488137,1531214488134,3974544,0.00001098,547.00000000,1
1531214489206,1531214489203,3974545,0.00001099,432.00000000,0
1531214489206,1531214489203,3974546,0.00001100,3277.00000000,0
1531214490014,1531214490010,3974547,0.00001098,547.00000000,1
1531214490094,1531214490091,3974548,0.00001100,63.00000000,0
1531214491073,1531214491069,3974549,0.00001098,2751.00000000,1
1531214491785,1531214491780,3974550,0.00001099,37282.00000000,1
1531214491785,1531214491780,3974551,0.00001098,11646.00000000,1
1531214491785,1531214491780,3974552,0.00001097,482.00000000,1
1531214491785,1531214491780,3974553,0.00001096,218.00000000,1
1531214491785,1531214491780,3974554,0.00001095,369.00000000,1
1531214491867,1531214491864,3974555,0.00001096,2452.00000000,0
1531214492335,1531214492331,3974556,0.00001095,1560.00000000,1
1531214492756,1531214492753,3974557,0.00001096,592.00000000,1
1531214492756,1531214492753,3974558,0.00001094,300.00000000,1
1531214493685,1531214493680,3974559,0.00001098,16.00000000,1
1531214493713,1531214493708,3974560,0.00001098,19.00000000,1
1531214496832,1531214496828,3974561,0.00001098,74.00000000,1
1531214496886,1531214496882,3974562,0.00001097,1115.00000000,0
1531214496903,1531214496899,3974563,0.00001097,912.00000000,0
1531214496958,1531214496951,3974564,0.00001097,912.00000000,0
1531214497018,1531214497014,3974565,0.00001097,3.00000000,0
1531214497869,1531214497866,3974566,0.00001096,592.00000000,0
1531214498414,1531214498410,3974567,0.00001095,184.00000000,1
1531214498414,1531214498410,3974568,0.00001094,364.00000000,1
1531214501824,1531214501819,3974569,0.00001095,19.00000000,1
1531214501860,1531214501857,3974570,0.00001095,16.00000000,1
1531214503002,1531214502997,3974571,0.00001097,583.00000000,0
1531214503447,1531214503440,3974572,0.00001095,448.00000000,1
1531214503447,1531214503440,3974573,0.00001094,18824.00000000,1
1531214503447,1531214503440,3974574,0.00001093,15733.00000000,1
1531214503447,1531214503440,3974575,0.00001092,3044.00000000,1
1531214503447,1531214503440,3974576,0.00001091,7822.00000000,1
1531214504762,1531214504757,3974577,0.00001097,19.00000000,0
1531214505023,1531214505018,3974578,0.00001097,44.00000000,0
1531214505667,1531214505664,3974579,0.00001097,4000.00000000,0
1531214506477,1531214506473,3974580,0.00001097,10005.00000000,0
1531214507349,1531214507345,3974581,0.00001098,1721.00000000,0
1531214507494,1531214507488,3974582,0.00001097,23430.00000000,1
1531214507494,1531214507488,3974583,0.00001091,11048.00000000,1
1531214507494,1531214507488,3974584,0.00001090,11393.00000000,1
1531214509080,1531214509075,3974585,0.00001095,108.00000000,0
1531214509368,1531214509364,3974586,0.00001097,544.00000000,0
1531214509368,1531214509364,3974587,0.00001099,82.00000000,0
1531214509691,1531214509687,3974588,0.00001099,181.00000000,0
1531214509748,1531214509744,3974589,0.00001099,127.00000000,0
1531214509832,1531214509828,3974590,0.00001099,27.00000000,0
1531214509888,1531214509883,3974591,0.00001099,196.00000000,0
1531214510062,1531214510058,3974592,0.00001099,37.00000000,0
1531214510142,1531214510138,3974593,0.00001099,73.00000000,0
1531214510226,1531214510221,3974594,0.00001099,167.00000000,0
1531214510301,1531214510298,3974595,0.00001099,127.00000000,0
1531214510333,1531214510329,3974596,0.00001099,181.00000000,0
1531214510515,1531214510510,3974597,0.00001099,167.00000000,0
1531214511909,1531214511904,3974598,0.00001095,166.00000000,1
1531214511909,1531214511904,3974599,0.00001091,45705.00000000,1
1531214514621,1531214514616,3974600,0.00001099,109.00000000,0
1531214515173,1531214515167,3974601,0.00001094,593.00000000,1
1531214515173,1531214515167,3974602,0.00001093,258.00000000,1
1531214515173,1531214515167,3974603,0.00001091,6515.00000000,1
1531214515173,1531214515167,3974604,0.00001090,38505.00000000,1
1531214515889,1531214515886,3974605,0.00001090,92.00000000,1
1531214515889,1531214515886,3974606,0.00001089,245.00000000,1
1531214517084,1531214517079,3974607,0.00001094,558.00000000,0
1531214518285,1531214518281,3974608,0.00001095,117.00000000,0
1531214518618,1531214518613,3974609,0.00001095,137.00000000,0
1531214519816,1531214519813,3974610,0.00001092,102.00000000,1
1531214520568,1531214520564,3974611,0.00001092,126.00000000,1
1531214520634,1531214520629,3974612,0.00001092,4622.00000000,1
1531214520634,1531214520629,3974613,0.00001090,41249.00000000,1
1531214521209,1531214521206,3974614,0.00001093,41.00000000,1
1531214521747,1531214521743,3974615,0.00001091,37.00000000,1
1531214522053,1531214522048,3974616,0.00001091,16.00000000,1
1531214522397,1531214522392,3974617,0.00001091,55.00000000,1
1531214522988,1531214522983,3974618,0.00001092,92.00000000,1
1531214522988,1531214522983,3974619,0.00001091,31.00000000,1
1531214523542,1531214523539,3974620,0.00001091,26.00000000,1
1531214524312,1531214524307,3974621,0.00001092,115.00000000,1
1531214524528,1531214524523,3974622,0.00001092,527.00000000,1
1531214524528,1531214524523,3974623,0.00001091,45344.00000000,1
1531214524737,1531214524734,3974624,0.00001092,62.00000000,1
1531214525236,1531214525231,3974625,0.00001092,30.00000000,1
1531214525236,1531214525231,3974626,0.00001091,35.00000000,1
1531214525682,1531214525677,3974627,0.00001092,504.00000000,0
1531214525722,1531214525718,3974628,0.00001092,1.00000000,0
1531214525722,1531214525718,3974629,0.00001093,91.00000000,0
1531214525776,1531214525772,3974630,0.00001091,38.00000000,1
1531214526346,1531214526341,3974631,0.00001091,71.00000000,1
1531214526595,1531214526589,3974632,0.00001093,723.00000000,0
1531214526876,1531214526872,3974633,0.00001091,59.00000000,1
1531214527323,1531214527320,3974634,0.00001091,48.00000000,1
1531214527354,1531214527351,3974635,0.00001091,115.00000000,1
1531214527702,1531214527698,3974636,0.00001091,91743.00000000,1
1531214527750,1531214527747,3974637,0.00001091,1800.00000000,1
1531214527822,1531214527817,3974638,0.00001091,38.00000000,1
1531214528112,1531214528107,3974639,0.00001093,1.00000000,0
1531214528267,1531214528263,3974640,0.00001091,88.00000000,1
1531214528838,1531214528833,3974641,0.00001091,22.00000000,1
1531214528928,1531214528924,3974642,0.00001093,107.00000000,0
1531214529370,1531214529367,3974643,0.00001091,41.00000000,1
1531214529815,1531214529810,3974644,0.00001091,40.00000000,1
1531214530295,1531214530291,3974645,0.00001091,71.00000000,1
1531214530605,1531214530602,3974646,0.00001093,30.00000000,0
1531214530657,1531214530653,3974647,0.00001091,196.00000000,1
1531214530896,1531214530892,3974648,0.00001092,994.00000000,1
1531214530896,1531214530892,3974649,0.00001091,44967.00000000,1
1531214530896,1531214530892,3974650,0.00001090,26634.00000000,1
1531214530907,1531214530903,3974651,0.00001090,6479.00000000,0
1531214530909,1531214530906,3974652,0.00001090,20113.00000000,0
1531214530928,1531214530924,3974653,0.00001090,19985.00000000,0
1531214530949,1531214530944,3974654,0.00001090,4052.00000000,0
1531214530963,1531214530958,3974655,0.00001090,593.00000000,0
1531214530986,1531214530982,3974656,0.00001090,10072.00000000,0
1531214530989,1531214530984,3974657,0.00001090,24771.00000000,0
1531214531005,1531214531001,3974658,0.00001090,917.00000000,0
1531214531006,1531214531001,3974659,0.00001089,49.00000000,1
1531214531057,1531214531053,3974660,0.00001090,7334.00000000,0
1531214531299,1531214531293,3974661,0.00001090,12418.00000000,0
1531214531306,1531214531303,3974662,0.00001090,4157.00000000,0
1531214532148,1531214532144,3974663,0.00001089,42.00000000,1
1531214532214,1531214532209,3974664,0.00001089,339.00000000,1
1531214532865,1531214532860,3974665,0.00001089,26.00000000,1
1531214533300,1531214533296,3974666,0.00001089,111.00000000,1
1531214533347,1531214533344,3974667,0.00001089,45.00000000,1
1531214533856,1531214533852,3974668,0.00001089,72.00000000,1
1531214534050,1531214534045,3974669,0.00001089,4431.00000000,1
1531214534348,1531214534345,3974670,0.00001089,51.00000000,1
1531214534396,1531214534391,3974671,0.00001093,226.00000000,0
1531214534515,1531214534511,3974672,0.00001093,222.00000000,0
1531214534583,1531214534577,3974673,0.00001089,16.00000000,1
1531214534861,1531214534858,3974674,0.00001089,23.00000000,1
1531214534877,1531214534871,3974675,0.00001090,2752.00000000,0
1531214534882,1531214534879,3974676,0.00001090,917.00000000,0
1531214534886,1531214534882,3974677,0.00001090,775.00000000,0
1531214535479,1531214535475,3974678,0.00001090,2752.00000000,0
1531214535496,1531214535491,3974679,0.00001089,22.00000000,1
1531214535937,1531214535932,3974680,0.00001089,92.00000000,1
1531214536357,1531214536353,3974681,0.00001089,35.00000000,1
1531214536445,1531214536441,3974682,0.00001090,917.00000000,0
1531214536791,1531214536787,3974683,0.00001089,66.00000000,1
1531214536876,1531214536871,3974684,0.00001090,3358.00000000,0
1531214537244,1531214537238,3974685,0.00001090,5918.00000000,0
1531214537328,1531214537323,3974686,0.00001090,55365.00000000,0
1531214537367,1531214537364,3974687,0.00001090,110732.00000000,0
1531214537514,1531214537509,3974688,0.00001090,89.00000000,1
1531214537996,1531214537993,3974689,0.00001092,7284.00000000,1
1531214538023,1531214538020,3974690,0.00001090,95.00000000,1
1531214538206,1531214538200,3974691,0.00001090,93.00000000,1
1531214538411,1531214538407,3974692,0.00001090,93.00000000,1
1531214538419,1531214538415,3974693,0.00001090,93.00000000,1
1531214538442,1531214538438,3974694,0.00001090,186.00000000,1
1531214538477,1531214538473,3974695,0.00001090,279.00000000,1
1531214538737,1531214538733,3974696,0.00001090,21.00000000,1
1531214538949,1531214538943,3974697,0.00001090,325.00000000,1
1531214539062,1531214539058,3974698,0.00001093,105.00000000,0
1531214539229,1531214539226,3974699,0.00001090,49.00000000,1
1531214539543,1531214539540,3974700,0.00001090,186.00000000,1
1531214539568,1531214539563,3974701,0.00001090,279.00000000,1
1531214539803,1531214539799,3974702,0.00001090,20.00000000,1
1531214540219,1531214540215,3974703,0.00001090,98.00000000,1
1531214540750,1531214540747,3974704,0.00001090,33.00000000,1
1531214541131,1531214541128,3974705,0.00001090,63619.00000000,1
1531214541221,1531214541217,3974706,0.00001090,8257.00000000,0
1531214541236,1531214541231,3974707,0.00001090,10075.00000000,0
1531214541249,1531214541246,3974708,0.00001090,1119.00000000,0
1531214541325,1531214541321,3974709,0.00001089,32.00000000,1
1531214541412,1531214541406,3974710,0.00001090,1700.00000000,0
1531214541492,1531214541488,3974711,0.00001090,1700.00000000,0
1531214542003,1531214541998,3974712,0.00001090,300.00000000,0
1531214542125,1531214542122,3974713,0.00001090,347.00000000,0
1531214542241,1531214542238,3974714,0.00001090,1390.00000000,0
1531214542269,1531214542265,3974715,0.00001090,600.00000000,0
1531214544165,1531214544161,3974716,0.00001090,66.00000000,0
1531214546124,1531214546120,3974717,0.00001090,94313.00000000,0
1531214547693,1531214547688,3974718,0.00001090,5687.00000000,1
1531214550303,1531214550299,3974719,0.00001090,119.00000000,0
1531214552119,1531214552115,3974720,0.00001090,100000.00000000,0
1531214552166,1531214552163,3974721,0.00001090,917.00000000,0
1531214553384,1531214553380,3974722,0.00001089,93.00000000,1
1531214555044,1531214555039,3974723,0.00001090,90000.00000000,0
1531214555126,1531214555121,3974724,0.00001090,313.00000000,0
1531214555944,1531214555940,3974725,0.00001090,746.00000000,0
1531214556126,1531214556123,3974726,0.00001090,917.00000000,0
1531214556141,1531214556138,3974727,0.00001090,1122.00000000,0
1531214558230,1531214558224,3974728,0.00001089,307.00000000,1
1531214558912,1531214558909,3974729,0.00001089,260.00000000,1
1531214559334,1531214559331,3974730,0.00001089,279.00000000,1
1531214559702,1531214559698,3974731,0.00001089,2493.00000000,1
1531214560071,1531214560068,3974732,0.00001090,2855.00000000,0
1531214561528,1531214561525,3974733,0.00001089,1285.00000000,1
1531214576677,1531214576671,3974734,0.00001089,23381.00000000,1
1531214576677,1531214576671,3974735,0.00001088,13650.00000000,1
1531214576677,1531214576671,3974736,0.00001087,5149.00000000,1
1531214576677,1531214576671,3974737,0.00001086,8318.00000000,1
1531214576677,1531214576671,3974738,0.00001085,42094.00000000,1
1531214578628,1531214578624,3974739,0.00001088,107.00000000,1
1531214580090,1531214580085,3974740,0.00001089,260.00000000,0
1531214582854,1531214582848,3974741,0.00001089,66.00000000,0
1531214582854,1531214582848,3974742,0.00001090,213.00000000,0
1531214582878,1531214582873,3974743,0.00001090,279.00000000,0
1531214582954,1531214582949,3974744,0.00001090,85.00000000,0
1531214582956,1531214582953,3974745,0.00001088,16.00000000,1
1531214585133,1531214585129,3974746,0.00001087,26302.00000000,1
1531214585133,1531214585129,3974747,0.00001086,2706.00000000,1
1531214585133,1531214585129,3974748,0.00001085,17288.00000000,1
1531214586075,1531214586070,3974749,0.00001089,172.00000000,0
1531214586079,1531214586076,3974750,0.00001089,691.00000000,0
1531214588342,1531214588338,3974751,0.00001087,10507.00000000,1
1531214588342,1531214588338,3974752,0.00001086,134.00000000,1
1531214588342,1531214588338,3974753,0.00001085,35655.00000000,1
1531214590654,1531214590649,3974754,0.00001086,16.00000000,1
1531214590711,1531214590708,3974755,0.00001086,16.00000000,1
1531214590895,1531214590890,3974756,0.00001086,16.00000000,1
1531214590971,1531214590967,3974757,0.00001086,13.00000000,1
1531214591845,1531214591841,3974758,0.00001087,3131.00000000,0
1531214591845,1531214591841,3974759,0.00001087,376.00000000,0
1531214591876,1531214591871,3974760,0.00001089,1.00000000,0
1531214591876,1531214591871,3974761,0.00001090,687.00000000,0
1531214591876,1531214591871,3974762,0.00001091,2443.00000000,0
1531214591899,1531214591892,3974763,0.00001091,316.00000000,0
1531214591899,1531214591892,3974764,0.00001093,108.00000000,0
1531214591899,1531214591892,3974765,0.00001094,2230.00000000,0
1531214591899,1531214591892,3974766,0.00001095,852.00000000,0
1531214593231,1531214593227,3974767,0.00001088,11900.00000000,1
1531214593231,1531214593227,3974768,0.00001087,11268.00000000,1
1531214593231,1531214593227,3974769,0.00001086,13985.00000000,1
1531214593231,1531214593227,3974770,0.00001085,9143.00000000,1
1531214594143,1531214594139,3974771,0.00001088,561.00000000,0
1531214594768,1531214594763,3974772,0.00001088,5800.00000000,0
1531214594783,1531214594778,3974773,0.00001088,4907.00000000,0
1531214596095,1531214596091,3974774,0.00001089,179.00000000,0
1531214597796,1531214597788,3974775,0.00001088,6511.00000000,1
1531214597796,1531214597788,3974776,0.00001085,39785.00000000,1
1531214600369,1531214600365,3974777,0.00001086,872.00000000,1
1531214601176,1531214601172,3974778,0.00001089,1122.00000000,0
1531214601181,1531214601177,3974779,0.00001089,3366.00000000,0
1531214601248,1531214601243,3974780,0.00001089,2386.00000000,0
1531214602307,1531214602303,3974781,0.00001088,215.00000000,0
1531214604159,1531214604154,3974782,0.00001087,4215.00000000,0
1531214609711,1531214609707,3974783,0.00001088,52.00000000,0
1531214609746,1531214609742,3974784,0.00001088,255.00000000,0
1531214612016,1531214612012,3974785,0.00001087,2312.00000000,1
1531214612016,1531214612012,3974786,0.00001085,17504.00000000,1
1531214615222,1531214615216,3974787,0.00001088,110.00000000,0
1531214615222,1531214615216,3974788,0.00001090,190.00000000,0
1531214616088,1531214616084,3974789,0.00001087,4.00000000,1
1531214618678,1531214618663,3974790,0.00001088,955.00000000,1
1531214618678,1531214618663,3974791,0.00001087,364.00000000,1
1531214618678,1531214618663,3974792,0.00001086,7709.00000000,1
1531214618678,1531214618663,3974793,0.00001085,1357.00000000,1
1531214618678,1531214618663,3974794,0.00001084,3967.00000000,1
1531214618678,1531214618663,3974795,0.00001083,1057.00000000,1
1531214618678,1531214618663,3974796,0.00001082,4941.00000000,1
1531214618678,1531214618663,3974797,0.00001081,21920.00000000,1
1531214618678,1531214618663,3974798,0.00001080,50322.00000000,1
1531214618678,1531214618663,3974799,0.00001080,500.00000000,1
1531214618745,1531214618741,3974800,0.00001084,440.00000000,0
1531214619479,1531214619475,3974801,0.00001086,137.00000000,1
1531214619532,1531214619528,3974802,0.00001087,502.00000000,0
1531214619677,1531214619672,3974803,0.00001087,567.00000000,0
1531214619936,1531214619932,3974804,0.00001086,565.00000000,1
1531214620053,1531214620050,3974805,0.00001087,1121.00000000,0
1531214620113,1531214620110,3974806,0.00001087,175.00000000,0
1531214620162,1531214620158,3974807,0.00001087,795.00000000,0
1531214620284,1531214620278,3974808,0.00001087,565.00000000,0
1531214620360,1531214620354,3974809,0.00001086,219.00000000,1
1531214620914,1531214620910,3974810,0.00001088,222.00000000,0
1531214621228,1531214621224,3974811,0.00001088,275.00000000,0
1531214622292,1531214622287,3974812,0.00001087,529.00000000,0
1531214622916,1531214622910,3974813,0.00001087,981.00000000,0
1531214622978,1531214622971,3974814,0.00001086,2307.00000000,1
1531214622978,1531214622971,3974815,0.00001085,103.00000000,1
1531214622978,1531214622971,3974816,0.00001084,440.00000000,1
1531214622978,1531214622971,3974817,0.00001083,2977.00000000,1
1531214622978,1531214622971,3974818,0.00001082,186.00000000,1
1531214622978,1531214622971,3974819,0.00001081,32102.00000000,1
1531214622978,1531214622971,3974820,0.00001080,7438.00000000,1
1531214622996,1531214622989,3974821,0.00001080,42699.00000000,0
1531214623007,1531214623003,3974822,0.00001080,4340.00000000,0
1531214623065,1531214623059,3974823,0.00001088,64.00000000,0
1531214623065,1531214623059,3974824,0.00001090,845.00000000,0
1531214623065,1531214623059,3974825,0.00001092,2392.00000000,0
1531214623065,1531214623059,3974826,0.00001093,414.00000000,0
1531214623065,1531214623059,3974827,0.00001094,6737.00000000,0
1531214623065,1531214623059,3974828,0.00001095,5224.00000000,0
1531214623913,1531214623908,3974829,0.00001089,138.00000000,1
1531214624145,1531214624140,3974830,0.00001088,138.00000000,0
1531214624242,1531214624238,3974831,0.00001095,57.00000000,0
1531214624573,1531214624568,3974832,0.00001088,595.00000000,1
1531214624604,1531214624600,3974833,0.00001087,351.00000000,1
1531214625438,1531214625434,3974834,0.00001088,609.00000000,1
1531214625438,1531214625434,3974835,0.00001087,172.00000000,1
1531214625549,1531214625545,3974836,0.00001087,565.00000000,1
1531214626260,1531214626255,3974837,0.00001088,269.00000000,0
1531214626948,1531214626941,3974838,0.00001087,57927.00000000,1
1531214626948,1531214626941,3974839,0.00001085,239.00000000,1
1531214626948,1531214626941,3974840,0.00001084,1090.00000000,1
1531214626948,1531214626941,3974841,0.00001082,666.00000000,1
1531214626948,1531214626941,3974842,0.00001081,7589.00000000,1
1531214626948,1531214626941,3974843,0.00001080,10491.00000000,1
1531214626963,1531214626959,3974844,0.00001080,14590.00000000,0
1531214627040,1531214627035,3974845,0.00001088,656.00000000,0
1531214627286,1531214627282,3974846,0.00001086,1400.00000000,1
1531214627286,1531214627282,3974847,0.00001080,1792.00000000,1
1531214627359,1531214627354,3974848,0.00001080,3196.00000000,1
1531214628020,1531214628014,3974849,0.00001080,1851.00000000,1
1531214628020,1531214628014,3974850,0.00001079,1374.00000000,1
1531214628112,1531214628108,3974851,0.00001087,581.00000000,0
1531214628150,1531214628147,3974852,0.00001087,3371.00000000,0
1531214628847,1531214628843,3974853,0.00001086,598.00000000,0
1531214629347,1531214629343,3974854,0.00001086,11.00000000,0
1531214629347,1531214629343,3974855,0.00001087,232.00000000,0
1531214629415,1531214629412,3974856,0.00001087,255.00000000,0
1531214629434,1531214629429,3974857,0.00001087,4058.00000000,0
1531214629444,1531214629440,3974858,0.00001087,12.00000000,0
1531214629444,1531214629440,3974859,0.00001088,267.00000000,0
1531214629563,1531214629558,3974860,0.00001088,106.00000000,0
1531214629563,1531214629558,3974861,0.00001091,115.00000000,0
1531214629580,1531214629575,3974862,0.00001091,284.00000000,0
1531214629709,1531214629704,3974863,0.00001087,374.00000000,1
1531214629807,1531214629802,3974864,0.00001087,16.00000000,1
1531214629873,1531214629869,3974865,0.00001087,13.00000000,1
1531214629950,1531214629946,3974866,0.00001087,16.00000000,1
1531214630055,1531214630051,3974867,0.00001087,16.00000000,1
1531214630185,1531214630181,3974868,0.00001091,237.00000000,0
1531214630872,1531214630867,3974869,0.00001087,221.00000000,1
1531214631974,1531214631967,3974870,0.00001087,1423.00000000,1
1531214631974,1531214631967,3974871,0.00001081,8113.00000000,1
1531214631974,1531214631967,3974872,0.00001080,65657.00000000,1
1531214631989,1531214631983,3974873,0.00001080,2629.00000000,0
1531214631989,1531214631985,3974874,0.00001080,14770.00000000,0
1531214631989,1531214631985,3974875,0.00001089,2131.00000000,0
1531214633455,1531214633452,3974876,0.00001086,2762.00000000,0
1531214634018,1531214634014,3974877,0.00001081,2552.00000000,1
1531214634018,1531214634014,3974878,0.00001080,4802.00000000,1
1531214634134,1531214634129,3974879,0.00001081,461.00000000,1
1531214634134,1531214634129,3974880,0.00001080,28222.00000000,1
1531214634156,1531214634151,3974881,0.00001086,1124.00000000,0
1531214634248,1531214634244,3974882,0.00001086,1.00000000,0
1531214635118,1531214635114,3974883,0.00001085,734.00000000,0
1531214635121,1531214635116,3974884,0.00001085,2939.00000000,0
1531214635463,1531214635459,3974885,0.00001085,1124.00000000,0
1531214635762,1531214635759,3974886,0.00001085,183.00000000,0
1531214636106,1531214636100,3974887,0.00001083,726.00000000,0
1531214636106,1531214636100,3974888,0.00001085,3985.00000000,0
1531214636127,1531214636122,3974889,0.00001085,3327.00000000,0
1531214636215,1531214636209,3974890,0.00001081,1041.00000000,1
1531214636215,1531214636209,3974891,0.00001080,983.00000000,1
1531214636244,1531214636241,3974892,0.00001080,593.00000000,0
1531214636264,1531214636260,3974893,0.00001080,666.00000000,0
1531214636286,1531214636282,3974894,0.00001080,3208.00000000,0
1531214636292,1531214636288,3974895,0.00001080,15974.00000000,0
1531214636302,1531214636297,3974896,0.00001080,256.00000000,0
1531214636454,1531214636449,3974897,0.00001080,486.00000000,0
1531214636474,1531214636470,3974898,0.00001080,15974.00000000,0
1531214636499,1531214636496,3974899,0.00001080,2498.00000000,0
1531214636552,1531214636548,3974900,0.00001080,2883.00000000,0
1531214636580,1531214636577,3974901,0.00001080,1000.00000000,0
1531214636612,1531214636607,3974902,0.00001080,490.00000000,0
1531214636682,1531214636678,3974903,0.00001080,15974.00000000,0
1531214636780,1531214636776,3974904,0.00001080,30566.00000000,0
1531214636920,1531214636913,3974905,0.00001084,9316.00000000,0
1531214636920,1531214636913,3974906,0.00001085,16729.00000000,0
1531214636920,1531214636913,3974907,0.00001087,128.00000000,0
1531214636920,1531214636913,3974908,0.00001089,6859.00000000,0
1531214636920,1531214636913,3974909,0.00001090,16968.00000000,0
1531214637209,1531214637207,3974910,0.00001082,136.00000000,1
1531214637326,1531214637322,3974911,0.00001089,85.00000000,0
1531214637341,1531214637338,3974912,0.00001089,85.00000000,0
1531214637412,1531214637407,3974913,0.00001089,176.00000000,0
1531214637465,1531214637462,3974914,0.00001089,174.00000000,0
1531214637522,1531214637516,3974915,0.00001089,239.00000000,0
1531214637584,1531214637580,3974916,0.00001083,16.00000000,1
1531214637719,1531214637716,3974917,0.00001083,510.00000000,1
1531214637745,1531214637741,3974918,0.00001083,16.00000000,1
1531214637770,1531214637766,3974919,0.00001083,16.00000000,1
1531214637822,1531214637818,3974920,0.00001083,13.00000000,1
1531214638456,1531214638451,3974921,0.00001083,3189.00000000,1
1531214638456,1531214638451,3974922,0.00001082,21641.00000000,1
1531214638456,1531214638451,3974923,0.00001080,12393.00000000,1
1531214638473,1531214638468,3974924,0.00001080,8327.00000000,0
1531214638487,1531214638483,3974925,0.00001080,841.00000000,0
1531214638512,1531214638507,3974926,0.00001080,841.00000000,0
1531214638526,1531214638522,3974927,0.00001080,841.00000000,0
1531214638554,1531214638550,3974928,0.00001080,2884.00000000,0
1531214638562,1531214638558,3974929,0.00001080,10128.00000000,0
1531214638565,1531214638562,3974930,0.00001080,926.00000000,0
1531214638654,1531214638650,3974931,0.00001080,5131.00000000,0
1531214638683,1531214638679,3974932,0.00001080,3696.00000000,0
1531214638685,1531214638682,3974933,0.00001080,15974.00000000,0
1531214638719,1531214638715,3974934,0.00001080,2006.00000000,0
1531214638871,1531214638866,3974935,0.00001080,3774.00000000,0
1531214639056,1531214639052,3974936,0.00001081,188.00000000,0
1531214640117,1531214640113,3974937,0.00001085,184.00000000,0
1531214640285,1531214640283,3974938,0.00001081,13.00000000,1
1531214640286,1531214640283,3974939,0.00001081,102.00000000,1
1531214640286,1531214640283,3974940,0.00001080,961.00000000,1
1531214640378,1531214640374,3974941,0.00001080,16.00000000,1
1531214640418,1531214640413,3974942,0.00001080,116.00000000,1
1531214640493,1531214640489,3974943,0.00001080,16.00000000,1
1531214640551,1531214640547,3974944,0.00001080,16.00000000,1
1531214641207,1531214641203,3974945,0.00001084,923.00000000,0
1531214641514,1531214641511,3974946,0.00001081,472.00000000,1
1531214641514,1531214641511,3974947,0.00001080,13168.00000000,1
1531214641539,1531214641534,3974948,0.00001080,52650.00000000,0
1531214641541,1531214641535,3974949,0.00001080,26302.00000000,0
1531214641541,1531214641535,3974950,0.00001084,6993.00000000,0
1531214641541,1531214641535,3974951,0.00001085,1304.00000000,0
1531214641541,1531214641535,3974952,0.00001086,561.00000000,0
1531214641541,1531214641535,3974953,0.00001090,17490.00000000,0
1531214642030,1531214642026,3974954,0.00001081,1270.00000000,0
1531214642101,1531214642096,3974955,0.00001089,248.00000000,0
1531214642656,1531214642651,3974956,0.00001085,551.00000000,0
1531214643076,1531214643071,3974957,0.00001085,84.00000000,0
1531214643205,1531214643200,3974958,0.00001085,3838.00000000,0
1531214644036,1531214644032,3974959,0.00001084,26.00000000,0
1531214644064,1531214644060,3974960,0.00001084,159.00000000,0
1531214644336,1531214644331,3974961,0.00001085,95.00000000,0
1531214644370,1531214644364,3974962,0.00001081,70649.00000000,1
1531214644370,1531214644364,3974963,0.00001080,566.00000000,1
1531214644459,1531214644453,3974964,0.00001080,8654.00000000,0
1531214644464,1531214644460,3974965,0.00001080,10141.00000000,0
1531214644469,1531214644466,3974966,0.00001080,1127.00000000,0
1531214644942,1531214644938,3974967,0.00001080,1455.00000000,0
1531214645263,1531214645259,3974968,0.00001083,231.00000000,0
1531214645263,1531214645259,3974969,0.00001084,7875.00000000,0
1531214645263,1531214645259,3974970,0.00001085,914.00000000,0
1531214645278,1531214645273,3974971,0.00001085,8106.00000000,0
1531214645279,1531214645274,3974972,0.00001085,9026.00000000,0
1531214645321,1531214645315,3974973,0.00001085,1013.00000000,0
1531214645326,1531214645322,3974974,0.00001085,2907.00000000,0
1531214645326,1531214645322,3974975,0.00001088,276.00000000,0
1531214645326,1531214645322,3974976,0.00001090,1667.00000000,0
1531214645920,1531214645915,3974977,0.00001084,211.00000000,0
1531214645926,1531214645922,3974978,0.00001084,285.00000000,0
1531214645962,1531214645958,3974979,0.00001084,70.00000000,0
1531214645962,1531214645958,3974980,0.00001090,137.00000000,0
1531214645986,1531214645983,3974981,0.00001090,222.00000000,0
1531214646081,1531214646077,3974982,0.00001090,1.00000000,0
1531214646108,1531214646104,3974983,0.00001090,138.00000000,0
1531214646150,1531214646146,3974984,0.00001091,226.00000000,0
1531214646686,1531214646682,3974985,0.00001083,263.00000000,1
1531214647043,1531214647039,3974986,0.00001090,1.00000000,0
1531214649061,1531214649056,3974987,0.00001083,5329.00000000,1
1531214649061,1531214649056,3974988,0.00001082,17711.00000000,1
1531214649061,1531214649056,3974989,0.00001081,4064.00000000,1
1531214649061,1531214649056,3974990,0.00001080,2486.00000000,1
1531214649083,1531214649080,3974991,0.00001080,256.00000000,0
1531214649106,1531214649101,3974992,0.00001080,10141.00000000,0
1531214649113,1531214649110,3974993,0.00001080,256.00000000,0
1531214649114,1531214649110,3974994,0.00001080,8653.00000000,0
1531214649148,1531214649143,3974995,0.00001079,7718.00000000,1
1531214649170,1531214649164,3974996,0.00001079,9993.00000000,0
1531214649170,1531214649164,3974997,0.00001080,5447.00000000,0
1531214649179,1531214649174,3974998,0.00001080,9993.00000000,0
1531214649200,1531214649197,3974999,0.00001080,3209.00000000,0
1531214649390,1531214649386,3975000,0.00001080,7473.00000000,0
1531214649398,1531214649395,3975001,0.00001080,19.00000000,0
1531214649631,1531214649626,3975002,0.00001080,17555.00000000,0
1531214651148,1531214651145,3975003,0.00001080,890.00000000,0
1531214651187,1531214651182,3975004,0.00001080,890.00000000,0
1531214651201,1531214651198,3975005,0.00001080,892.00000000,0
1531214651287,1531214651283,3975006,0.00001079,1130.00000000,0
1531214651334,1531214651330,3975007,0.00001079,1589.00000000,0
1531214651359,1531214651355,3975008,0.00001079,2087.00000000,0
1531214651981,1531214651978,3975009,0.00001079,348.00000000,0
1531214652053,1531214652049,3975010,0.00001079,9138.00000000,0
1531214652127,1531214652123,3975011,0.00001080,819.00000000,0
1531214652148,1531214652144,3975012,0.00001080,3278.00000000,0
1531214652159,1531214652154,3975013,0.00001080,1607.00000000,0
1531214652212,1531214652208,3975014,0.00001080,926.00000000,0
1531214652271,1531214652265,3975015,0.00001079,462.00000000,1
1531214652271,1531214652265,3975016,0.00001078,101.00000000,1
1531214652273,1531214652270,3975017,0.00001080,1988.00000000,0
1531214652294,1531214652291,3975018,0.00001080,2048.00000000,0
1531214652389,1531214652386,3975019,0.00001079,263.00000000,0
1531214652389,1531214652386,3975020,0.00001080,6357.00000000,0
1531214652419,1531214652415,3975021,0.00001080,13544.00000000,0
1531214652681,1531214652677,3975022,0.00001080,11407.00000000,0
1531214653149,1531214653146,3975023,0.00001080,501.00000000,0
1531214653163,1531214653160,3975024,0.00001080,2007.00000000,0
1531214653239,1531214653235,3975025,0.00001080,50767.00000000,0
1531214654611,1531214654608,3975026,0.00001079,199.00000000,1
1531214654636,1531214654633,3975027,0.00001083,163.00000000,0
1531214654695,1531214654690,3975028,0.00001083,226.00000000,0
1531214654718,1531214654713,3975029,0.00001083,636.00000000,0
1531214654739,1531214654735,3975030,0.00001084,222.00000000,0
1531214654774,1531214654771,3975031,0.00001084,226.00000000,0
1531214654895,1531214654891,3975032,0.00001084,226.00000000,0
1531214654932,1531214654927,3975033,0.00001084,204.00000000,0
1531214654932,1531214654927,3975034,0.00001085,18.00000000,0
1531214654999,1531214654996,3975035,0.00001085,200.00000000,0
