event_time,trade_time,trade_id,price,quantity,maker
1531210386598,1531210386594,4270625,0.01939300,7.89000000,1
1531210395050,1531210395045,4270626,0.01942900,0.42100000,0
1531210407997,1531210407995,4270627,0.01942700,0.00500000,0
1531210416986,1531210416981,4270628,0.01942800,0.05200000,0
1531210442005,1531210442000,4270629,0.01939600,0.02800000,1
1531210473329,1531210473329,4270630,0.01939400,0.11300000,1
1531210505692,1531210505689,4270631,0.01939400,0.10000000,1
1531210508658,1531210508653,4270632,0.01942800,0.03800000,0
1531210523657,1531210523652,4270633,0.01939600,0.00500000,1
1531210528004,1531210528000,4270634,0.01939600,0.08800000,1
1531210554378,1531210554373,4270635,0.01939300,0.11000000,1
1531210554378,1531210554373,4270636,0.01939000,0.51500000,1
1531210554378,1531210554373,4270637,0.01938900,0.21100000,1
1531210561387,1531210561384,4270638,0.01938900,0.05000000,1
1531210573058,1531210573053,4270639,0.01938900,0.07200000,1
1531210602680,1531210602675,4270640,0.01938900,0.04100000,1
1531210642309,1531210642304,4270641,0.01942700,0.44000000,0
1531210642309,1531210642304,4270642,0.01942800,4.65600000,0
1531210642980,1531210642975,4270643,0.01942800,6.60700000,0
1531210643000,1531210642996,4270644,0.01942800,4.19600000,0
1531210643745,1531210643743,4270645,0.01942800,0.07800000,1
1531210644449,1531210644445,4270646,0.01942800,0.17100000,1
1531210644795,1531210644791,4270647,0.01942800,0.07800000,1
1531210647291,1531210647287,4270648,0.01942800,1.40000000,1
1531210650420,1531210650416,4270649,0.01942800,2.00000000,1
1531210651537,1531210651534,4270650,0.01942800,0.03900000,1
1531210656525,1531210656519,4270651,0.01942800,0.88900000,1
1531210663618,1531210663614,4270652,0.01942900,19.35000000,0
1531210663633,1531210663629,4270653,0.01942900,12.86800000,0
1531210683715,1531210683710,4270654,0.01942900,0.03800000,0
1531210687277,1531210687273,4270655,0.01942900,3.98600000,0
1531210687301,1531210687296,4270656,0.01942900,10.87200000,0
1531210700418,1531210700412,4270657,0.01942900,0.03800000,1
1531210718014,1531210718009,4270658,0.01942800,0.12700000,0
1531210718028,1531210718024,4270659,0.01942900,10.87200000,0
1531210734152,1531210734148,4270660,0.01942900,0.03800000,1
1531210738061,1531210738056,4270661,0.01939100,0.07600000,1
1531210746079,1531210746076,4270662,0.01939100,0.05600000,1
1531210747101,1531210747097,4270663,0.01939100,0.05600000,1
1531210753007,1531210753003,4270664,0.01940200,22.16300000,0
1531210753019,1531210753015,4270665,0.01941300,18.57100000,0
1531210763268,1531210763263,4270666,0.01942000,0.07000000,0
1531210775079,1531210775073,4270667,0.01939100,0.02500000,1
1531210782059,1531210782054,4270668,0.01939100,0.05600000,1
1531210783062,1531210783059,4270669,0.01939100,0.05600000,1
1531210801110,1531210801105,4270670,0.01939100,0.05600000,1
1531210801906,1531210801902,4270671,0.01939100,0.06100000,1
1531210801906,1531210801902,4270672,0.01939000,0.01000000,1
1531210802570,1531210802554,4270673,0.01939100,0.05600000,0
1531210819006,1531210819002,4270674,0.01939100,0.08300000,1
1531210819230,1531210819225,4270675,0.01939100,0.09700000,1
1531210819241,1531210819241,4270676,0.01939100,0.07300000,1
1531210819356,1531210819352,4270677,0.01939100,0.09700000,1
1531210822027,1531210822022,4270678,0.01942900,0.26000000,0
1531210824134,1531210824133,4270679,0.01939200,0.05600000,1
1531210825063,1531210825060,4270680,0.01942800,0.00100000,0
1531210825296,1531210825291,4270681,0.01939200,0.05600000,1
1531210841517,1531210841513,4270682,0.01942700,0.05600000,0
1531210841517,1531210841513,4270683,0.01942800,0.05500000,0
1531210841517,1531210841513,4270684,0.01942900,0.12200000,0
1531210841517,1531210841513,4270685,0.01943000,0.18700000,0
1531210842456,1531210842451,4270686,0.01943000,0.26000000,0
1531210842906,1531210842902,4270687,0.01939100,0.46500000,1
1531210842906,1531210842902,4270688,0.01939000,0.38400000,1
1531210842906,1531210842902,4270689,0.01938900,1.59100000,1
1531210850870,1531210850865,4270690,0.01938900,0.00100000,1
1531210861604,1531210861599,4270691,0.01942900,0.04700000,0
1531210867834,1531210867830,4270692,0.01939000,5.65700000,1
1531210867851,1531210867847,4270693,0.01939000,14.72100000,1
1531210877719,1531210877715,4270694,0.01938900,0.00100000,1
1531210879355,1531210879350,4270695,0.01938900,0.01300000,1
1531210879461,1531210879460,4270696,0.01938900,0.45000000,1
1531210891861,1531210891857,4270697,0.01941800,0.06500000,0
1531210891882,1531210891877,4270698,0.01941800,0.24200000,0
1531210893744,1531210893739,4270699,0.01941900,0.80200000,0
1531210893744,1531210893739,4270700,0.01942000,0.04000000,0
1531210902212,1531210902208,4270701,0.01941900,0.68700000,0
1531210924474,1531210924470,4270702,0.01941900,0.16400000,0
1531210924489,1531210924486,4270703,0.01941900,0.75100000,0
1531210940562,1531210940557,4270704,0.01940400,1.04200000,0
1531210940575,1531210940569,4270705,0.01941900,0.46800000,0
1531210951495,1531210951490,4270706,0.01940400,0.85200000,0
1531210951507,1531210951502,4270707,0.01941900,0.85000000,0
1531210951524,1531210951520,4270708,0.01941900,0.30700000,0
1531210964730,1531210964725,4270709,0.01939000,0.00100000,1
1531210999637,1531210999632,4270710,0.01941900,0.64600000,0
1531211012449,1531211012444,4270711,0.01940400,1.45200000,0
1531211012457,1531211012453,4270712,0.01941900,0.47600000,0
1531211012478,1531211012472,4270713,0.01941900,0.86300000,0
1531211019748,1531211019744,4270714,0.01941900,0.43500000,0
1531211048717,1531211048712,4270715,0.01941900,0.63000000,0
1531211062451,1531211062446,4270716,0.01940500,0.89200000,0
1531211062465,1531211062460,4270717,0.01939100,0.74200000,1
1531211095581,1531211095576,4270718,0.01940400,0.50500000,0
1531211095590,1531211095585,4270719,0.01941900,0.14500000,0
1531211095603,1531211095599,4270720,0.01941900,0.22600000,0
1531211106555,1531211106551,4270721,0.01940500,0.28600000,0
1531211106601,1531211106596,4270722,0.01940500,0.26100000,1
1531211116023,1531211116017,4270723,0.01941900,0.86400000,0
1531211116023,1531211116017,4270724,0.01942000,0.54400000,0
1531211116023,1531211116017,4270725,0.01943000,2.12500000,0
1531211116023,1531211116017,4270726,0.01945500,0.05500000,0
1531211116023,1531211116017,4270727,0.01945700,0.89900000,0
1531211116023,1531211116017,4270728,0.01945800,4.62500000,0
1531211116023,1531211116017,4270729,0.01946400,0.54500000,0
1531211116023,1531211116017,4270730,0.01947000,0.34300000,0
1531211117356,1531211117350,4270731,0.01946800,0.01200000,0
1531211117999,1531211117995,4270732,0.01939100,0.13000000,1
1531211118576,1531211118572,4270733,0.01939000,0.02600000,1
1531211119055,1531211119051,4270734,0.01939000,0.01200000,1
1531211119591,1531211119586,4270735,0.01939000,0.02100000,1
1531211120180,1531211120176,4270736,0.01939000,0.02900000,1
1531211120794,1531211120790,4270737,0.01939000,0.04500000,1
1531211121318,1531211121314,4270738,0.01939000,0.04100000,1
1531211130764,1531211130764,4270739,0.01939000,0.01500000,1
1531211137220,1531211137216,4270740,0.01939000,0.00100000,1
1531211137430,1531211137427,4270741,0.01939000,0.02900000,1
1531211138180,1531211138177,4270742,0.01939000,0.02900000,1
1531211161777,1531211161773,4270743,0.01939000,0.05600000,1
1531211161839,1531211161835,4270744,0.01944300,0.02500000,0
1531211162930,1531211162926,4270745,0.01939000,0.05600000,1
1531211194097,1531211194093,4270746,0.01939000,0.05600000,1
1531211195233,1531211195229,4270747,0.01939000,0.05600000,1
1531211249653,1531211249649,4270748,0.01942400,1.63700000,0
1531211249665,1531211249661,4270749,0.01939100,0.20300000,1
1531211249690,1531211249685,4270750,0.01939100,0.73600000,1
1531211270142,1531211270139,4270751,0.01939000,0.05600000,1
1531211271242,1531211271238,4270752,0.01939000,0.05600000,1
1531211303122,1531211303118,4270753,0.01939000,0.05600000,1
1531211304170,1531211304166,4270754,0.01939000,0.05600000,1
1531211322555,1531211322550,4270755,0.01942300,0.63200000,0
1531211322568,1531211322564,4270756,0.01945700,0.51000000,0
1531211324783,1531211324778,4270757,0.01939100,0.05600000,1
1531211325125,1531211325122,4270758,0.01943900,0.13000000,0
1531211325153,1531211325149,4270759,0.01944400,0.16700000,1
1531211325636,1531211325632,4270760,0.01939100,0.77500000,1
1531211325914,1531211325910,4270761,0.01938900,0.60000000,1
1531211326391,1531211326385,4270762,0.01939000,0.31300000,1
1531211382004,1531211381996,4270763,0.01938000,0.00700000,1
1531211392245,1531211392241,4270764,0.01939800,0.17200000,0
1531211392264,1531211392259,4270765,0.01941700,0.29800000,0
1531211392280,1531211392275,4270766,0.01941700,0.07000000,0
1531211408623,1531211408624,4270767,0.01938000,0.00500000,1
1531211426393,1531211426388,4270768,0.01938000,0.14200000,1
1531211426393,1531211426388,4270769,0.01937900,0.36000000,1
1531211429598,1531211429594,4270770,0.01937100,0.69300000,1
1531211436481,1531211436476,4270771,0.01937100,0.02400000,1
1531211461335,1531211461331,4270772,0.01937000,0.07700000,1
1531211461335,1531211461331,4270773,0.01936900,0.09000000,1
1531211486820,1531211486818,4270774,0.01939700,0.10500000,0
1531211494918,1531211494912,4270775,0.01936900,0.02600000,1
1531211520458,1531211520454,4270776,0.01936900,0.46100000,1
1531211534678,1531211534675,4270777,0.01938000,1.36000000,0
1531211534700,1531211534697,4270778,0.01937000,0.57500000,1
1531211536654,1531211536649,4270779,0.01937000,0.13200000,0
1531211538458,1531211538453,4270780,0.01939000,0.31300000,0
1531211542569,1531211542566,4270781,0.01937000,0.10000000,1
1531211549275,1531211549271,4270782,0.01940100,2.66500000,0
1531211549285,1531211549280,4270783,0.01937100,1.23100000,1
1531211549310,1531211549305,4270784,0.01937100,1.28200000,1
1531211581630,1531211581626,4270785,0.01944300,0.02400000,0
1531211583780,1531211583776,4270786,0.01944200,0.03200000,0
1531211596701,1531211596697,4270787,0.01935700,0.00400000,1
1531211609331,1531211609326,4270788,0.01935600,0.07700000,1
1531211624494,1531211624490,4270789,0.01935600,0.01900000,1
1531211641573,1531211641569,4270790,0.01940000,0.04200000,0
1531211691250,1531211691245,4270791,0.01941800,0.69300000,0
1531211691250,1531211691245,4270792,0.01941900,1.06500000,0
1531211691250,1531211691245,4270793,0.01942000,1.06000000,0
1531211691250,1531211691245,4270794,0.01942400,6.23200000,0
1531211700242,1531211700238,4270795,0.01936100,0.32000000,1
1531211701293,1531211701290,4270796,0.01935500,0.09400000,1
1531211703252,1531211703248,4270797,0.01935500,0.11600000,1
1531211706273,1531211706270,4270798,0.01935600,0.00100000,1
1531211709893,1531211709889,4270799,0.01935500,0.10500000,0
1531211715565,1531211715560,4270800,0.01935100,0.00900000,1
1531211715624,1531211715621,4270801,0.01935100,0.00900000,1
1531211746772,1531211746768,4270802,0.01935600,0.83600000,1
1531211748477,1531211748471,4270803,0.01935600,1.02700000,0
1531211757315,1531211757310,4270804,0.01935600,0.21400000,0
1531211757315,1531211757310,4270805,0.01939600,0.10400000,0
1531211757315,1531211757310,4270806,0.01941900,0.15100000,0
1531211757315,1531211757310,4270807,0.01942000,0.65400000,0
1531211757315,1531211757310,4270808,0.01942100,0.32000000,0
1531211757315,1531211757310,4270809,0.01942300,4.55700000,0
1531211760997,1531211760993,4270810,0.01935600,0.00700000,1
1531211762511,1531211762507,4270811,0.01935500,0.00700000,1
1531211762894,1531211762888,4270812,0.01942200,0.03200000,0
1531211776718,1531211776713,4270813,0.01935800,0.07900000,1
1531211788932,1531211788927,4270814,0.01941700,0.80500000,0
1531211788932,1531211788927,4270815,0.01941800,1.21300000,0
1531211788932,1531211788927,4270816,0.01943700,5.64500000,0
1531211828442,1531211828437,4270817,0.01939900,0.84300000,0
1531211829022,1531211829018,4270818,0.01935600,0.00100000,1
1531211845650,1531211845645,4270819,0.01939900,0.28100000,0
1531211850130,1531211850124,4270820,0.01940000,0.00800000,0
1531211853144,1531211853140,4270821,0.01940000,0.00100000,0
1531211863311,1531211863306,4270822,0.01935600,0.01800000,1
1531211863633,1531211863629,4270823,0.01939900,0.18500000,0
1531211886195,1531211886189,4270824,0.01937700,0.19000000,0
1531211886205,1531211886201,4270825,0.01939900,0.06700000,0
1531211912541,1531211912536,4270826,0.01935600,0.18400000,1
1531211941944,1531211941940,4270827,0.01939000,0.02000000,0
1531211945408,1531211945403,4270828,0.01939000,0.00100000,0
1531211978801,1531211978797,4270829,0.01938800,0.00100000,0
1531212004049,1531212004044,4270830,0.01938600,0.05500000,0
1531212007125,1531212007121,4270831,0.01935600,0.00300000,1
1531212008360,1531212008355,4270832,0.01938600,0.05700000,0
1531212008360,1531212008355,4270833,0.01939700,0.14800000,0
1531212008360,1531212008355,4270834,0.01939800,0.24000000,0
1531212008360,1531212008355,4270835,0.01940000,0.04300000,0
1531212008360,1531212008355,4270836,0.01942300,0.82200000,0
1531212021151,1531212021147,4270837,0.01934900,0.41800000,1
1531212022440,1531212022434,4270838,0.01942500,1.99000000,0
1531212022440,1531212022434,4270839,0.01944600,4.37200000,0
1531212022440,1531212022434,4270840,0.01946500,7.63100000,0
1531212022440,1531212022434,4270841,0.01946600,20.58200000,0
1531212023478,1531212023474,4270842,0.01942400,1.58500000,0
1531212024019,1531212024015,4270843,0.01942300,0.07600000,0
1531212085091,1531212085088,4270844,0.01938000,0.00400000,1
1531212086667,1531212086662,4270845,0.01937200,0.00400000,1
1531212167767,1531212167762,4270846,0.01940600,0.00300000,1
1531212169219,1531212169215,4270847,0.01940600,0.52100000,1
1531212175695,1531212175690,4270848,0.01940900,0.09700000,1
1531212186220,1531212186215,4270849,0.01940900,0.00100000,1
1531212243393,1531212243388,4270850,0.01941700,0.00500000,1
1531212243481,1531212243475,4270851,0.01945400,0.01700000,0
1531212246953,1531212246948,4270852,0.01943500,0.54200000,0
1531212246970,1531212246966,4270853,0.01941700,0.24700000,1
1531212257130,1531212257124,4270854,0.01941700,0.00500000,0
1531212260469,1531212260464,4270855,0.01941700,0.24700000,1
1531212260469,1531212260464,4270856,0.01941600,0.07400000,1
1531212270814,1531212270809,4270857,0.01941800,0.05600000,1
1531212282145,1531212282141,4270858,0.01941700,0.42000000,1
1531212282145,1531212282141,4270859,0.01941600,1.42800000,1
1531212298723,1531212298718,4270860,0.01943400,3.83800000,0
1531212298740,1531212298735,4270861,0.01941700,0.65700000,1
1531212298759,1531212298755,4270862,0.01941700,2.25800000,1
1531212307310,1531212307306,4270863,0.01945200,0.08000000,0
1531212307310,1531212307306,4270864,0.01945300,0.11100000,0
1531212315854,1531212315849,4270865,0.01941700,1.66800000,1
1531212322325,1531212322320,4270866,0.01944900,0.45200000,0
1531212322325,1531212322320,4270867,0.01945000,0.70300000,0
1531212324328,1531212324324,4270868,0.01945000,3.52400000,0
1531212345079,1531212345075,4270869,0.01945000,0.04300000,1
1531212345128,1531212345123,4270870,0.01945000,0.07400000,1
1531212345309,1531212345304,4270871,0.01945000,0.18000000,1
1531212361372,1531212361368,4270872,0.01942200,0.05600000,1
1531212361754,1531212361749,4270873,0.01945700,0.06500000,0
1531212364778,1531212364772,4270874,0.01945600,0.05600000,0
1531212364778,1531212364772,4270875,0.01945700,0.45700000,0
1531212379023,1531212379018,4270876,0.01943900,6.75900000,0
1531212379036,1531212379031,4270877,0.01945600,2.48600000,0
1531212388534,1531212388529,4270878,0.01942200,0.06300000,1
1531212389943,1531212389939,4270879,0.01943200,0.18400000,0
1531212402047,1531212402042,4270880,0.01943100,0.77400000,0
1531212402074,1531212402069,4270881,0.01943100,1.47700000,0
1531212407951,1531212407948,4270882,0.01942200,0.70000000,1
1531212425507,1531212425504,4270883,0.01942700,3.14300000,0
1531212425520,1531212425514,4270884,0.01942300,3.28600000,1
1531212425537,1531212425534,4270885,0.01942300,1.44300000,1
1531212439384,1531212439380,4270886,0.01943100,0.50400000,0
1531212448854,1531212448852,4270887,0.01943200,0.09700000,0
1531212458300,1531212458295,4270888,0.01942200,0.00200000,1
1531212464802,1531212464798,4270889,0.01942300,0.31300000,1
1531212464822,1531212464817,4270890,0.01942300,0.71600000,1
1531212468974,1531212468971,4270891,0.01945600,0.04900000,0
1531212489800,1531212489796,4270892,0.01945600,0.04900000,0
1531212532324,1531212532319,4270893,0.01945600,0.66700000,0
1531212532324,1531212532319,4270894,0.01945700,0.12600000,0
1531212532324,1531212532319,4270895,0.01946700,0.48600000,0
1531212548257,1531212548251,4270896,0.01946600,0.23800000,0
1531212557286,1531212557281,4270897,0.01941600,0.00100000,1
1531212583571,1531212583565,4270898,0.01944300,1.01300000,0
1531212583583,1531212583579,4270899,0.01946700,0.65900000,0
1531212593858,1531212593854,4270900,0.01946800,0.74200000,0
1531212596885,1531212596882,4270901,0.01946700,0.00100000,0
1531212598183,1531212598179,4270902,0.01941900,0.07900000,1
1531212599006,1531212599001,4270903,0.01941900,0.07800000,1
1531212601424,1531212601422,4270904,0.01946500,0.02100000,0
1531212662054,1531212662050,4270905,0.01945900,0.03600000,0
1531212702149,1531212702145,4270906,0.01943300,3.88900000,0
1531212702169,1531212702163,4270907,0.01944700,1.70100000,0
1531212702185,1531212702181,4270908,0.01944700,1.60800000,0
1531212716194,1531212716188,4270909,0.01941900,0.07800000,1
1531212717235,1531212717231,4270910,0.01941900,0.07800000,1
1531212721758,1531212721752,4270911,0.01941900,0.05300000,1
1531212722944,1531212722940,4270912,0.01941900,0.00800000,1
1531212760388,1531212760384,4270913,0.01942600,0.81200000,0
1531212775804,1531212775799,4270914,0.01941900,0.38100000,1
1531212775804,1531212775799,4270915,0.01941800,0.12200000,1
1531212775804,1531212775799,4270916,0.01941500,1.30200000,1
1531212784671,1531212784665,4270917,0.01942000,3.26300000,0
1531212784688,1531212784682,4270918,0.01942600,1.18300000,0
1531212795869,1531212795865,4270919,0.01942100,1.41400000,0
1531212795883,1531212795879,4270920,0.01941600,0.84000000,1
1531212807237,1531212807233,4270921,0.01942800,1.64400000,0
1531212809466,1531212809460,4270922,0.01946300,0.00100000,0
1531212810108,1531212810103,4270923,0.01941700,0.71000000,1
1531212829780,1531212829775,4270924,0.01944100,1.31600000,0
1531212829794,1531212829789,4270925,0.01941800,1.13500000,1
1531212832107,1531212832102,4270926,0.01941800,3.46900000,1
1531212832107,1531212832102,4270927,0.01941700,1.23900000,1
1531212833538,1531212833534,4270928,0.01941700,3.46900000,1
1531212833576,1531212833572,4270929,0.01941700,1.81800000,0
1531212846473,1531212846469,4270930,0.01941500,1.86200000,1
1531212874572,1531212874567,4270931,0.01943700,1.68800000,0
1531212874584,1531212874580,4270932,0.01941700,2.02400000,1
1531212874599,1531212874594,4270933,0.01941700,0.82600000,1
1531212882619,1531212882614,4270934,0.01941500,1.62800000,1
1531212904913,1531212904909,4270935,0.01941500,0.00100000,1
1531212909757,1531212909752,4270936,0.01941500,0.00100000,1
1531212912048,1531212912043,4270937,0.01941500,1.02900000,1
1531212913130,1531212913125,4270938,0.01941500,0.52300000,1
1531212913528,1531212913523,4270939,0.01941500,0.70800000,1
1531212917387,1531212917385,4270940,0.01941500,1.62900000,1
1531212928304,1531212928300,4270941,0.01945200,0.03600000,0
1531212943580,1531212943575,4270942,0.01941500,10.09600000,1
1531212943580,1531212943575,4270943,0.01940000,39.79200000,1
1531212950848,1531212950844,4270944,0.01940100,0.35600000,1
1531212950848,1531212950844,4270945,0.01940000,1.46000000,1
1531212961411,1531212961406,4270946,0.01940000,0.06300000,1
1531212966216,1531212966211,4270947,0.01940100,0.00100000,1
1531212984619,1531212984615,4270948,0.01940100,0.98900000,1
1531212984619,1531212984615,4270949,0.01940000,0.78000000,1
1531212987086,1531212987083,4270950,0.01940000,4.73700000,1
1531213009870,1531213009865,4270951,0.01940100,0.07700000,1
1531213009870,1531213009865,4270952,0.01940000,0.11400000,1
1531213017589,1531213017584,4270953,0.01940000,1.59900000,1
1531213032539,1531213032535,4270954,0.01941700,2.10700000,0
1531213032553,1531213032548,4270955,0.01940100,0.92500000,1
1531213039728,1531213039724,4270956,0.01940000,0.00600000,1
1531213052170,1531213052165,4270957,0.01940000,1.57700000,1
1531213062972,1531213062967,4270958,0.01940100,0.60300000,1
1531213062990,1531213062986,4270959,0.01940100,0.87100000,1
1531213084494,1531213084490,4270960,0.01940100,1.75500000,1
1531213087846,1531213087842,4270961,0.01940100,0.38100000,1
1531213095994,1531213095989,4270962,0.01940100,0.88500000,1
1531213095994,1531213095989,4270963,0.01940000,0.27000000,1
1531213119015,1531213119011,4270964,0.01940000,1.64800000,1
1531213132860,1531213132826,4270965,0.01941300,5.46600000,0
1531213132860,1531213132837,4270966,0.01940200,3.85000000,1
1531213146100,1531213146097,4270967,0.01940100,1.55400000,1
1531213146100,1531213146097,4270968,0.01940000,2.72800000,1
1531213147864,1531213147859,4270969,0.01940000,1.80000000,1
1531213153952,1531213153947,4270970,0.01940000,1.52700000,1
1531213171512,1531213171508,4270971,0.01940100,1.39700000,1
1531213175596,1531213175590,4270972,0.01941000,0.00800000,0
1531213185003,1531213184998,4270973,0.01941000,0.00200000,0
1531213186206,1531213186201,4270974,0.01940000,1.68400000,1
1531213208018,1531213208013,4270975,0.01940000,0.90000000,1
1531213219443,1531213219439,4270976,0.01940000,1.45400000,1
1531213224705,1531213224701,4270977,0.01940100,0.78000000,1
1531213229476,1531213229472,4270978,0.01940000,22.11000000,1
1531213242071,1531213242065,4270979,0.01940000,0.21800000,1
1531213247993,1531213247987,4270980,0.01940000,66.82600000,1
1531213252088,1531213252083,4270981,0.01940000,1.45000000,1
1531213261778,1531213261773,4270982,0.01940100,0.05800000,1
1531213264616,1531213264612,4270983,0.01940100,0.60000000,1
1531213265045,1531213265041,4270984,0.01940000,0.13600000,1
1531213277914,1531213277910,4270985,0.01940100,0.00100000,0
1531213290840,1531213290836,4270986,0.01940100,0.05700000,0
1531213291286,1531213291278,4270987,0.01940100,0.60100000,1
1531213291286,1531213291278,4270988,0.01940000,0.86900000,1
1531213320390,1531213320385,4270989,0.01940000,1.61200000,1
1531213328295,1531213328290,4270990,0.01940000,4.02500000,1
1531213352745,1531213352741,4270991,0.01940000,1.51900000,1
1531213359967,1531213359962,4270992,0.01940100,0.12100000,1
1531213361041,1531213361035,4270993,0.01940100,0.16100000,1
1531213361654,1531213361650,4270994,0.01940600,0.70400000,0
1531213361669,1531213361665,4270995,0.01940100,0.24500000,1
1531213362167,1531213362163,4270996,0.01940000,0.34600000,1
1531213363766,1531213363760,4270997,0.01940000,0.86600000,1
1531213376278,1531213376274,4270998,0.01940000,2.01600000,1
1531213376298,1531213376293,4270999,0.01940100,0.28200000,0
1531213385148,1531213385144,4271000,0.01940100,0.24500000,1
1531213385148,1531213385144,4271001,0.01940000,1.27500000,1
1531213387760,1531213387755,4271002,0.01940000,0.90000000,1
1531213396820,1531213396815,4271003,0.01940200,2.31700000,0
1531213396837,1531213396832,4271004,0.01940100,0.97400000,1
1531213396857,1531213396852,4271005,0.01940100,0.87800000,1
1531213401833,1531213401828,4271006,0.01940300,0.23900000,0
1531213416550,1531213416545,4271007,0.01940100,0.30800000,1
1531213416550,1531213416545,4271008,0.01940000,1.02900000,1
1531213423814,1531213423809,4271009,0.01940000,0.00200000,1
1531213426959,1531213426954,4271010,0.01940000,0.11300000,1
1531213430478,1531213430472,4271011,0.01940000,0.22900000,1
1531213449364,1531213449359,4271012,0.01940100,0.23400000,0
1531213484756,1531213484750,4271013,0.01940300,0.00100000,0
1531213501966,1531213501962,4271014,0.01940200,19.15200000,0
1531213501984,1531213501980,4271015,0.01940200,24.16100000,0
1531213516494,1531213516488,4271016,0.01940000,0.03700000,1
1531213530390,1531213530386,4271017,0.01940200,23.50100000,0
1531213530412,1531213530407,4271018,0.01940200,19.81500000,0
1531213535814,1531213535811,4271019,0.01940100,0.14300000,1
1531213537230,1531213537226,4271020,0.01940100,0.11100000,1
1531213540254,1531213540248,4271021,0.01940100,21.22000000,1
1531213559318,1531213559313,4271022,0.01940000,0.14200000,1
1531213563930,1531213563926,4271023,0.01940100,0.25400000,0
1531213566972,1531213566968,4271024,0.01940200,43.31600000,0
1531213576824,1531213576820,4271025,0.01940000,0.00100000,1
1531213582131,1531213582126,4271026,0.01940200,43.31600000,0
1531213595084,1531213595080,4271027,0.01940000,0.05800000,1
1531213597279,1531213597272,4271028,0.01940300,0.51500000,0
1531213597279,1531213597272,4271029,0.01944100,0.84000000,0
1531213597279,1531213597272,4271030,0.01944600,0.07700000,0
1531213597279,1531213597272,4271031,0.01946200,1.72000000,0
1531213597279,1531213597272,4271032,0.01946300,0.99000000,0
1531213597279,1531213597272,4271033,0.01946700,5.43800000,0
1531213597279,1531213597272,4271034,0.01946800,19.21000000,0
1531213616730,1531213616725,4271035,0.01940100,0.02900000,1
1531213622743,1531213622738,4271036,0.01943700,0.09600000,0
1531213651502,1531213651497,4271037,0.01943500,0.57500000,0
1531213660335,1531213660331,4271038,0.01940100,0.82600000,1
1531213660335,1531213660331,4271039,0.01940000,20.51600000,1
1531213677212,1531213677208,4271040,0.01940100,0.12600000,1
1531213699277,1531213699274,4271041,0.01940100,0.12600000,1
1531213713757,1531213713753,4271042,0.01943600,0.14800000,0
1531213714058,1531213714055,4271043,0.01943600,0.14800000,0
1531213714356,1531213714352,4271044,0.01943600,0.14800000,0
1531213714761,1531213714758,4271045,0.01943600,0.14800000,0
1531213716057,1531213716052,4271046,0.01943600,0.14800000,0
1531213734181,1531213734177,4271047,0.01940100,0.02900000,1
1531213752074,1531213752069,4271048,0.01940100,0.00100000,1
1531213753672,1531213753667,4271049,0.01943500,0.25000000,0
1531213802334,1531213802330,4271050,0.01940100,0.14800000,1
1531213847560,1531213847555,4271051,0.01943400,0.00200000,0
1531213851035,1531213851031,4271052,0.01940100,0.01900000,1
1531213858069,1531213858065,4271053,0.01940100,0.00100000,1
1531213861525,1531213861522,4271054,0.01940300,0.09600000,1
1531213937972,1531213937967,4271055,0.01942000,2.16400000,0
1531213937986,1531213937983,4271056,0.01940400,0.99200000,1
1531213973982,1531213973976,4271057,0.01940300,0.84200000,1
1531213973982,1531213973976,4271058,0.01940100,0.25000000,1
1531213973982,1531213973976,4271059,0.01940000,13.87200000,1
1531214001119,1531214001115,4271060,0.01940000,0.02700000,1
1531214037172,1531214037168,4271061,0.01940100,0.33300000,1
1531214037196,1531214037193,4271062,0.01940100,0.76800000,1
1531214045728,1531214045724,4271063,0.01940000,0.01000000,1
1531214051429,1531214051424,4271064,0.01940000,0.00300000,1
1531214126087,1531214126082,4271065,0.01940200,0.00100000,1
1531214128802,1531214128797,4271066,0.01941900,0.22600000,0
1531214128812,1531214128807,4271067,0.01940200,0.08000000,1
1531214128836,1531214128831,4271068,0.01940200,0.22600000,1
1531214156778,1531214156773,4271069,0.01940200,0.00100000,0
1531214176107,1531214176103,4271070,0.01940200,0.07100000,1
1531214176709,1531214176704,4271071,0.01940200,0.00200000,1
1531214179310,1531214179307,4271072,0.01940200,0.15300000,1
1531214186304,1531214186299,4271073,0.01940100,43.24400000,0
1531214186314,1531214186310,4271074,0.01940200,0.07400000,0
1531214194491,1531214194488,4271075,0.01943600,0.40900000,0
1531214194491,1531214194488,4271076,0.01943700,1.36300000,0
1531214195700,1531214195696,4271077,0.01943600,0.00300000,0
1531214225008,1531214225003,4271078,0.01940100,0.85900000,1
1531214225008,1531214225003,4271079,0.01940000,0.28400000,1
1531214239656,1531214239651,4271080,0.01940000,0.04800000,1
1531214256001,1531214255996,4271081,0.01940000,1.12600000,1
1531214273682,1531214273677,4271082,0.01941800,25.94900000,0
1531214273700,1531214273695,4271083,0.01940100,4.21900000,1
1531214289067,1531214289063,4271084,0.01940000,1.13800000,1
1531214297006,1531214297003,4271085,0.01940000,0.00800000,1
1531214309728,1531214309724,4271086,0.01940100,23.75000000,1
1531214309750,1531214309745,4271087,0.01940100,18.17800000,1
1531214344642,1531214344637,4271088,0.01940100,26.64900000,1
1531214348567,1531214348561,4271089,0.01943600,0.85900000,0
1531214348567,1531214348561,4271090,0.01943700,24.69900000,0
1531214348997,1531214348993,4271091,0.01940000,0.00300000,1
1531214353542,1531214353537,4271092,0.01940100,0.87400000,1
1531214353542,1531214353537,4271093,0.01940000,0.15800000,1
1531214380361,1531214380356,4271094,0.01940000,8.58000000,1
1531214384945,1531214384939,4271095,0.01940000,1.08300000,1
1531214390656,1531214390652,4271096,0.01940000,0.30000000,1
1531214408135,1531214408131,4271097,0.01943200,0.87400000,0
1531214408135,1531214408131,4271098,0.01943300,24.68400000,0
1531214417467,1531214417462,4271099,0.01940100,0.88600000,1
1531214417467,1531214417462,4271100,0.01940000,0.14900000,1
1531214426840,1531214426835,4271101,0.01940100,0.89200000,1
1531214426840,1531214426835,4271102,0.01940000,19.08200000,1
1531214434134,1531214434129,4271103,0.01940000,0.00100000,1
1531214460440,1531214460436,4271104,0.01940000,0.00100000,1
1531214463404,1531214463400,4271105,0.01943500,0.94600000,0
1531214504880,1531214504876,4271106,0.01940000,0.00300000,1
1531214508464,1531214508458,4271107,0.01943600,0.03800000,0
1531214512546,1531214512541,4271108,0.01940100,0.99400000,1
1531214513006,1531214513003,4271109,0.01941800,15.26400000,0
1531214513020,1531214513015,4271110,0.01940100,4.92200000,1
1531214539166,1531214539160,4271111,0.01940100,0.99400000,0
1531214547422,1531214547417,4271112,0.01943600,0.00400000,0
1531214552829,1531214552824,4271113,0.01941800,10.39000000,0
1531214552848,1531214552844,4271114,0.01940200,4.85500000,1
1531214552858,1531214552854,4271115,0.01940100,5.21900000,1
1531214553051,1531214553047,4271116,0.01940000,5.26700000,1
1531214559023,1531214559021,4271117,0.01940000,0.10500000,1
1531214569602,1531214569599,4271118,0.01940100,0.69700000,0
1531214571966,1531214571962,4271119,0.01943500,0.24100000,1
1531214573450,1531214573444,4271120,0.01940100,4.10400000,1
1531214598010,1531214598007,4271121,0.01940100,1.11500000,1
1531214611418,1531214611414,4271122,0.01940100,0.03400000,0
1531214621229,1531214621226,4271123,0.01940100,0.33100000,0
1531214622391,1531214622386,4271124,0.01940000,20.48500000,1
1531214622421,1531214622417,4271125,0.01940100,4.43600000,0
1531214633203,1531214633199,4271126,0.01943500,0.79000000,0
1531214633203,1531214633199,4271127,0.01943600,0.41000000,0
1531214634479,1531214634474,4271128,0.01940200,0.41900000,1
1531214634493,1531214634490,4271129,0.01940200,1.16900000,1
1531214646920,1531214646916,4271130,0.01940100,0.91200000,1
1531214646920,1531214646916,4271131,0.01940000,0.14100000,1
1531214656664,1531214656659,4271132,0.01940200,32.06000000,1
1531214659143,1531214659138,4271133,0.01940000,10.38800000,1
1531214662369,1531214662365,4271134,0.01940000,0.14800000,1
1531214662652,1531214662647,4271135,0.01940000,33.99700000,1
1531214663731,1531214663728,4271136,0.01940000,0.02000000,1
1531214680332,1531214680328,4271137,0.01940100,20.99500000,1
1531214680349,1531214680345,4271138,0.01940100,19.28600000,1
1531214680543,1531214680539,4271139,0.01940000,0.97400000,1
1531214686489,1531214686485,4271140,0.01940000,16.76600000,1
1531214690686,1531214690681,4271141,0.01940000,6.20000000,1
1531214693505,1531214693500,4271142,0.01943400,0.91200000,0
1531214693505,1531214693500,4271143,0.01943500,32.44500000,0
1531214701462,1531214701458,4271144,0.01941700,26.92400000,0
1531214701474,1531214701471,4271145,0.01940200,9.89700000,1
1531214707516,1531214707510,4271146,0.01940100,0.92300000,1
1531214707516,1531214707510,4271147,0.01940000,6.87500000,1
1531214711452,1531214711447,4271148,0.01940100,0.92300000,1
1531214711452,1531214711447,4271149,0.01940000,0.00300000,1
1531214723019,1531214723014,4271150,0.01940000,2.80400000,1
1531214731865,1531214731860,4271151,0.01940100,32.58400000,1
1531214743386,1531214743382,4271152,0.01941400,2.07700000,0
1531214743403,1531214743398,4271153,0.01940100,25.57600000,1
1531214743413,1531214743409,4271154,0.01940100,1.14100000,1
1531214746044,1531214746040,4271155,0.01940000,0.87500000,1
1531214750774,1531214750769,4271156,0.01942800,0.00100000,0
1531214754877,1531214754871,4271157,0.01942800,0.00700000,0
1531214777882,1531214777878,4271158,0.01940100,0.92900000,1
1531214778085,1531214778081,4271159,0.01940100,1.22400000,1
1531214785895,1531214785890,4271160,0.01942800,0.09300000,0
1531214796393,1531214796389,4271161,0.01940100,4.41700000,1
1531214796393,1531214796389,4271162,0.01940000,5.58300000,1
1531214809825,1531214809822,4271163,0.01940100,0.97200000,1
1531214815131,1531214815126,4271164,0.01940100,3.73900000,1
1531214817199,1531214817194,4271165,0.01940000,49.75900000,1
1531214824729,1531214824725,4271166,0.01940000,1.29400000,1
1531214829151,1531214829146,4271167,0.01940100,0.97200000,0
1531214829151,1531214829146,4271168,0.01942800,14.25400000,0
1531214835067,1531214835062,4271169,0.01940000,0.01400000,1
1531214844289,1531214844286,4271170,0.01940100,0.14800000,1
1531214845310,1531214845307,4271171,0.01940100,0.14800000,1
1531214847334,1531214847329,4271172,0.01940100,0.14800000,1
1531214848354,1531214848346,4271173,0.01940100,0.14800000,1
1531214849376,1531214849372,4271174,0.01940100,0.14800000,1
1531214851359,1531214851355,4271175,0.01940100,0.07700000,1
1531214852185,1531214852181,4271176,0.01940000,0.11900000,1
1531214874628,1531214874624,4271177,0.01941400,7.77200000,0
1531214874637,1531214874633,4271178,0.01940100,3.16000000,1
1531214875417,1531214875413,4271179,0.01942800,0.03500000,0
1531214887576,1531214887569,4271180,0.01942800,1.72600000,0
1531214887576,1531214887569,4271181,0.01942900,0.92300000,0
1531214887576,1531214887569,4271182,0.01943000,0.92300000,0
1531214887576,1531214887569,4271183,0.01943100,21.99200000,0
1531214906573,1531214906569,4271184,0.01940100,0.59300000,1
1531214916577,1531214916574,4271185,0.01940200,3.22500000,1
1531214916594,1531214916588,4271186,0.01940200,10.04800000,1
1531214921116,1531214921112,4271187,0.01940100,0.00100000,1
1531214923771,1531214923766,4271188,0.01942800,0.08000000,0
1531214938582,1531214938577,4271189,0.01940100,0.35400000,1
1531214938582,1531214938577,4271190,0.01940000,15.40200000,1
1531214944851,1531214944847,4271191,0.01940100,9.25200000,1
1531214945652,1531214945648,4271192,0.01940100,5.26900000,1
1531214953713,1531214953709,4271193,0.01940000,1.44400000,1
1531214965717,1531214965713,4271194,0.01940000,1.72400000,1
1531214968943,1531214968939,4271195,0.01940000,0.41100000,1
1531214968970,1531214968967,4271196,0.01940100,3.93200000,0
1531214983065,1531214983062,4271197,0.01942600,10.49300000,0
1531214983085,1531214983081,4271198,0.01940100,5.26900000,1
1531214983108,1531214983104,4271199,0.01940000,0.41000000,1
1531214984023,1531214984019,4271200,0.01940100,3.93200000,0
1531215001768,1531215001765,4271201,0.01941400,9.18700000,0
1531215001785,1531215001782,4271202,0.01940100,8.83300000,1
1531215003793,1531215003788,4271203,0.01940000,0.00100000,1
1531215007048,1531215007044,4271204,0.01940000,0.00800000,1
1531215008055,1531215008050,4271205,0.01940000,15.81000000,1
1531215011980,1531215011976,4271206,0.01942700,0.00100000,0
1531215032496,1531215032492,4271207,0.01940100,3.94300000,1
1531215032515,1531215032511,4271208,0.01940100,8.52800000,1
1531215039710,1531215039706,4271209,0.01940100,0.01900000,1
1531215044388,1531215044384,4271210,0.01941400,7.75000000,0
1531215044405,1531215044401,4271211,0.01940100,4.00600000,1
1531215044420,1531215044416,4271212,0.01940100,4.65000000,1
1531215073556,1531215073552,4271213,0.01940000,46.95900000,1
1531215074685,1531215074679,4271214,0.01940000,0.89600000,1
1531215077018,1531215077013,4271215,0.01940100,0.07000000,0
1531215095931,1531215095926,4271216,0.01940100,2.42600000,1
1531215125511,1531215125508,4271217,0.01940100,8.79100000,1
1531215127738,1531215127734,4271218,0.01940000,12.28700000,1
1531215130163,1531215130158,4271219,0.01940000,0.04100000,1
1531215140203,1531215140198,4271220,0.01941400,8.80400000,0
1531215140210,1531215140206,4271221,0.01940100,4.40200000,1
1531215144248,1531215144242,4271222,0.01940000,0.00500000,1
1531215171553,1531215171549,4271223,0.01940100,0.78700000,1
1531215176137,1531215176132,4271224,0.01940100,31.29100000,1
1531215189669,1531215189665,4271225,0.01940000,19.24900000,1
1531215189681,1531215189677,4271226,0.01940000,16.10700000,0
1531215189692,1531215189688,4271227,0.01940100,0.78700000,0
1531215210152,1531215210147,4271228,0.01940200,11.10500000,1
1531215233568,1531215233563,4271229,0.01940300,0.00500000,1
1531215234612,1531215234606,4271230,0.01940300,3.05300000,1
1531215236446,1531215236440,4271231,0.01941400,12.77200000,0
1531215236463,1531215236459,4271232,0.01940300,45.20600000,1
1531215236483,1531215236477,4271233,0.01940300,5.02500000,1
1531215243694,1531215243690,4271234,0.01940200,0.09300000,1
1531215260145,1531215260141,4271235,0.01937400,0.01300000,1
1531215262083,1531215262079,4271236,0.01937400,39.64500000,1
1531215272031,1531215272028,4271237,0.01937300,0.99000000,1
1531215273028,1531215273025,4271238,0.01937200,2.91900000,1
1531215282739,1531215282734,4271239,0.01937300,0.01500000,1
1531215283856,1531215283852,4271240,0.01937300,45.06400000,1
1531215283875,1531215283870,4271241,0.01937300,4.52300000,0
1531215283882,1531215283878,4271242,0.01937300,45.06400000,1
1531215286455,1531215286451,4271243,0.01937300,0.01500000,0
1531215286455,1531215286451,4271244,0.01940200,0.70600000,0
1531215286455,1531215286451,4271245,0.01942700,0.31600000,0
1531215286455,1531215286451,4271246,0.01943600,0.22100000,0
1531215294422,1531215294418,4271247,0.01943500,1.25800000,0
1531215297848,1531215297844,4271248,0.01937800,0.97200000,1
1531215297848,1531215297844,4271249,0.01937700,0.34900000,1
1531215297848,1531215297844,4271250,0.01937200,3.13600000,1
1531215299135,1531215299131,4271251,0.01937200,0.01800000,1
1531215303517,1531215303512,4271252,0.01937000,0.00900000,1
1531215314744,1531215314740,4271253,0.01942200,0.34900000,0
1531215314744,1531215314740,4271254,0.01942800,0.97200000,0
1531215314744,1531215314740,4271255,0.01942900,0.52900000,0
1531215315607,1531215315603,4271256,0.01937100,0.10500000,1
1531215316387,1531215316382,4271257,0.01940000,4.11900000,0
1531215316398,1531215316395,4271258,0.01937100,1.87600000,1
1531215316548,1531215316545,4271259,0.01937100,0.10500000,0
1531215335020,1531215335015,4271260,0.01937300,0.00300000,1
1531215336682,1531215336678,4271261,0.01937100,0.00300000,1
1531215358049,1531215358046,4271262,0.01937400,0.74000000,1
1531215369129,1531215369124,4271263,0.01937200,0.00700000,1
1531215401744,1531215401740,4271264,0.01943000,0.01400000,0
1531215402255,1531215402252,4271265,0.01937900,0.00200000,1
1531215445034,1531215445031,4271266,0.01937600,0.00500000,1
1531215467620,1531215467616,4271267,0.01943000,0.51400000,0
1531215473719,1531215473714,4271268,0.01943000,0.46200000,0
1531215473719,1531215473714,4271269,0.01943500,0.05900000,0
1531215493417,1531215493413,4271270,0.01943600,5.13500000,0
1531215495904,1531215495900,4271271,0.01937900,0.00500000,1
1531215538058,1531215538054,4271272,0.01943500,0.10600000,0
1531215561421,1531215561414,4271273,0.01938200,1.30800000,1
1531215561421,1531215561414,4271274,0.01938100,0.99000000,1
1531215561421,1531215561414,4271275,0.01937500,5.45100000,1
1531215561421,1531215561414,4271276,0.01937400,15.80600000,1
1531215561421,1531215561414,4271277,0.01937000,0.06800000,1
1531215561421,1531215561414,4271278,0.01935600,0.99000000,1
1531215561421,1531215561414,4271279,0.01935500,0.41200000,1
1531215561421,1531215561414,4271280,0.01934900,1.99000000,1
1531215561421,1531215561414,4271281,0.01934800,8.00000000,1
1531215561421,1531215561414,4271282,0.01933100,0.24000000,1
1531215561421,1531215561414,4271283,0.01932900,0.38100000,1
1531215561421,1531215561414,4271284,0.01932800,0.03400000,1
1531215562899,1531215562893,4271285,0.01933800,3.57200000,0
1531215564981,1531215564976,4271286,0.01933200,0.00900000,1
1531215565015,1531215565010,4271287,0.01933200,0.00900000,1
1531215576751,1531215576746,4271288,0.01934500,0.00600000,1
1531215594223,1531215594219,4271289,0.01942800,0.32200000,0
1531215594223,1531215594219,4271290,0.01943100,0.41100000,0
1531215594223,1531215594219,4271291,0.01943300,0.26700000,0
1531215596472,1531215596468,4271292,0.01937100,1.00000000,1
1531215597545,1531215597541,4271293,0.01943200,1.00000000,0
1531215597545,1531215597541,4271294,0.01943300,5.18400000,0
1531215597545,1531215597541,4271295,0.01943400,0.06000000,0
1531215598181,1531215598175,4271296,0.01943400,1.92000000,0
1531215598181,1531215598175,4271297,0.01943500,1.56400000,0
1531215598181,1531215598175,4271298,0.01943700,0.03600000,0
1531215603309,1531215603305,4271299,0.01943700,7.69400000,0
1531215604668,1531215604664,4271300,0.01943700,6.08400000,0
1531215613570,1531215613566,4271301,0.01943700,5.61000000,0
1531215630749,1531215630744,4271302,0.01940100,2.01000000,1
1531215630749,1531215630744,4271303,0.01940000,3.44600000,1
1531215630749,1531215630744,4271304,0.01937000,0.07700000,1
1531215630749,1531215630744,4271305,0.01935300,0.80000000,1
1531215630749,1531215630744,4271306,0.01935000,1.66700000,1
1531215641987,1531215641984,4271307,0.01936900,0.00200000,1
1531215689248,1531215689244,4271308,0.01937800,0.08000000,1
1531215765397,1531215765394,4271309,0.01938200,0.45800000,1
1531215767407,1531215767403,4271310,0.01940500,1.86200000,0
1531215767422,1531215767418,4271311,0.01938200,0.98200000,1
1531215767435,1531215767431,4271312,0.01938200,0.36000000,1
1531215767497,1531215767492,4271313,0.01938200,0.18000000,0
1531215767555,1531215767550,4271314,0.01938200,0.08400000,0
1531215767697,1531215767693,4271315,0.01938200,0.19200000,0
1531215797439,1531215797436,4271316,0.01938300,4.21600000,1
1531215799739,1531215799734,4271317,0.01942800,0.05700000,0
1531215813568,1531215813565,4271318,0.01938300,1.08200000,1
1531215813584,1531215813580,4271319,0.01938300,4.62300000,1
1531215832641,1531215832636,4271320,0.01938300,2.12900000,1
1531215832641,1531215832636,4271321,0.01938200,0.25800000,1
1531215832641,1531215832636,4271322,0.01937000,0.07700000,1
1531215832641,1531215832636,4271323,0.01936500,0.29700000,1
1531215832641,1531215832636,4271324,0.01933300,2.92300000,1
1531215832641,1531215832636,4271325,0.01933200,16.43600000,1
1531215832641,1531215832636,4271326,0.01933100,2.00500000,1
1531215839890,1531215839887,4271327,0.01935700,0.92100000,1
1531215841594,1531215841589,4271328,0.01935700,0.89400000,1
1531215841594,1531215841589,4271329,0.01934800,8.96000000,1
1531215841594,1531215841589,4271330,0.01934600,8.24000000,1
1531215841819,1531215841816,4271331,0.01942800,0.00300000,0
1531215856175,1531215856171,4271332,0.01942800,0.02000000,0
1531215856175,1531215856171,4271333,0.01942900,0.01700000,0
1531215856739,1531215856734,4271334,0.01942900,0.96600000,0
1531215857808,1531215857804,4271335,0.01942900,0.03600000,0
1531215863028,1531215863024,4271336,0.01942900,0.00100000,0
1531215863028,1531215863024,4271337,0.01943000,0.00300000,0
1531215869796,1531215869791,4271338,0.01943000,0.07500000,0
1531215869852,1531215869847,4271339,0.01943000,0.08000000,0
1531215869960,1531215869955,4271340,0.01943000,0.07800000,0
1531215870032,1531215870028,4271341,0.01943000,0.18100000,0
1531215870545,1531215870540,4271342,0.01943000,0.07500000,0
1531215870548,1531215870543,4271343,0.01934600,1.04700000,1
1531215870548,1531215870543,4271344,0.01934500,1.81500000,1
1531215870548,1531215870543,4271345,0.01934400,0.42900000,1
1531215870548,1531215870543,4271346,0.01934100,5.15600000,1
1531215870548,1531215870543,4271347,0.01932800,5.12400000,1
1531215877032,1531215877028,4271348,0.01935000,0.34200000,1
1531215877032,1531215877028,4271349,0.01934800,9.83600000,1
1531215880907,1531215880902,4271350,0.01933000,0.47000000,1
1531215882275,1531215882272,4271351,0.01942400,0.03800000,0
1531215882464,1531215882459,4271352,0.01942400,0.08000000,0
1531215882773,1531215882769,4271353,0.01942400,0.35600000,0
1531215895102,1531215895097,4271354,0.01941700,0.08000000,0
1531215896565,1531215896560,4271355,0.01936500,1.81500000,1
1531215896565,1531215896560,4271356,0.01936300,0.47800000,1
1531215896565,1531215896560,4271357,0.01934800,5.25500000,1
1531215896565,1531215896560,4271358,0.01934200,0.99000000,1
1531215896565,1531215896560,4271359,0.01933600,25.49500000,1
1531215896565,1531215896560,4271360,0.01932900,10.68500000,1
1531215896565,1531215896560,4271361,0.01932800,6.83600000,1
1531215896565,1531215896560,4271362,0.01931900,8.00000000,1
1531215896565,1531215896560,4271363,0.01931200,0.07700000,1
1531215896565,1531215896560,4271364,0.01930900,1.32900000,1
1531215896565,1531215896560,4271365,0.01930800,7.41600000,1
1531215896565,1531215896560,4271366,0.01930600,0.31300000,1
1531215896565,1531215896560,4271367,0.01930100,34.31100000,1
1531215902113,1531215902107,4271368,0.01935400,4.13200000,1
1531215902113,1531215902107,4271369,0.01934600,1.81500000,1
1531215902113,1531215902107,4271370,0.01933100,0.41300000,1
1531215902113,1531215902107,4271371,0.01932600,2.44000000,1
1531215902113,1531215902107,4271372,0.01932300,6.46700000,1
1531215906863,1531215906859,4271373,0.01934500,1.81500000,1
1531215906863,1531215906859,4271374,0.01934300,4.45500000,1
1531215906863,1531215906859,4271375,0.01933200,8.99800000,1
1531215912135,1531215912131,4271376,0.01940600,0.08000000,0
1531215918467,1531215918463,4271377,0.01934700,1.81500000,1
1531215918467,1531215918463,4271378,0.01934500,1.12500000,1
1531215918467,1531215918463,4271379,0.01933800,8.73900000,1
1531215918556,1531215918552,4271380,0.01940300,1.04900000,0
1531215925480,1531215925476,4271381,0.01940000,0.21900000,0
1531215933192,1531215933188,4271382,0.01934600,0.10500000,1
1531215939025,1531215939021,4271383,0.01939300,0.03800000,0
1531215947110,1531215947106,4271384,0.01938700,0.10400000,0
1531215948133,1531215948130,4271385,0.01939000,0.09600000,0
1531215949368,1531215949365,4271386,0.01939100,0.30400000,0
1531215951239,1531215951235,4271387,0.01941200,0.75000000,0
1531215952601,1531215952595,4271388,0.01938700,0.05600000,1
1531215952601,1531215952595,4271389,0.01937100,0.20500000,1
1531215966286,1531215966283,4271390,0.01943000,0.08000000,0
1531215971820,1531215971813,4271391,0.01938000,0.19900000,1
1531215975649,1531215975645,4271392,0.01942900,0.06200000,0
1531215993390,1531215993386,4271393,0.01939100,0.05200000,0
1531215993390,1531215993386,4271394,0.01942900,0.02600000,0
1531216002374,1531216002370,4271395,0.01937100,0.00100000,1
1531216004096,1531216004090,4271396,0.01937100,0.07500000,1
1531216004897,1531216004892,4271397,0.01937100,0.25900000,1
1531216008149,1531216008145,4271398,0.01937100,0.17100000,1
1531216008631,1531216008626,4271399,0.01937100,0.37000000,1
1531216026768,1531216026764,4271400,0.01939400,12.34800000,0
1531216026786,1531216026780,4271401,0.01937200,5.36800000,1
1531216049350,1531216049347,4271402,0.01938100,12.66800000,0
1531216049360,1531216049356,4271403,0.01937100,2.45100000,1
1531216049372,1531216049366,4271404,0.01937100,5.19200000,1
1531216059216,1531216059212,4271405,0.01937100,1.02200000,1
1531216059238,1531216059233,4271406,0.01937100,2.72500000,1
1531216080857,1531216080854,4271407,0.01939100,0.08000000,0
1531216087568,1531216087563,4271408,0.01937100,0.32800000,1
1531216087587,1531216087583,4271409,0.01937100,2.22800000,1
1531216094388,1531216094385,4271410,0.01938100,2.60200000,0
1531216094397,1531216094394,4271411,0.01937100,1.20500000,1
1531216125014,1531216125009,4271412,0.01938100,4.70000000,0
1531216125036,1531216125032,4271413,0.01937100,2.13700000,1
1531216128747,1531216128742,4271414,0.01939100,0.05600000,0
1531216143206,1531216143202,4271415,0.01938100,1.15500000,0
1531216143223,1531216143219,4271416,0.01937100,0.94600000,1
1531216168897,1531216168892,4271417,0.01937100,1.75800000,1
1531216168912,1531216168908,4271418,0.01937100,2.73700000,1
1531216184033,1531216184029,4271419,0.01937000,0.07600000,1
1531216196892,1531216196886,4271420,0.01938100,0.35500000,0
1531216196906,1531216196901,4271421,0.01937100,1.63900000,1
1531216196933,1531216196930,4271422,0.01937100,0.23900000,1
1531216215184,1531216215180,4271423,0.01937100,0.08600000,1
1531216220607,1531216220602,4271424,0.01938000,2.63300000,0
1531216220619,1531216220614,4271425,0.01937100,1.29200000,1
1531216220636,1531216220632,4271426,0.01937100,1.27200000,1
1531216234064,1531216234060,4271427,0.01937000,0.00100000,1
1531216234077,1531216234073,4271428,0.01937000,0.10400000,0
1531216234091,1531216234087,4271429,0.01937100,0.33100000,0
1531216242058,1531216242054,4271430,0.01937100,1.02700000,1
1531216248955,1531216248952,4271431,0.01937100,0.07300000,0
1531216255560,1531216255556,4271432,0.01937900,4.49100000,0
1531216255577,1531216255572,4271433,0.01937000,0.07800000,1
1531216257952,1531216257947,4271434,0.01937000,0.02600000,0
1531216279174,1531216279171,4271435,0.01937200,0.00300000,1
1531216279302,1531216279298,4271436,0.01937200,0.00700000,1
1531216283913,1531216283910,4271437,0.01938000,3.38000000,0
1531216283923,1531216283918,4271438,0.01937200,0.54500000,1
1531216283944,1531216283940,4271439,0.01937200,1.36500000,1
1531216302138,1531216302133,4271440,0.01937200,0.01000000,0
1531216320468,1531216320464,4271441,0.01938200,1.74000000,0
1531216320479,1531216320476,4271442,0.01937300,0.92600000,1
1531216320494,1531216320489,4271443,0.01937200,1.36500000,1
1531216330736,1531216330731,4271444,0.01937100,0.22400000,1
1531216340376,1531216340373,4271445,0.01937200,0.01000000,0
1531216343487,1531216343482,4271446,0.01937200,0.64600000,1
1531216344951,1531216344947,4271447,0.01937200,0.44500000,1
1531216345788,1531216345782,4271448,0.01937200,0.27400000,1
1531216354372,1531216354368,4271449,0.01937100,0.63400000,1
1531216358576,1531216358572,4271450,0.01937900,2.20500000,0
1531216358583,1531216358579,4271451,0.01937100,1.08600000,1
1531216358592,1531216358588,4271452,0.01937100,0.34100000,1
1531216361123,1531216361118,4271453,0.01937100,0.05600000,0
1531216367975,1531216367970,4271454,0.01937100,0.44200000,0
1531216385656,1531216385650,4271455,0.01937000,0.07700000,1
1531216385670,1531216385667,4271456,0.01937000,1.59000000,0
1531216385684,1531216385681,4271457,0.01937100,0.13500000,0
1531216389987,1531216389984,4271458,0.01937100,0.82300000,1
1531216392592,1531216392588,4271459,0.01937100,0.50400000,1
1531216402514,1531216402510,4271460,0.01937200,0.51600000,0
1531216404390,1531216404386,4271461,0.01937100,0.02900000,1
1531216404552,1531216404546,4271462,0.01937200,5.88400000,0
1531216404552,1531216404546,4271463,0.01938000,9.02600000,0
1531216404552,1531216404546,4271464,0.01938800,0.99000000,0
1531216404552,1531216404546,4271465,0.01939200,0.05200000,0
1531216404552,1531216404546,4271466,0.01939800,6.18600000,0
1531216404552,1531216404546,4271467,0.01940100,0.87800000,0
1531216404552,1531216404546,4271468,0.01941000,0.69300000,0
1531216422495,1531216422492,4271469,0.01937200,0.00500000,1
1531216427541,1531216427536,4271470,0.01937200,0.87600000,1
1531216457067,1531216457063,4271471,0.01937300,16.22500000,1
1531216460726,1531216460721,4271472,0.01937200,0.07000000,1
1531216466612,1531216466608,4271473,0.01937200,0.13100000,1
1531216466612,1531216466608,4271474,0.01937100,1.24400000,1
1531216467098,1531216467094,4271475,0.01939800,0.00400000,0
1531216468462,1531216468457,4271476,0.01937100,1.36400000,1
1531216469158,1531216469153,4271477,0.01937100,1.02000000,1
1531216472353,1531216472348,4271478,0.01937100,8.07800000,1
1531216496242,1531216496239,4271479,0.01933600,0.00200000,1
1531216505672,1531216505668,4271480,0.01934000,0.34000000,1
1531216507548,1531216507545,4271481,0.01934000,0.10600000,1
1531216508670,1531216508666,4271482,0.01934000,0.04900000,1
1531216510515,1531216510511,4271483,0.01931200,0.00900000,1
1531216511685,1531216511680,4271484,0.01933500,0.05200000,0
1531216512411,1531216512408,4271485,0.01933500,0.19600000,0
1531216512411,1531216512408,4271486,0.01933600,0.12600000,0
1531216514659,1531216514655,4271487,0.01931200,0.00900000,1
1531216514723,1531216514718,4271488,0.01931200,0.00900000,1
1531216521497,1531216521492,4271489,0.01931200,0.05000000,1
1531216523414,1531216523410,4271490,0.01930000,0.00900000,1
1531216524870,1531216524866,4271491,0.01930000,0.71100000,1
1531216524870,1531216524866,4271492,0.01929700,0.31300000,1
1531216524870,1531216524866,4271493,0.01928400,0.17000000,1
1531216526995,1531216526991,4271494,0.01928400,0.00900000,1
1531216527045,1531216527041,4271495,0.01928400,0.00900000,1
1531216530605,1531216530601,4271496,0.01929700,5.17000000,0
1531216530619,1531216530614,4271497,0.01931100,4.16800000,0
1531216532511,1531216532507,4271498,0.01928400,0.23900000,1
1531216538232,1531216538228,4271499,0.01929800,4.65200000,0
1531216538245,1531216538242,4271500,0.01929800,0.38300000,1
1531216538245,1531216538242,4271501,0.01928500,1.52400000,1
1531216549932,1531216549927,4271502,0.01928500,0.29700000,1
1531216554317,1531216554313,4271503,0.01931200,2.05800000,0
1531216554317,1531216554313,4271504,0.01933600,0.17100000,0
1531216554317,1531216554313,4271505,0.01934600,0.41200000,0
1531216554317,1531216554313,4271506,0.01935900,33.12500000,0
1531216555213,1531216555208,4271507,0.01928500,16.37800000,1
1531216555240,1531216555234,4271508,0.01928500,12.91000000,1
1531216555410,1531216555406,4271509,0.01928500,0.20800000,0
1531216556144,1531216556140,4271510,0.01928500,0.08900000,0
1531216558569,1531216558566,4271511,0.01928500,0.10500000,1
1531216582830,1531216582826,4271512,0.01932500,0.10500000,0
1531216582830,1531216582826,4271513,0.01932600,0.10400000,0
1531216582830,1531216582826,4271514,0.01935600,0.30800000,0
1531216601257,1531216601252,4271515,0.01930300,0.01800000,1
1531216607010,1531216607007,4271516,0.01935600,0.00100000,0
1531216661997,1531216661992,4271517,0.01930200,6.39700000,1
1531216676076,1531216676071,4271518,0.01932900,1.77400000,0
1531216676092,1531216676087,4271519,0.01932900,8.61100000,0
1531216676391,1531216676388,4271520,0.01929900,0.00400000,1
1531216677221,1531216677217,4271521,0.01933000,0.00400000,0
1531216691071,1531216691066,4271522,0.01929900,1.51900000,1
1531216703412,1531216703409,4271523,0.01932900,0.10900000,0
1531216722041,1531216722037,4271524,0.01929900,1.94700000,1
1531216729946,1531216729941,4271525,0.01932900,0.00100000,0
1531216745152,1531216745147,4271526,0.01931400,18.93200000,0
1531216745166,1531216745161,4271527,0.01929900,9.37100000,1
1531216748045,1531216748041,4271528,0.01932900,0.00300000,0
1531216753401,1531216753397,4271529,0.01932900,0.98700000,0
1531216753401,1531216753397,4271530,0.01933000,0.04800000,0
1531216753401,1531216753397,4271531,0.01935500,0.09600000,0
1531216755008,1531216755003,4271532,0.01935500,0.00100000,0
1531216764101,1531216764095,4271533,0.01935500,0.00200000,0
1531216808301,1531216808298,4271534,0.01930100,1.10800000,1
1531216809154,1531216809150,4271535,0.01930000,0.08900000,1
1531216809305,1531216809300,4271536,0.01930000,1.05200000,1
1531216814549,1531216814546,4271537,0.01930000,0.47600000,0
1531216814602,1531216814598,4271538,0.01930000,0.69700000,0
1531216820838,1531216820833,4271539,0.01930000,0.00300000,0
1531216825637,1531216825633,4271540,0.01929900,0.00200000,1
1531216830370,1531216830366,4271541,0.01929900,12.57300000,1
1531216830383,1531216830378,4271542,0.01929900,7.78400000,1
1531216852874,1531216852870,4271543,0.01929800,0.64100000,1
1531216855421,1531216855417,4271544,0.01929800,0.13300000,1
1531216855433,1531216855429,4271545,0.01929800,13.40700000,0
1531216855450,1531216855446,4271546,0.01929900,0.00100000,0
1531216879840,1531216879834,4271547,0.01929900,7.78400000,1
1531216879854,1531216879850,4271548,0.01929900,11.50800000,0
1531216879866,1531216879862,4271549,0.01929900,7.78400000,1
1531216879886,1531216879881,4271550,0.01929800,0.13300000,1
1531216880341,1531216880337,4271551,0.01929800,0.00100000,0
1531216880560,1531216880554,4271552,0.01929800,0.00700000,0
1531216881723,1531216881719,4271553,0.01929800,7.38900000,0
1531216881976,1531216881971,4271554,0.01929800,6.00900000,0
1531216883252,1531216883247,4271555,0.01928300,0.05200000,1
1531216883252,1531216883247,4271556,0.01926000,0.56300000,1
1531216884194,1531216884190,4271557,0.01926200,0.46800000,1
1531216884480,1531216884474,4271558,0.01930000,0.03400000,0
1531216884480,1531216884474,4271559,0.01930100,0.00200000,0
1531216884480,1531216884474,4271560,0.01931100,0.99400000,0
1531216891380,1531216891377,4271561,0.01927100,0.00300000,1
1531216891965,1531216891960,4271562,0.01926900,0.00900000,1
1531216892005,1531216892001,4271563,0.01926900,0.00900000,1
1531216903470,1531216903466,4271564,0.01927300,0.00900000,1
1531216912472,1531216912467,4271565,0.01931200,1.37200000,1
1531216919094,1531216919090,4271566,0.01931100,0.45200000,1
1531216920156,1531216920151,4271567,0.01931100,0.45200000,1
1531216923224,1531216923220,4271568,0.01932900,0.00200000,0
1531216926685,1531216926680,4271569,0.01931200,5.40900000,1
1531216927669,1531216927665,4271570,0.01931200,2.80500000,1
1531216929346,1531216929342,4271571,0.01931200,1.03000000,0
1531216929478,1531216929472,4271572,0.01931200,1.03000000,0
1531216929573,1531216929568,4271573,0.01931200,1.03000000,0
1531216940328,1531216940324,4271574,0.01931100,1.38800000,1
1531216988221,1531216988217,4271575,0.01932900,0.00200000,0
1531216989762,1531216989759,4271576,0.01926100,0.00900000,1
1531216991457,1531216991452,4271577,0.01925700,0.00900000,1
1531216992445,1531216992442,4271578,0.01932900,0.00100000,0
1531217064077,1531217064073,4271579,0.01927200,0.00300000,1
1531217074437,1531217074433,4271580,0.01928500,0.41600000,1
1531217107064,1531217107060,4271581,0.01928300,56.05100000,1
1531217114790,1531217114786,4271582,0.01928300,37.46600000,1
1531217153079,1531217153075,4271583,0.01929700,7.08500000,0
1531217153094,1531217153088,4271584,0.01927200,18.28200000,1
1531217153117,1531217153113,4271585,0.01932200,35.99200000,0
1531217162194,1531217162189,4271586,0.01933000,0.03800000,0
1531217210788,1531217210783,4271587,0.01933000,0.00300000,0
1531217213800,1531217213796,4271588,0.01933000,0.00100000,0
1531217232500,1531217232496,4271589,0.01927300,0.00200000,1
1531217234106,1531217234101,4271590,0.01927200,0.00200000,1
1531217237140,1531217237136,4271591,0.01932100,0.00100000,0
1531217291430,1531217291427,4271592,0.01933000,0.02000000,0
1531217312848,1531217312844,4271593,0.01933000,0.00700000,0
1531217339384,1531217339376,4271594,0.01933000,0.00100000,0
1531217357129,1531217357124,4271595,0.01930100,31.87000000,1
1531217360575,1531217360570,4271596,0.01930200,9.59700000,1
1531217363138,1531217363133,4271597,0.01933000,0.10000000,0
1531217364199,1531217364194,4271598,0.01930200,50.26800000,1
1531217382942,1531217382938,4271599,0.01930100,1.15600000,1
1531217382957,1531217382951,4271600,0.01930100,50.49500000,0
1531217388106,1531217388102,4271601,0.01930200,1.83200000,0
1531217391397,1531217391391,4271602,0.01930100,1.15600000,1
1531217408103,1531217408099,4271603,0.01930000,0.05500000,1
1531217408117,1531217408112,4271604,0.01930000,54.58700000,0
1531217408138,1531217408134,4271605,0.01930100,50.49500000,0
1531217419491,1531217419487,4271606,0.01930100,1.15600000,1
1531217451967,1531217451963,4271607,0.01927100,0.40300000,1
1531217474025,1531217474019,4271608,0.01927200,0.00900000,1
1531217476423,1531217476418,4271609,0.01928500,4.22600000,0
1531217476425,1531217476420,4271610,0.01927200,40.85100000,1
1531217476485,1531217476480,4271611,0.01927200,0.00800000,0
1531217477726,1531217477721,4271612,0.01928500,11.49000000,0
1531217481874,1531217481870,4271613,0.01928500,7.61900000,0
1531217483112,1531217483107,4271614,0.01928500,15.02300000,0
1531217483194,1531217483190,4271615,0.01928500,3.31900000,0
1531217489522,1531217489518,4271616,0.01927200,15.83900000,1
1531217489532,1531217489527,4271617,0.01927200,53.60900000,1
1531217491602,1531217491598,4271618,0.01927100,0.00100000,1
1531217494591,1531217494586,4271619,0.01927200,7.62200000,0
1531217494741,1531217494737,4271620,0.01927200,2.30800000,0
1531217494777,1531217494772,4271621,0.01927200,7.62200000,0
1531217494987,1531217494982,4271622,0.01927200,7.62200000,0
1531217495186,1531217495182,4271623,0.01927200,7.62200000,0
1531217495368,1531217495365,4271624,0.01927200,7.62100000,0
1531217495569,1531217495565,4271625,0.01927200,7.62100000,0
1531217495756,1531217495752,4271626,0.01927200,3.71500000,0
1531217495784,1531217495780,4271627,0.01927200,3.42400000,0
1531217495924,1531217495919,4271628,0.01927200,3.42000000,0
1531217497362,1531217497358,4271629,0.01927200,0.36200000,0
1531217497373,1531217497370,4271630,0.01927200,9.16100000,0
1531217497400,1531217497397,4271631,0.01927200,50.00000000,0
1531217497579,1531217497576,4271632,0.01927200,9.15800000,0
1531217497737,1531217497732,4271633,0.01927200,3.14300000,0
1531217497768,1531217497764,4271634,0.01927200,9.16500000,0
1531217497956,1531217497949,4271635,0.01927200,8.17300000,0
1531217497969,1531217497965,4271636,0.01927200,7.62100000,0
1531217498317,1531217498314,4271637,0.01927200,25.28100000,0
1531217508224,1531217508220,4271638,0.01928500,0.17500000,0
1531217510142,1531217510136,4271639,0.01931300,0.11100000,0
1531217532477,1531217532472,4271640,0.01927200,0.14200000,1
1531217532477,1531217532472,4271641,0.01927100,0.11300000,1
1531217540830,1531217540826,4271642,0.01930300,0.05100000,0
1531217545605,1531217545602,4271643,0.01930300,0.02100000,0
1531217549059,1531217549054,4271644,0.01927200,67.20300000,1
1531217549075,1531217549071,4271645,0.01927200,2.24200000,1
1531217579610,1531217579607,4271646,0.01927300,69.44700000,1
1531217584596,1531217584591,4271647,0.01927400,3.11000000,1
1531217590529,1531217590525,4271648,0.01930200,1.13800000,0
1531217590529,1531217590525,4271649,0.01930300,1.36900000,0
1531217590529,1531217590525,4271650,0.01931200,0.99000000,0
1531217590529,1531217590525,4271651,0.01932300,0.99000000,0
1531217590529,1531217590525,4271652,0.01933000,1.73800000,0
1531217591519,1531217591514,4271653,0.01933000,0.36200000,0
1531217591519,1531217591514,4271654,0.01937700,1.00000000,0
1531217591519,1531217591514,4271655,0.01937800,0.32500000,0
1531217593552,1531217593547,4271656,0.01937500,0.01200000,0
1531217596510,1531217596505,4271657,0.01937500,0.05800000,0
1531217607924,1531217607919,4271658,0.01927500,0.02600000,1
1531217639690,1531217639686,4271659,0.01927300,0.01400000,1
1531217641732,1531217641726,4271660,0.01927500,0.01400000,1
1531217654616,1531217654610,4271661,0.01931000,0.03700000,0
1531217654712,1531217654708,4271662,0.01927300,6.09900000,1
1531217654887,1531217654883,4271663,0.01931000,0.03800000,0
1531217689080,1531217689076,4271664,0.01930900,0.00200000,0
1531217695898,1531217695893,4271665,0.01927300,0.02600000,1
1531217759769,1531217759765,4271666,0.01927500,0.34900000,1
1531217775852,1531217775848,4271667,0.01927300,0.50300000,0
1531217780044,1531217780040,4271668,0.01927300,0.03700000,0
1531217821098,1531217821094,4271669,0.01927300,0.05600000,0
1531217821832,1531217821827,4271670,0.01927200,0.12000000,1
1531217821832,1531217821827,4271671,0.01927100,0.25900000,1
1531217821832,1531217821827,4271672,0.01925400,2.48300000,1
1531217821832,1531217821827,4271673,0.01925100,3.10100000,1
1531217821832,1531217821827,4271674,0.01925000,97.03700000,1
1531217825491,1531217825486,4271675,0.01927300,0.03200000,0
1531217840457,1531217840453,4271676,0.01925100,7.86200000,1
1531217850939,1531217850935,4271677,0.01925100,6.61500000,1
1531217867505,1531217867500,4271678,0.01927300,0.05100000,0
1531217872268,1531217872264,4271679,0.01925100,8.00900000,1
1531217880199,1531217880194,4271680,0.01927300,0.19800000,0
1531217886197,1531217886193,4271681,0.01925200,0.69100000,1
1531217889574,1531217889569,4271682,0.01927300,0.51800000,0
1531217890596,1531217890592,4271683,0.01927300,0.51800000,0
1531217891702,1531217891697,4271684,0.01927300,0.51800000,0
1531217904257,1531217904252,4271685,0.01925200,0.09300000,1
1531217907302,1531217907297,4271686,0.01926200,0.93200000,0
1531217907312,1531217907306,4271687,0.01925200,0.44000000,1
1531217907335,1531217907330,4271688,0.01925200,0.31600000,1
1531217910819,1531217910815,4271689,0.01925200,0.09200000,0
1531217914089,1531217914084,4271690,0.01927300,0.06300000,0
1531217930068,1531217930062,4271691,0.01925200,0.41700000,1
1531217930088,1531217930084,4271692,0.01925200,0.22600000,1
1531217959940,1531217959934,4271693,0.01926200,2.29100000,0
1531217959955,1531217959949,4271694,0.01925300,0.81200000,1
1531217970373,1531217970370,4271695,0.01925200,0.00100000,1
1531218006401,1531218006397,4271696,0.01927200,0.03800000,0
1531218016968,1531218016964,4271697,0.01926400,2.44400000,0
1531218016987,1531218016983,4271698,0.01925700,0.88600000,1
1531218017687,1531218017683,4271699,0.01927200,0.23900000,0
1531218023446,1531218023440,4271700,0.01925700,0.49200000,1
1531218023446,1531218023440,4271701,0.01925600,0.99000000,1
1531218023446,1531218023440,4271702,0.01925200,0.09800000,1
1531218023446,1531218023440,4271703,0.01925100,0.24100000,1
1531218023446,1531218023440,4271704,0.01925000,161.28300000,1
1531218033576,1531218033571,4271705,0.01925800,0.49500000,1
1531218041754,1531218041751,4271706,0.01926100,1.14400000,0
1531218041762,1531218041758,4271707,0.01925100,0.70500000,1
1531218071651,1531218071645,4271708,0.01926200,0.15200000,0
1531218071662,1531218071659,4271709,0.01925200,0.06000000,1
1531218072262,1531218072257,4271710,0.01927200,0.51800000,0
1531218079422,1531218079418,4271711,0.01927200,0.00100000,0
1531218080108,1531218080105,4271712,0.01927200,0.05600000,0
1531218088882,1531218088878,4271713,0.01926200,0.88800000,0
1531218088897,1531218088891,4271714,0.01925200,0.24300000,1
1531218088919,1531218088915,4271715,0.01925200,0.59900000,1
1531218098771,1531218098765,4271716,0.01927300,0.01300000,0
1531218105898,1531218105894,4271717,0.01926200,0.57400000,0
1531218105910,1531218105906,4271718,0.01925200,0.57300000,1
1531218112563,1531218112558,4271719,0.01925100,0.00600000,1
1531218126867,1531218126864,4271720,0.01925200,0.44800000,1
1531218130262,1531218130258,4271721,0.01925100,0.09700000,1
1531218133273,1531218133269,4271722,0.01925000,0.01200000,1
1531218141747,1531218141742,4271723,0.01925000,3.22800000,1
1531218145344,1531218145339,4271724,0.01925000,24.78600000,1
1531218146574,1531218146569,4271725,0.01925000,50.00000000,1
1531218153909,1531218153906,4271726,0.01925100,0.45100000,1
1531218153924,1531218153920,4271727,0.01925100,0.88100000,0
1531218153938,1531218153932,4271728,0.01925100,0.45100000,1
1531218162097,1531218162093,4271729,0.01925200,0.05600000,0
1531218163225,1531218163220,4271730,0.01925200,0.49700000,0
1531218163225,1531218163220,4271731,0.01927300,0.02200000,0
1531218175004,1531218175000,4271732,0.01927300,0.51800000,0
1531218175394,1531218175389,4271733,0.01925000,3.16800000,1
1531218176278,1531218176274,4271734,0.01925000,17.53500000,1
1531218181811,1531218181808,4271735,0.01924500,0.00900000,1
1531218181851,1531218181846,4271736,0.01924500,0.00900000,1
1531218187167,1531218187162,4271737,0.01924700,1.23100000,0
1531218187183,1531218187177,4271738,0.01924500,0.43500000,1
1531218198123,1531218198118,4271739,0.01924500,0.01800000,0
1531218201300,1531218201295,4271740,0.01925000,0.01000000,0
1531218213690,1531218213686,4271741,0.01924800,1.31500000,0
1531218213707,1531218213703,4271742,0.01924600,0.91400000,1
1531218229114,1531218229106,4271743,0.01925000,0.05100000,0
1531218236093,1531218236089,4271744,0.01924700,1.23300000,0
1531218236107,1531218236102,4271745,0.01924500,0.11700000,1
1531218236127,1531218236123,4271746,0.01924500,0.52800000,1
1531218252476,1531218252470,4271747,0.01924700,0.41900000,0
1531218252490,1531218252484,4271748,0.01924500,0.21500000,1
1531218261093,1531218261090,4271749,0.01925000,0.05600000,0
1531218266981,1531218266976,4271750,0.01925000,3.05100000,0
1531218280136,1531218280132,4271751,0.01924500,0.70200000,1
1531218280136,1531218280132,4271752,0.01924400,0.89700000,1
1531218287621,1531218287616,4271753,0.01927200,0.00200000,0
1531218296347,1531218296343,4271754,0.01923700,0.41900000,1
1531218308987,1531218308983,4271755,0.01925400,1.26900000,0
1531218308995,1531218308989,4271756,0.01923800,0.61500000,1
1531218317352,1531218317346,4271757,0.01923700,0.79100000,1
1531218327418,1531218327413,4271758,0.01923700,0.20800000,1
1531218327438,1531218327432,4271759,0.01923700,0.30400000,1
1531218340519,1531218340513,4271760,0.01925400,0.64900000,0
1531218340530,1531218340526,4271761,0.01923700,0.39600000,1
1531218342738,1531218342734,4271762,0.01927100,0.41900000,0
1531218342738,1531218342734,4271763,0.01927200,0.09900000,0
1531218349091,1531218349086,4271764,0.01927200,0.00100000,0
1531218352288,1531218352282,4271765,0.01927200,1.16700000,0
1531218394131,1531218394126,4271766,0.01923700,0.00900000,1
1531218408735,1531218408728,4271767,0.01923700,0.02100000,1
1531218430608,1531218430601,4271768,0.01927200,0.36900000,0
1531218440957,1531218440952,4271769,0.01925900,0.13800000,0
1531218440969,1531218440965,4271770,0.01924600,0.10500000,1
1531218457379,1531218457375,4271771,0.01927200,0.35000000,0
1531218461285,1531218461281,4271772,0.01924000,0.12000000,1
1531218478634,1531218478629,4271773,0.01924200,0.16400000,1
1531218479233,1531218479228,4271774,0.01924400,0.09700000,1
1531218503969,1531218503963,4271775,0.01924400,1.83300000,1
1531218503969,1531218503963,4271776,0.01924200,0.76700000,1
1531218503969,1531218503963,4271777,0.01923600,0.31300000,1
1531218503969,1531218503963,4271778,0.01923500,3.11900000,1
1531218503969,1531218503963,4271779,0.01922600,0.34500000,1
1531218503969,1531218503963,4271780,0.01922500,0.99000000,1
1531218503969,1531218503963,4271781,0.01921800,8.93300000,1
1531218510794,1531218510788,4271782,0.01922600,0.00900000,1
1531218511246,1531218511242,4271783,0.01922600,0.00900000,1
1531218519367,1531218519363,4271784,0.01927000,0.76600000,0
1531218537724,1531218537720,4271785,0.01925700,0.89500000,0
1531218537741,1531218537736,4271786,0.01925700,0.81600000,1
1531218538025,1531218538021,4271787,0.01924600,0.10500000,0
1531218538284,1531218538277,4271788,0.01924300,0.00100000,1
1531218551525,1531218551519,4271789,0.01924300,0.01500000,1
1531218565255,1531218565251,4271790,0.01927000,0.00100000,0
1531218565255,1531218565251,4271791,0.01927100,0.03400000,0
1531218575362,1531218575357,4271792,0.01927100,0.00100000,0
1531218592485,1531218592480,4271793,0.01927100,0.00400000,0
1531218596753,1531218596748,4271794,0.01927100,0.13200000,0
1531218601706,1531218601701,4271795,0.01926000,0.72200000,0
1531218601902,1531218601894,4271796,0.01926000,0.25800000,1
1531218603574,1531218603570,4271797,0.01924900,0.44400000,0
1531218629388,1531218629382,4271798,0.01927100,0.08100000,0
1531218629388,1531218629382,4271799,0.01927200,0.00100000,0
1531218629388,1531218629382,4271800,0.01927300,1.60400000,0
1531218632537,1531218632533,4271801,0.01927300,0.58100000,0
1531218632547,1531218632541,4271802,0.01925900,0.39900000,1
1531218645944,1531218645939,4271803,0.01928700,0.10400000,0
1531218645944,1531218645939,4271804,0.01930200,0.94800000,0
1531218671310,1531218671304,4271805,0.01930300,0.00200000,0
1531218693921,1531218693917,4271806,0.01929100,0.00400000,0
1531218708916,1531218708911,4271807,0.01929100,0.04800000,0
1531218708916,1531218708911,4271808,0.01930300,3.25200000,0
1531218727219,1531218727214,4271809,0.01930300,0.00100000,0
1531218729153,1531218729147,4271810,0.01926100,0.85500000,0
1531218729188,1531218729183,4271811,0.01926100,0.00100000,0
1531218731396,1531218731392,4271812,0.01930300,0.00200000,0
1531218755664,1531218755659,4271813,0.01929100,0.00600000,0
1531218770813,1531218770809,4271814,0.01929100,0.01600000,0
1531218800634,1531218800630,4271815,0.01929100,0.03000000,0
1531218800634,1531218800630,4271816,0.01930300,0.48800000,0
1531218822387,1531218822381,4271817,0.01929700,0.46200000,0
1531218822398,1531218822393,4271818,0.01929200,0.49600000,1
1531218822422,1531218822418,4271819,0.01929200,0.22900000,1
1531218829438,1531218829434,4271820,0.01929100,0.22700000,1
1531218832267,1531218832262,4271821,0.01930200,0.28400000,0
1531218833345,1531218833341,4271822,0.01930200,2.18200000,0
1531218833345,1531218833341,4271823,0.01930300,0.89900000,0
1531218833345,1531218833341,4271824,0.01930500,0.91200000,0
1531218847901,1531218847897,4271825,0.01931000,0.03200000,0
1531218850898,1531218850893,4271826,0.01931000,0.00100000,0
1531218860596,1531218860592,4271827,0.01925900,0.02200000,1
1531218862081,1531218862077,4271828,0.01925800,0.02200000,1
1531218864953,1531218864948,4271829,0.01929200,0.53200000,1
1531218866504,1531218866500,4271830,0.01931200,0.01200000,0
1531218866547,1531218866541,4271831,0.01931200,0.01200000,0
1531218890519,1531218890513,4271832,0.01931200,0.51700000,0
1531218929413,1531218929409,4271833,0.01931000,0.78200000,0
1531218940472,1531218940466,4271834,0.01931000,0.00100000,0
1531218952099,1531218952095,4271835,0.01931000,0.19800000,0
1531218959094,1531218959084,4271836,0.01927400,1.16200000,1
1531218959094,1531218959084,4271837,0.01927300,6.16500000,1
1531218959094,1531218959084,4271838,0.01927100,0.59400000,1
1531218959094,1531218959084,4271839,0.01925800,0.05200000,1
1531218959094,1531218959084,4271840,0.01925400,8.07700000,1
1531218959094,1531218959084,4271841,0.01924900,0.41400000,1
1531218959094,1531218959084,4271842,0.01924400,0.05700000,1
1531218959094,1531218959084,4271843,0.01924000,5.45800000,1
1531218959094,1531218959084,4271844,0.01923700,0.99000000,1
1531218959094,1531218959084,4271845,0.01923600,17.00000000,1
1531218959094,1531218959084,4271846,0.01923000,1.00000000,1
1531218959094,1531218959084,4271847,0.01921500,0.77800000,1
1531218959094,1531218959084,4271848,0.01920400,0.05800000,1
1531218959094,1531218959084,4271849,0.01920200,0.17500000,1
1531218959094,1531218959084,4271850,0.01920000,1.24000000,1
1531218959094,1531218959084,4271851,0.01919700,0.31300000,1
1531218959094,1531218959084,4271852,0.01919600,0.07700000,1
1531218959094,1531218959084,4271853,0.01919400,1.54600000,1
1531218959094,1531218959084,4271854,0.01918200,5.21300000,1
1531218959094,1531218959084,4271855,0.01917600,5.00000000,1
1531218959094,1531218959084,4271856,0.01917400,1.54300000,1
1531218959094,1531218959084,4271857,0.01917300,2.33500000,1
1531218959094,1531218959084,4271858,0.01916700,0.26300000,1
1531218959094,1531218959084,4271859,0.01916200,0.10500000,1
1531218959094,1531218959084,4271860,0.01916100,1.05000000,1
1531218959094,1531218959084,4271861,0.01915600,8.50900000,1
1531218959094,1531218959084,4271862,0.01915500,0.10500000,1
1531218959094,1531218959084,4271863,0.01915000,1.99200000,1
1531218959094,1531218959084,4271864,0.01914900,0.31200000,1
1531218959094,1531218959084,4271865,0.01914300,5.25000000,1
1531218959094,1531218959084,4271866,0.01914200,25.16700000,1
1531218959574,1531218959570,4271867,0.01927400,5.00000000,0
1531218960091,1531218960087,4271868,0.01915800,0.00900000,1
1531218960139,1531218960135,4271869,0.01915800,0.00900000,1
1531218960195,1531218960190,4271870,0.01927400,0.41200000,0
1531218960255,1531218960251,4271871,0.01917100,0.00900000,1
1531218960584,1531218960579,4271872,0.01927300,1.16200000,0
1531218960587,1531218960581,4271873,0.01927400,0.00200000,0
1531218961335,1531218961330,4271874,0.01923400,0.31200000,0
1531218966917,1531218966912,4271875,0.01926200,25.16700000,0
1531218969607,1531218969602,4271876,0.01930800,0.00200000,0
1531218971532,1531218971526,4271877,0.01930800,4.22100000,0
1531218977295,1531218977291,4271878,0.01928300,9.49400000,0
1531218984677,1531218984672,4271879,0.01928300,0.00500000,0
1531218984677,1531218984672,4271880,0.01928400,1.55600000,0
1531218991178,1531218991174,4271881,0.01930800,0.00200000,0
1531218999770,1531218999768,4271882,0.01930800,0.00500000,0
1531219002770,1531219002765,4271883,0.01928500,0.10500000,1
1531219008420,1531219008414,4271884,0.01929600,5.21700000,0
1531219008427,1531219008422,4271885,0.01928500,14.24300000,1
1531219008440,1531219008435,4271886,0.01929600,0.69700000,1
1531219008440,1531219008435,4271887,0.01928500,3.51100000,1
1531219024419,1531219024414,4271888,0.01927500,0.07400000,1
1531219042917,1531219042912,4271889,0.01927500,0.26300000,1
1531219045132,1531219045127,4271890,0.01927400,0.05300000,1
1531219049258,1531219049254,4271891,0.01930600,0.00100000,0
1531219053088,1531219053083,4271892,0.01930600,0.26100000,0
1531219055582,1531219055575,4271893,0.01930600,0.00100000,0
1531219055582,1531219055575,4271894,0.01930700,0.07400000,0
1531219055582,1531219055575,4271895,0.01930800,1.59300000,0
1531219055802,1531219055796,4271896,0.01930900,1.54600000,0
1531219056429,1531219056424,4271897,0.01931000,5.96500000,0
1531219058408,1531219058403,4271898,0.01931000,0.02200000,0
1531219060755,1531219060751,4271899,0.01931000,6.56200000,0
1531219060991,1531219060987,4271900,0.01931000,9.93400000,0
1531219061442,1531219061438,4271901,0.01931000,6.56000000,0
1531219063012,1531219063008,4271902,0.01931000,7.27300000,0
1531219063177,1531219063173,4271903,0.01930600,0.52400000,1
1531219063797,1531219063791,4271904,0.01931200,0.05300000,0
1531219068074,1531219068069,4271905,0.01932500,0.00200000,0
1531219074890,1531219074885,4271906,0.01931600,1.31300000,0
1531219074912,1531219074909,4271907,0.01930700,0.88300000,1
1531219074934,1531219074928,4271908,0.01930700,0.99400000,1
1531219078491,1531219078486,4271909,0.01930600,0.46300000,1
1531219080105,1531219080101,4271910,0.01932500,0.05600000,0
1531219087883,1531219087879,4271911,0.01930700,0.28100000,1
1531219087902,1531219087898,4271912,0.01930700,0.95600000,1
1531219099794,1531219099790,4271913,0.01931600,2.17700000,0
1531219099803,1531219099800,4271914,0.01930700,0.62200000,1
1531219099819,1531219099814,4271915,0.01930700,0.93700000,1
1531219101131,1531219101125,4271916,0.01932400,0.05600000,0
1531219122497,1531219122492,4271917,0.01931500,0.45100000,0
1531219122514,1531219122510,4271918,0.01930700,0.93700000,1
1531219122530,1531219122525,4271919,0.01930700,0.38300000,1
1531219131243,1531219131237,4271920,0.01932400,0.00300000,0
1531219135486,1531219135482,4271921,0.01930800,0.02900000,1
1531219136000,1531219135994,4271922,0.01930800,0.02900000,1
1531219139277,1531219139272,4271923,0.01930800,0.40200000,1
1531219143107,1531219143102,4271924,0.01930900,0.71000000,1
1531219147022,1531219147017,4271925,0.01930900,0.97900000,1
1531219147022,1531219147017,4271926,0.01930800,0.42100000,1
1531219147022,1531219147017,4271927,0.01930600,0.35900000,1
1531219147022,1531219147017,4271928,0.01930300,0.41500000,1
1531219163428,1531219163422,4271929,0.01930300,1.03400000,0
1531219170850,1531219170846,4271930,0.01930300,3.61600000,0
1531219171056,1531219171052,4271931,0.01930300,2.53300000,0
1531219175853,1531219175849,4271932,0.01928000,0.12000000,1
1531219176265,1531219176258,4271933,0.01932600,0.10400000,0
1531219176265,1531219176258,4271934,0.01933200,0.21000000,0
1531219226073,1531219226067,4271935,0.01933000,0.05200000,0
1531219226073,1531219226067,4271936,0.01933200,0.60900000,0
1531219272400,1531219272394,4271937,0.01933000,0.00600000,0
1531219276733,1531219276728,4271938,0.01933000,0.04600000,0
1531219276733,1531219276728,4271939,0.01933100,0.47100000,0
1531219277518,1531219277513,4271940,0.01933100,0.01800000,0
1531219280922,1531219280916,4271941,0.01927800,1.59400000,1
1531219280945,1531219280940,4271942,0.01927800,1.30800000,1
1531219344371,1531219344366,4271943,0.01933200,0.03800000,0
1531219346622,1531219346618,4271944,0.01928300,0.05300000,1
1531219361920,1531219361916,4271945,0.01933200,0.07600000,0
1531219364935,1531219364930,4271946,0.01933200,0.00100000,0
1531219401401,1531219401396,4271947,0.01933200,0.06700000,0
1531219411977,1531219411973,4271948,0.01930400,0.45800000,1
1531219435776,1531219435770,4271949,0.01933200,0.00400000,0
1531219443486,1531219443480,4271950,0.01930300,0.99000000,1
1531219443486,1531219443480,4271951,0.01928200,0.37100000,1
1531219443486,1531219443480,4271952,0.01927900,0.44800000,1
1531219451015,1531219451010,4271953,0.01932900,0.00100000,0
1531219455973,1531219455968,4271954,0.01932600,0.00400000,0
1531219459344,1531219459340,4271955,0.01932500,0.03400000,0
1531219459940,1531219459935,4271956,0.01932400,0.03800000,0
1531219469687,1531219469683,4271957,0.01932000,0.03300000,0
1531219486605,1531219486601,4271958,0.01931300,0.05600000,0
1531219489286,1531219489281,4271959,0.01931200,0.05700000,0
1531219500406,1531219500404,4271960,0.01930900,0.01200000,0
1531219509159,1531219509154,4271961,0.01928200,22.81500000,1
1531219518425,1531219518421,4271962,0.01930900,0.58400000,0
1531219523368,1531219523364,4271963,0.01933200,0.00100000,0
1531219535286,1531219535280,4271964,0.01933200,0.00500000,0
1531219570823,1531219570819,4271965,0.01933200,0.00600000,0
1531219579431,1531219579426,4271966,0.01933200,3.11000000,0
1531219584128,1531219584122,4271967,0.01934400,0.13700000,0
1531219600135,1531219600129,4271968,0.01934400,0.00200000,0
1531219704247,1531219704243,4271969,0.01934400,0.10100000,0
1531219759261,1531219759253,4271970,0.01931400,5.40200000,1
1531219759280,1531219759276,4271971,0.01931400,4.34400000,1
1531219766213,1531219766208,4271972,0.01932900,4.33300000,0
1531219766222,1531219766217,4271973,0.01931400,9.32000000,1
1531219766236,1531219766232,4271974,0.01931400,1.47500000,1
1531219775183,1531219775177,4271975,0.01934400,0.03200000,0
1531219789435,1531219789429,4271976,0.01934400,1.28600000,0
1531219791361,1531219791355,4271977,0.01935600,0.00700000,0
1531219791593,1531219791589,4271978,0.01935600,0.01200000,0
1531219791630,1531219791624,4271979,0.01935600,0.01200000,0
1531219791661,1531219791656,4271980,0.01933000,7.83000000,1
1531219791681,1531219791676,4271981,0.01933000,24.05000000,1
1531219791712,1531219791708,4271982,0.01935600,0.01200000,0
1531219791827,1531219791822,4271983,0.01935600,0.01200000,0
1531219818677,1531219818672,4271984,0.01934300,2.66200000,0
1531219818693,1531219818688,4271985,0.01933000,0.93200000,1
1531219821504,1531219821500,4271986,0.01932900,1.03300000,1
1531219841348,1531219841342,4271987,0.01931300,2.20500000,1
1531219883597,1531219883592,4271988,0.01931300,1.16900000,1
1531219897379,1531219897374,4271989,0.01931300,1.08400000,1
1531219897409,1531219897404,4271990,0.01931200,0.07700000,1
1531219899759,1531219899754,4271991,0.01931000,0.68000000,1
1531219906024,1531219906019,4271992,0.01934700,0.03800000,0
1531219906685,1531219906679,4271993,0.01934700,0.03800000,0
1531219911287,1531219911283,4271994,0.01934700,0.37100000,0
1531219920434,1531219920429,4271995,0.01934700,0.00800000,0
1531219926236,1531219926229,4271996,0.01928500,0.33500000,1
1531219926236,1531219926229,4271997,0.01928400,0.47700000,1
1531219926236,1531219926229,4271998,0.01928200,0.69300000,1
1531219926236,1531219926229,4271999,0.01927800,0.41400000,1
1531219926236,1531219926229,4272000,0.01926300,0.99000000,1
1531219926236,1531219926229,4272001,0.01926200,0.41900000,1
1531219926236,1531219926229,4272002,0.01925600,0.20800000,1
1531219927424,1531219927422,4272003,0.01925700,0.00900000,1
1531219927455,1531219927450,4272004,0.01925700,0.00900000,1
1531219942375,1531219942370,4272005,0.01933800,0.33500000,0
1531219942399,1531219942394,4272006,0.01933900,0.35300000,1
1531219942417,1531219942411,4272007,0.01926300,0.05800000,1
1531219942417,1531219942411,4272008,0.01926200,0.29500000,1
1531219952616,1531219952610,4272009,0.01934000,0.00200000,0
1531219969926,1531219969919,4272010,0.01933600,0.05600000,0
1531219969926,1531219969919,4272011,0.01933700,0.31500000,0
1531219986581,1531219986575,4272012,0.01930800,1.68300000,1
1531219986603,1531219986599,4272013,0.01930800,0.51900000,1
1531220004353,1531220004348,4272014,0.01934200,0.00100000,0
1531220021187,1531220021183,4272015,0.01932500,1.80900000,0
1531220021199,1531220021194,4272016,0.01931200,0.90500000,1
1531220023451,1531220023447,4272017,0.01932400,0.30000000,0
1531220038162,1531220038156,4272018,0.01932200,0.34200000,1
1531220057841,1531220057836,4272019,0.01933800,9.98900000,0
1531220057855,1531220057851,4272020,0.01932100,4.89700000,1
1531220060874,1531220060870,4272021,0.01935500,0.00200000,0
1531220067848,1531220067843,4272022,0.01932100,6.07000000,1
1531220067863,1531220067857,4272023,0.01932100,4.87800000,1
1531220092472,1531220092467,4272024,0.01933800,6.04500000,0
1531220092482,1531220092477,4272025,0.01932100,3.77800000,1
1531220118873,1531220118869,4272026,0.01935500,0.00300000,0
1531220119237,1531220119233,4272027,0.01932100,1.29400000,1
1531220129923,1531220129912,4272028,0.01932200,6.22100000,1
1531220134034,1531220134028,4272029,0.01932100,0.06500000,1
1531220134034,1531220134028,4272030,0.01932000,0.00300000,1
1531220152648,1531220152643,4272031,0.01931300,2.52400000,1
1531220152659,1531220152654,4272032,0.01931300,1.56800000,1
1531220176384,1531220176380,4272033,0.01934000,10.24800000,0
1531220176393,1531220176392,4272034,0.01932600,1.02000000,1
1531220176408,1531220176405,4272035,0.01932600,3.85300000,1
1531220178495,1531220178491,4272036,0.01932500,3.57200000,1
1531220181586,1531220181581,4272037,0.01932500,0.07500000,1
1531220190350,1531220190345,4272038,0.01932500,0.00300000,1
1531220199585,1531220199580,4272039,0.01935500,0.00500000,0
1531220202288,1531220202282,4272040,0.01932600,0.92900000,1
1531220202312,1531220202306,4272041,0.01932600,0.96500000,1
1531220230920,1531220230914,4272042,0.01932500,0.00200000,1
1531220234820,1531220234815,4272043,0.01932600,0.00200000,1
1531220235867,1531220235862,4272044,0.01932600,0.17300000,1
1531220249812,1531220249806,4272045,0.01932600,0.31000000,1
1531220249838,1531220249833,4272046,0.01932600,0.56600000,1
1531220251086,1531220251085,4272047,0.01935500,0.00100000,0
1531220257073,1531220257069,4272048,0.01934000,0.64700000,0
1531220257083,1531220257079,4272049,0.01932600,0.55800000,1
1531220294070,1531220294066,4272050,0.01932600,0.23400000,1
1531220297510,1531220297504,4272051,0.01932500,1.01700000,1
1531220309562,1531220309556,4272052,0.01932600,0.32000000,1
1531220316566,1531220316563,4272053,0.01935500,0.19800000,0
1531220317289,1531220317285,4272054,0.01932600,0.57500000,1
1531220331654,1531220331648,4272055,0.01935500,0.00500000,0
1531220340984,1531220340979,4272056,0.01935500,0.25800000,0
1531220346061,1531220346056,4272057,0.01935400,0.00600000,0
1531220348163,1531220348159,4272058,0.01934000,0.89300000,0
1531220348177,1531220348172,4272059,0.01932700,0.48900000,1
1531220354852,1531220354847,4272060,0.01932700,0.92900000,1
1531220369881,1531220369875,4272061,0.01934000,0.81200000,0
1531220369898,1531220369896,4272062,0.01932700,0.73200000,1
1531220369919,1531220369913,4272063,0.01932700,0.69900000,1
1531220380574,1531220380570,4272064,0.01934100,0.67400000,0
1531220380583,1531220380580,4272065,0.01932700,0.87500000,1
1531220380603,1531220380597,4272066,0.01932700,0.64900000,1
1531220383278,1531220383273,4272067,0.01935500,0.22100000,0
1531220383306,1531220383301,4272068,0.01935500,0.30000000,1
1531220383331,1531220383326,4272069,0.01935500,0.67700000,1
1531220383488,1531220383482,4272070,0.01933400,0.30000000,0
1531220385765,1531220385760,4272071,0.01935500,0.08300000,0
1531220406226,1531220406221,4272072,0.01932600,0.37100000,1
1531220417507,1531220417500,4272073,0.01935500,0.00200000,0
1531220417902,1531220417897,4272074,0.01932600,0.77700000,1
1531220417902,1531220417897,4272075,0.01932500,4.53700000,1
1531220418354,1531220418349,4272076,0.01932400,10.72900000,1
1531220421206,1531220421201,4272077,0.01935500,0.00100000,0
1531220433454,1531220433448,4272078,0.01932400,9.57700000,1
1531220434523,1531220434519,4272079,0.01932400,4.30600000,1
1531220434875,1531220434870,4272080,0.01932400,3.55600000,1
1531220435702,1531220435697,4272081,0.01932400,3.94600000,1
1531220435792,1531220435791,4272082,0.01932400,6.01800000,1
1531220436609,1531220436604,4272083,0.01932500,0.51000000,1
1531220438504,1531220438499,4272084,0.01932400,0.41000000,1
1531220438520,1531220438515,4272085,0.01935500,0.00100000,0
1531220440202,1531220440194,4272086,0.01932400,6.01800000,1
1531220441377,1531220441375,4272087,0.01935500,0.01200000,0
1531220443824,1531220443819,4272088,0.01932400,6.01800000,1
1531220444003,1531220443999,4272089,0.01932400,6.01800000,1
1531220444008,1531220444004,4272090,0.01932400,0.47300000,1
1531220444387,1531220444383,4272091,0.01935500,0.00100000,0
1531220446362,1531220446357,4272092,0.01935500,0.03500000,0
1531220446959,1531220446950,4272093,0.01935500,0.03800000,0
1531220447604,1531220447600,4272094,0.01935500,0.03800000,0
1531220451893,1531220451888,4272095,0.01932500,0.21400000,1
1531220452995,1531220452991,4272096,0.01932400,0.96000000,1
1531220478536,1531220478532,4272097,0.01932500,0.55100000,1
1531220478554,1531220478549,4272098,0.01932500,0.91600000,1
1531220483781,1531220483776,4272099,0.01935500,0.00100000,0
1531220499322,1531220499318,4272100,0.01934000,0.36000000,0
1531220499332,1531220499328,4272101,0.01932500,0.15100000,1
1531220501797,1531220501795,4272102,0.01935500,0.00100000,0
1531220524826,1531220524822,4272103,0.01931300,0.37000000,1
1531220541549,1531220541545,4272104,0.01933400,0.82800000,0
1531220541558,1531220541554,4272105,0.01931300,0.54600000,1
1531220581284,1531220581279,4272106,0.01931300,0.80900000,1
1531220581304,1531220581300,4272107,0.01931300,0.30200000,1
1531220598898,1531220598892,4272108,0.01934700,0.03600000,0
1531220612127,1531220612122,4272109,0.01933000,0.41900000,0
1531220612142,1531220612137,4272110,0.01931300,0.32800000,1
1531220620306,1531220620301,4272111,0.01933000,0.97800000,0
1531220620315,1531220620310,4272112,0.01931300,0.55400000,1
1531220620342,1531220620338,4272113,0.01931300,0.35100000,1
1531220623366,1531220623361,4272114,0.01931200,0.00100000,1
1531220647339,1531220647336,4272115,0.01931300,0.67100000,1
1531220647357,1531220647352,4272116,0.01931300,0.69700000,1
1531220655312,1531220655306,4272117,0.01933000,1.02600000,0
1531220655329,1531220655324,4272118,0.01931300,0.71800000,1
1531220655349,1531220655342,4272119,0.01931300,0.57500000,1
1531220670111,1531220670105,4272120,0.01931300,0.25500000,1
1531220670124,1531220670120,4272121,0.01931300,0.77800000,1
1531220683197,1531220683193,4272122,0.01933000,1.74900000,0
1531220683216,1531220683210,4272123,0.01931300,0.69800000,1
1531220692468,1531220692462,4272124,0.01931300,0.61400000,1
1531220692483,1531220692479,4272125,0.01931300,0.96200000,1
1531220709572,1531220709568,4272126,0.01933400,1.33700000,0
1531220709587,1531220709581,4272127,0.01931300,0.68300000,1
1531220718267,1531220718262,4272128,0.01931300,0.29000000,1
1531220734188,1531220734182,4272129,0.01931300,0.50500000,1
1531220734207,1531220734203,4272130,0.01931300,0.08700000,1
1531220768519,1531220768514,4272131,0.01933400,0.47000000,0
1531220768536,1531220768532,4272132,0.01931300,0.33700000,1
1531220773315,1531220773312,4272133,0.01931200,0.00600000,1
1531220782895,1531220782890,4272134,0.01933400,2.16600000,0
1531220782911,1531220782908,4272135,0.01931300,0.76900000,1
1531220784599,1531220784595,4272136,0.01931200,0.00100000,1
1531220803066,1531220803061,4272137,0.01931300,0.91700000,1
1531220818702,1531220818696,4272138,0.01931300,0.95300000,1
1531220851802,1531220851798,4272139,0.01931300,0.63800000,1
1531220851815,1531220851809,4272140,0.01931300,1.04200000,1
1531220865972,1531220865968,4272141,0.01935500,0.03800000,0
1531220871570,1531220871564,4272142,0.01933400,1.33400000,0
1531220871587,1531220871583,4272143,0.01931300,0.79200000,1
1531220871598,1531220871593,4272144,0.01931300,1.19100000,1
1531220891547,1531220891543,4272145,0.01931700,0.17500000,0
1531220896845,1531220896841,4272146,0.01931300,1.55800000,1
1531220915007,1531220915002,4272147,0.01933200,2.36800000,0
1531220915015,1531220915010,4272148,0.01931300,0.72700000,1
1531220915028,1531220915022,4272149,0.01931300,1.17300000,1
1531220929045,1531220929039,4272150,0.01931300,0.20000000,0
1531220945848,1531220945844,4272151,0.01931400,2.11200000,1
1531220945859,1531220945853,4272152,0.01931400,0.06300000,1
1531220963425,1531220963420,4272153,0.01931400,1.35000000,1
1531220963436,1531220963430,4272154,0.01931400,2.67200000,1
1531220981585,1531220981581,4272155,0.01933400,9.31200000,0
1531220981605,1531220981599,4272156,0.01931400,3.50000000,1
1531220991711,1531220991706,4272157,0.01931300,0.10100000,1
1531220998099,1531220998094,4272158,0.01933400,5.64800000,0
1531220998106,1531220998102,4272159,0.01931400,0.27400000,1
1531220998127,1531220998121,4272160,0.01931400,3.71600000,1
1531221017861,1531221017856,4272161,0.01933400,1.29600000,0
1531221017869,1531221017864,4272162,0.01931400,1.13500000,1
1531221017888,1531221017884,4272163,0.01931400,0.70300000,1
1531221084762,1531221084758,4272164,0.01931900,0.02400000,1
1531221090014,1531221090005,4272165,0.01931900,0.00100000,1
1531221116146,1531221116143,4272166,0.01933600,1.45700000,1
1531221116169,1531221116163,4272167,0.01933600,14.21400000,1
1531221124017,1531221124012,4272168,0.01933600,0.00600000,1
1531221168693,1531221168687,4272169,0.01935500,0.02200000,0
1531221174295,1531221174289,4272170,0.01934100,29.07600000,0
1531221174312,1531221174306,4272171,0.01932800,16.33500000,1
1531221179913,1531221179909,4272172,0.01934000,0.00400000,1
1531221187011,1531221187006,4272173,0.01934800,31.02400000,0
1531221187026,1531221187020,4272174,0.01934100,15.20800000,1
1531221205212,1531221205207,4272175,0.01934800,5.04500000,0
1531221205228,1531221205224,4272176,0.01934100,13.78700000,1
1531221205246,1531221205241,4272177,0.01934100,2.05200000,1
1531221220558,1531221220553,4272178,0.01934100,72.96000000,1
1531221237706,1531221237702,4272179,0.01934100,56.34100000,1
1531221237723,1531221237719,4272180,0.01934100,16.62000000,1
1531221271117,1531221271112,4272181,0.01934100,36.71000000,1
1531221271134,1531221271129,4272182,0.01934100,1.19900000,1
1531221286450,1531221286444,4272183,0.01935500,0.03800000,0
1531221287145,1531221287140,4272184,0.01935500,0.03800000,0
1531221293552,1531221293545,4272185,0.01932100,9.04000000,1
1531221293552,1531221293545,4272186,0.01931300,0.69900000,1
1531221293552,1531221293545,4272187,0.01931200,0.06900000,1
1531221293552,1531221293545,4272188,0.01931000,0.40100000,1
1531221293553,1531221293545,4272189,0.01930400,8.96000000,1
1531221293553,1531221293545,4272190,0.01927100,8.00000000,1
1531221293553,1531221293545,4272191,0.01925400,0.07700000,1
1531221293553,1531221293545,4272192,0.01924100,0.05700000,1
1531221293553,1531221293545,4272193,0.01923900,74.69700000,1
1531221298858,1531221298854,4272194,0.01934000,0.09700000,1
1531221320824,1531221320820,4272195,0.01935500,0.03100000,0
1531221342927,1531221342923,4272196,0.01932000,51.56700000,0
1531221342946,1531221342942,4272197,0.01930200,17.66100000,1
1531221348889,1531221348884,4272198,0.01932000,19.99500000,0
1531221348903,1531221348899,4272199,0.01930200,30.85000000,1
1531221348926,1531221348921,4272200,0.01930200,13.33000000,1
1531221361474,1531221361469,4272201,0.01933800,0.02100000,0
1531221403612,1531221403607,4272202,0.01929800,1.11700000,0
1531221403622,1531221403619,4272203,0.01927800,0.54800000,1
1531221414816,1531221414811,4272204,0.01931900,0.03800000,0
1531221421147,1531221421143,4272205,0.01927400,0.02100000,1
1531221441444,1531221441441,4272206,0.01931900,0.03800000,0
1531221442541,1531221442536,4272207,0.01927300,0.00200000,1
1531221443104,1531221443101,4272208,0.01927300,0.01800000,1
1531221452185,1531221452179,4272209,0.01929600,24.19800000,0
1531221452201,1531221452197,4272210,0.01927400,13.94400000,1
1531221452224,1531221452219,4272211,0.01927400,8.89700000,1
1531221456542,1531221456536,4272212,0.01931900,0.51700000,0
1531221459459,1531221459454,4272213,0.01927600,0.66700000,1
1531221459459,1531221459454,4272214,0.01927500,10.87300000,1
1531221460352,1531221460347,4272215,0.01931800,0.19800000,0
1531221475589,1531221475586,4272216,0.01929900,0.66600000,0
1531221491477,1531221491473,4272217,0.01927600,0.34600000,1
1531221491477,1531221491473,4272218,0.01927500,1.06500000,1
1531221491477,1531221491473,4272219,0.01927400,1.88900000,1
1531221498561,1531221498556,4272220,0.01929700,21.17900000,0
1531221498659,1531221498654,4272221,0.01927600,15.12800000,1
1531221511996,1531221511991,4272222,0.01927500,8.43200000,1
1531221512019,1531221512014,4272223,0.01927500,11.79400000,1
1531221518382,1531221518377,4272224,0.01927500,2.99800000,0
1531221518383,1531221518379,4272225,0.01927500,0.00100000,0
1531221535342,1531221535338,4272226,0.01927300,0.37700000,1
1531221542432,1531221542430,4272227,0.01927200,0.00200000,1
1531221557217,1531221557213,4272228,0.01927300,15.22100000,1
1531221557244,1531221557239,4272229,0.01927300,10.16200000,1
1531221567961,1531221567952,4272230,0.01931800,1.46800000,0
1531221567961,1531221567952,4272231,0.01933400,0.99000000,0
1531221567961,1531221567952,4272232,0.01934600,0.41200000,0
1531221567961,1531221567952,4272233,0.01935400,0.99000000,0
1531221567961,1531221567952,4272234,0.01935600,3.04500000,0
1531221567961,1531221567952,4272235,0.01935800,1.00000000,0
1531221567961,1531221567952,4272236,0.01937100,6.10700000,0
1531221567961,1531221567952,4272237,0.01937600,0.51700000,0
1531221567961,1531221567952,4272238,0.01937800,8.00000000,0
1531221567961,1531221567952,4272239,0.01938500,0.20700000,0
1531221567961,1531221567952,4272240,0.01938800,0.99000000,0
1531221567961,1531221567952,4272241,0.01939000,0.21000000,0
1531221567961,1531221567952,4272242,0.01940400,0.45800000,0
1531221567961,1531221567952,4272243,0.01941400,5.00000000,0
1531221567961,1531221567952,4272244,0.01942000,4.90000000,0
1531221567961,1531221567952,4272245,0.01943500,1.45000000,0
1531221569701,1531221569696,4272246,0.01936600,0.01200000,0
1531221569924,1531221569921,4272247,0.01936600,0.01200000,0
1531221570034,1531221570029,4272248,0.01936600,0.01200000,0
1531221570157,1531221570152,4272249,0.01936600,0.01000000,0
1531221570226,1531221570222,4272250,0.01936600,0.01200000,0
1531221570237,1531221570232,4272251,0.01936600,0.01200000,0
1531221570269,1531221570260,4272252,0.01936600,0.01200000,0
1531221570299,1531221570293,4272253,0.01936600,0.01100000,0
1531221570310,1531221570308,4272254,0.01936600,0.01100000,0
1531221570404,1531221570400,4272255,0.01936600,0.01200000,0
1531221570469,1531221570464,4272256,0.01936600,0.01200000,0
1531221570531,1531221570527,4272257,0.01936600,0.01200000,0
1531221570620,1531221570616,4272258,0.01936600,0.01200000,0
1531221570669,1531221570665,4272259,0.01936600,0.01200000,0
1531221570686,1531221570682,4272260,0.01936600,0.01200000,0
1531221570738,1531221570732,4272261,0.01936600,0.01200000,0
1531221570761,1531221570757,4272262,0.01936600,0.01000000,0
1531221570805,1531221570799,4272263,0.01936600,0.01200000,0
1531221570883,1531221570879,4272264,0.01936600,0.01200000,0
1531221571015,1531221571011,4272265,0.01936600,0.01100000,0
1531221571214,1531221571209,4272266,0.01936600,0.01200000,0
1531221571273,1531221571269,4272267,0.01936600,0.01200000,0
1531221577360,1531221577356,4272268,0.01935400,0.07400000,0
1531221591615,1531221591609,4272269,0.01935400,0.91600000,0
1531221602016,1531221602010,4272270,0.01938600,0.19500000,0
1531221602572,1531221602568,4272271,0.01938600,0.79500000,0
1531221602572,1531221602568,4272272,0.01939100,4.20500000,0
1531221603388,1531221603382,4272273,0.01939100,0.00400000,0
1531221648334,1531221648329,4272274,0.01932700,0.59700000,1
1531221648508,1531221648502,4272275,0.01932700,64.13500000,1
1531221648508,1531221648502,4272276,0.01932600,3.06700000,1
1531221648508,1531221648502,4272277,0.01931400,0.30000000,1
1531221648508,1531221648502,4272278,0.01931200,0.07700000,1
1531221648508,1531221648502,4272279,0.01929600,34.42100000,1
1531221661753,1531221661748,4272280,0.01930200,0.07500000,1
1531221814186,1531221814180,4272281,0.01930300,0.00100000,1
1531221816261,1531221816255,4272282,0.01930300,0.00100000,1
1531221849758,1531221849753,4272283,0.01930400,0.34500000,1
1531221849758,1531221849753,4272284,0.01930300,0.19400000,1
1531221850594,1531221850589,4272285,0.01930300,2.45700000,0
1531221855853,1531221855849,4272286,0.01936800,0.03800000,0
1531221874662,1531221874656,4272287,0.01936100,0.00100000,0
