event_time,trade_time,trade_id,price,quantity,maker
1531210422506,1531210422502,4996707,0.00009633,30.00000000,0
1531210440000,1531210439996,4996708,0.00009652,206.00000000,1
1531210440187,1531210440183,4996709,0.00009647,72.00000000,0
1531210443791,1531210443787,4996710,0.00009636,931.00000000,0
1531210443800,1531210443796,4996711,0.00009626,776.00000000,1
1531210463656,1531210463652,4996712,0.00009605,1103.00000000,1
1531210473271,1531210473267,4996713,0.00009601,30.00000000,1
1531210473271,1531210473267,4996714,0.00009599,30.00000000,1
1531210473382,1531210473378,4996715,0.00009598,17.00000000,0
1531210473516,1531210473516,4996716,0.00009598,117.00000000,0
1531210474572,1531210474568,4996717,0.00009599,456.00000000,0
1531210482544,1531210482539,4996718,0.00009632,30.00000000,0
1531210513023,1531210513017,4996719,0.00009656,207.00000000,1
1531210513023,1531210513017,4996720,0.00009655,182.00000000,1
1531210513023,1531210513017,4996721,0.00009624,33.00000000,1
1531210513023,1531210513017,4996722,0.00009623,60.00000000,1
1531210513023,1531210513017,4996723,0.00009612,14.00000000,1
1531210513023,1531210513017,4996724,0.00009608,18.00000000,1
1531210513023,1531210513017,4996725,0.00009607,51.00000000,1
1531210513023,1531210513017,4996726,0.00009605,1041.00000000,1
1531210513023,1531210513017,4996727,0.00009604,92.00000000,1
1531210513023,1531210513017,4996728,0.00009603,148.00000000,1
1531210513023,1531210513017,4996729,0.00009601,30.00000000,1
1531210513522,1531210513517,4996730,0.00009601,668.00000000,0
1531210513601,1531210513597,4996731,0.00009600,80.00000000,0
1531210515529,1531210515525,4996732,0.00009600,127.00000000,0
1531210523317,1531210523313,4996733,0.00009608,1126.00000000,0
1531210523332,1531210523327,4996734,0.00009598,82.00000000,1
1531210523356,1531210523352,4996735,0.00009598,741.00000000,1
1531210539265,1531210539259,4996736,0.00009596,367.00000000,1
1531210543634,1531210543630,4996737,0.00009592,1450.00000000,0
1531210543646,1531210543641,4996738,0.00009589,580.00000000,1
1531210581188,1531210581184,4996739,0.00009588,30.00000000,1
1531210585542,1531210585538,4996740,0.00009569,60.00000000,0
1531210590528,1531210590523,4996741,0.00009586,8.00000000,0
1531210590576,1531210590571,4996742,0.00009586,6.00000000,0
1531210590671,1531210590666,4996743,0.00009586,6.00000000,0
1531210590789,1531210590782,4996744,0.00009586,5.00000000,0
1531210590848,1531210590844,4996745,0.00009586,5.00000000,0
1531210590892,1531210590888,4996746,0.00009586,16.00000000,0
1531210590946,1531210590942,4996747,0.00009586,5.00000000,0
1531210590989,1531210590985,4996748,0.00009586,6.00000000,0
1531210591055,1531210591050,4996749,0.00009586,14.00000000,0
1531210591112,1531210591108,4996750,0.00009586,8.00000000,0
1531210591163,1531210591160,4996751,0.00009586,3.00000000,0
1531210591425,1531210591420,4996752,0.00009586,8.00000000,0
1531210591473,1531210591469,4996753,0.00009586,6.00000000,0
1531210591528,1531210591527,4996754,0.00009586,5.00000000,0
1531210591530,1531210591527,4996755,0.00009586,5.00000000,0
1531210591595,1531210591592,4996756,0.00009586,8.00000000,0
1531210591651,1531210591648,4996757,0.00009586,5.00000000,0
1531210591692,1531210591689,4996758,0.00009586,6.00000000,0
1531210591743,1531210591739,4996759,0.00009586,4.00000000,0
1531210591814,1531210591809,4996760,0.00009586,2.00000000,0
1531210591974,1531210591973,4996761,0.00009586,6.00000000,0
1531210592033,1531210592029,4996762,0.00009586,6.00000000,0
1531210592126,1531210592121,4996763,0.00009586,5.00000000,0
1531210592168,1531210592163,4996764,0.00009586,6.00000000,0
1531210592341,1531210592335,4996765,0.00009586,5.00000000,0
1531210592488,1531210592484,4996766,0.00009586,8.00000000,0
1531210592527,1531210592521,4996767,0.00009586,5.00000000,0
1531210592634,1531210592630,4996768,0.00009586,5.00000000,0
1531210592720,1531210592715,4996769,0.00009586,5.00000000,0
1531210592768,1531210592762,4996770,0.00009586,6.00000000,0
1531210592833,1531210592829,4996771,0.00009586,5.00000000,0
1531210592980,1531210592975,4996772,0.00009586,5.00000000,0
1531210600531,1531210600526,4996773,0.00009584,182.00000000,0
1531210623132,1531210623128,4996774,0.00009570,2504.00000000,0
1531210623146,1531210623142,4996775,0.00009562,1265.00000000,1
1531210642937,1531210642933,4996776,0.00009569,3177.00000000,0
1531210642954,1531210642949,4996777,0.00009562,824.00000000,1
1531210642965,1531210642960,4996778,0.00009562,1111.00000000,1
1531210646344,1531210646343,4996779,0.00009561,13.00000000,1
1531210661609,1531210661604,4996780,0.00009561,87.00000000,0
1531210663564,1531210663560,4996781,0.00009559,1144.00000000,1
1531210663580,1531210663576,4996782,0.00009559,61.00000000,1
1531210665634,1531210665634,4996783,0.00009558,164.00000000,1
1531210703108,1531210703103,4996784,0.00009568,2037.00000000,0
1531210703122,1531210703121,4996785,0.00009559,926.00000000,1
1531210723652,1531210723648,4996786,0.00009559,939.00000000,1
1531210723666,1531210723662,4996787,0.00009559,32.00000000,1
1531210737348,1531210737343,4996788,0.00009577,1048.00000000,0
1531210803317,1531210803313,4996789,0.00009577,424.00000000,1
1531210803504,1531210803500,4996790,0.00009577,43.00000000,0
1531210822851,1531210822847,4996791,0.00009568,939.00000000,0
1531210822870,1531210822865,4996792,0.00009559,746.00000000,1
1531210863188,1531210863185,4996793,0.00009566,1210.00000000,0
1531210863208,1531210863204,4996794,0.00009559,1009.00000000,1
1531210871164,1531210871160,4996795,0.00009574,40.00000000,0
1531210904633,1531210904628,4996796,0.00009596,207.00000000,1
1531210920853,1531210920847,4996797,0.00009559,297.00000000,1
1531210924118,1531210924114,4996798,0.00009572,668.00000000,0
1531210924129,1531210924125,4996799,0.00009559,1216.00000000,1
1531210924139,1531210924135,4996800,0.00009559,34.00000000,1
1531210943039,1531210943035,4996801,0.00009568,314.00000000,0
1531210943051,1531210943047,4996802,0.00009559,11.00000000,1
1531210943067,1531210943062,4996803,0.00009559,114.00000000,1
1531210963644,1531210963639,4996804,0.00009559,581.00000000,1
1531210983068,1531210983063,4996805,0.00009560,699.00000000,0
1531210983087,1531210983082,4996806,0.00009559,357.00000000,1
1531211031703,1531211031698,4996807,0.00009559,37.00000000,0
1531211037991,1531211037987,4996808,0.00009559,210.00000000,0
1531211056972,1531211056967,4996809,0.00009575,205.00000000,1
1531211056972,1531211056967,4996810,0.00009564,62.00000000,1
1531211056972,1531211056967,4996811,0.00009559,1127.00000000,1
1531211057283,1531211057283,4996812,0.00009558,123.00000000,1
1531211061402,1531211061399,4996813,0.00009555,26.00000000,1
1531211061967,1531211061963,4996814,0.00009554,76.00000000,1
1531211063658,1531211063654,4996815,0.00009548,20.00000000,1
1531211083052,1531211083048,4996816,0.00009549,527.00000000,1
1531211083074,1531211083070,4996817,0.00009549,51.00000000,1
1531211123040,1531211123032,4996818,0.00009552,117.00000000,1
1531211140297,1531211140292,4996819,0.00009554,92.00000000,1
1531211140297,1531211140292,4996820,0.00009553,197.00000000,1
1531211140763,1531211140759,4996821,0.00009552,20.00000000,0
1531211157357,1531211157353,4996822,0.00009548,2.00000000,1
1531211159805,1531211159801,4996823,0.00009545,15.00000000,0
1531211163771,1531211163766,4996824,0.00009543,889.00000000,0
1531211163788,1531211163783,4996825,0.00009544,729.00000000,0
1531211165370,1531211165365,4996826,0.00009542,42.00000000,1
1531211167375,1531211167372,4996827,0.00009528,2.00000000,1
1531211167797,1531211167792,4996828,0.00009531,128.00000000,0
1531211183051,1531211183047,4996829,0.00009529,27.00000000,1
1531211186328,1531211186323,4996830,0.00009539,152.00000000,0
1531211202795,1531211202790,4996831,0.00009534,421.00000000,0
1531211202807,1531211202803,4996832,0.00009529,711.00000000,1
1531211202821,1531211202817,4996833,0.00009529,177.00000000,1
1531211204527,1531211204510,4996834,0.00009528,11.00000000,1
1531211223260,1531211223258,4996835,0.00009534,1029.00000000,0
1531211223268,1531211223264,4996836,0.00009529,1007.00000000,1
1531211223294,1531211223288,4996837,0.00009529,360.00000000,1
1531211223633,1531211223630,4996838,0.00009533,26.00000000,0
1531211237141,1531211237136,4996839,0.00009531,20.00000000,0
1531211243374,1531211243369,4996840,0.00009529,124.00000000,1
1531211243390,1531211243385,4996841,0.00009529,1269.00000000,1
1531211251097,1531211251093,4996842,0.00009531,41.00000000,0
1531211251201,1531211251195,4996843,0.00009532,12.00000000,0
1531211252364,1531211252359,4996844,0.00009543,37.00000000,0
1531211276232,1531211276225,4996845,0.00009567,206.00000000,1
1531211276232,1531211276225,4996846,0.00009543,2.00000000,1
1531211284346,1531211284341,4996847,0.00009533,921.00000000,1
1531211284368,1531211284363,4996848,0.00009533,987.00000000,1
1531211284968,1531211284964,4996849,0.00009536,31.00000000,0
1531211286881,1531211286877,4996850,0.00009526,33.00000000,1
1531211322934,1531211322929,4996851,0.00009528,1418.00000000,0
1531211322947,1531211322943,4996852,0.00009527,815.00000000,1
1531211323651,1531211323647,4996853,0.00009528,11.00000000,0
1531211326826,1531211326820,4996854,0.00009526,8.00000000,1
1531211345805,1531211345800,4996855,0.00009525,20.00000000,1
1531211347641,1531211347637,4996856,0.00009526,61.00000000,0
1531211349813,1531211349809,4996857,0.00009525,20.00000000,1
1531211351682,1531211351677,4996858,0.00009526,95.00000000,0
1531211395361,1531211395355,4996859,0.00009558,206.00000000,1
1531211395394,1531211395389,4996860,0.00009526,204.00000000,0
1531211395778,1531211395775,4996861,0.00009526,338.00000000,0
1531211395969,1531211395969,4996862,0.00009525,206.00000000,1
1531211398188,1531211398183,4996863,0.00009525,181.00000000,0
1531211398202,1531211398200,4996864,0.00009525,1.00000000,0
1531211409127,1531211409123,4996865,0.00009525,20.00000000,1
1531211422917,1531211422912,4996866,0.00009519,1165.00000000,1
1531211422940,1531211422935,4996867,0.00009519,343.00000000,1
1531211443784,1531211443779,4996868,0.00009521,15.00000000,0
1531211443792,1531211443787,4996869,0.00009525,11.00000000,0
1531211446902,1531211446896,4996870,0.00009518,30.00000000,1
1531211446902,1531211446896,4996871,0.00009517,2.00000000,1
1531211464016,1531211464011,4996872,0.00009522,1308.00000000,0
1531211464025,1531211464021,4996873,0.00009519,193.00000000,1
1531211464043,1531211464039,4996874,0.00009519,507.00000000,1
1531211467718,1531211467714,4996875,0.00009521,16.00000000,0
1531211483014,1531211483010,4996876,0.00009519,1369.00000000,1
1531211483021,1531211483016,4996877,0.00009519,1314.00000000,0
1531211483037,1531211483032,4996878,0.00009519,1369.00000000,1
1531211503230,1531211503225,4996879,0.00009519,282.00000000,1
1531211503772,1531211503766,4996880,0.00009519,435.00000000,1
1531211503793,1531211503792,4996881,0.00009519,516.00000000,1
1531211505587,1531211505583,4996882,0.00009519,145.00000000,0
1531211506028,1531211506024,4996883,0.00009519,8.00000000,0
1531211514609,1531211514605,4996884,0.00009518,20.00000000,1
1531211523424,1531211523424,4996885,0.00009518,3.00000000,1
1531211523434,1531211523429,4996886,0.00009518,2432.00000000,0
1531211523444,1531211523440,4996887,0.00009519,214.00000000,0
1531211568630,1531211568626,4996888,0.00009518,39.00000000,0
1531211574139,1531211574135,4996889,0.00009518,34.00000000,1
1531211574139,1531211574135,4996890,0.00009517,30.00000000,1
1531211577770,1531211577769,4996891,0.00009513,30.00000000,1
1531211577770,1531211577769,4996892,0.00009510,32.00000000,1
1531211577770,1531211577769,4996893,0.00009510,1000.00000000,1
1531211579279,1531211579274,4996894,0.00009510,51.00000000,1
1531211583508,1531211583504,4996895,0.00009514,849.00000000,0
1531211583519,1531211583515,4996896,0.00009511,906.00000000,1
1531211583541,1531211583536,4996897,0.00009511,297.00000000,1
1531211603503,1531211603498,4996898,0.00009512,1216.00000000,0
1531211603520,1531211603516,4996899,0.00009516,520.00000000,0
1531211609789,1531211609784,4996900,0.00009508,125.00000000,1
1531211612625,1531211612622,4996901,0.00009513,2.00000000,0
1531211622831,1531211622826,4996902,0.00009510,1725.00000000,0
1531211622838,1531211622834,4996903,0.00009509,1034.00000000,1
1531211622851,1531211622846,4996904,0.00009509,591.00000000,1
1531211640555,1531211640551,4996905,0.00009508,225.00000000,1
1531211640769,1531211640765,4996906,0.00009508,72.00000000,0
1531211641097,1531211641093,4996907,0.00009508,48.00000000,0
1531211643507,1531211643503,4996908,0.00009509,1551.00000000,0
1531211643519,1531211643514,4996909,0.00009511,1403.00000000,0
1531211643541,1531211643537,4996910,0.00009511,739.00000000,0
1531211647150,1531211647145,4996911,0.00009512,20.00000000,0
1531211652595,1531211652595,4996912,0.00009510,663.00000000,0
1531211652962,1531211652958,4996913,0.00009510,24.00000000,0
1531211663872,1531211663868,4996914,0.00009507,53.00000000,0
1531211663889,1531211663884,4996915,0.00009509,21.00000000,0
1531211679280,1531211679274,4996916,0.00009509,20.00000000,0
1531211679280,1531211679274,4996917,0.00009510,499.00000000,0
1531211682584,1531211682579,4996918,0.00009509,192.00000000,0
1531211682598,1531211682593,4996919,0.00009509,1001.00000000,0
1531211696037,1531211696034,4996920,0.00009510,497.00000000,0
1531211696389,1531211696386,4996921,0.00009510,1823.00000000,0
1531211703940,1531211703936,4996922,0.00009507,729.00000000,0
1531211703959,1531211703954,4996923,0.00009509,456.00000000,0
1531211723459,1531211723457,4996924,0.00009507,610.00000000,0
1531211723469,1531211723464,4996925,0.00009509,576.00000000,0
1531211733059,1531211733053,4996926,0.00009508,2.00000000,0
1531211742766,1531211742760,4996927,0.00009506,114.00000000,1
1531211742773,1531211742769,4996928,0.00009506,908.00000000,0
1531211742782,1531211742778,4996929,0.00009507,965.00000000,0
1531211764024,1531211764019,4996930,0.00009506,114.00000000,1
1531211767407,1531211767402,4996931,0.00009505,52.00000000,1
1531211783659,1531211783653,4996932,0.00009505,679.00000000,1
1531211783669,1531211783665,4996933,0.00009505,2297.00000000,0
1531211783689,1531211783685,4996934,0.00009506,928.00000000,0
1531211803355,1531211803350,4996935,0.00009504,1518.00000000,0
1531211803371,1531211803366,4996936,0.00009503,649.00000000,1
1531211805616,1531211805611,4996937,0.00009505,20.00000000,0
1531211805877,1531211805873,4996938,0.00009506,24.00000000,0
1531211806341,1531211806337,4996939,0.00009506,31.00000000,0
1531211806613,1531211806608,4996940,0.00009506,11.00000000,0
1531211812621,1531211812616,4996941,0.00009506,71.00000000,0
1531211819135,1531211819129,4996942,0.00009504,64.00000000,0
1531211822889,1531211822884,4996943,0.00009502,12.00000000,1
1531211822909,1531211822905,4996944,0.00009502,3247.00000000,0
1531211822917,1531211822912,4996945,0.00009503,1103.00000000,0
1531211822930,1531211822925,4996946,0.00009503,1495.00000000,0
1531211825902,1531211825896,4996947,0.00009504,13.00000000,0
1531211843338,1531211843333,4996948,0.00009502,239.00000000,0
1531211843350,1531211843346,4996949,0.00009503,963.00000000,0
1531211843369,1531211843364,4996950,0.00009503,164.00000000,0
1531211854108,1531211854106,4996951,0.00009504,14.00000000,0
1531211863479,1531211863475,4996952,0.00009502,939.00000000,1
1531211863494,1531211863489,4996953,0.00009502,1100.00000000,1
1531211884163,1531211884162,4996954,0.00009502,451.00000000,1
1531211884185,1531211884179,4996955,0.00009502,270.00000000,0
1531211884201,1531211884195,4996956,0.00009502,12.00000000,1
1531211884206,1531211884202,4996957,0.00009502,439.00000000,1
1531211884334,1531211884329,4996958,0.00009502,12.00000000,0
1531211894259,1531211894255,4996959,0.00009503,69.00000000,0
1531211896372,1531211896368,4996960,0.00009501,246.00000000,1
1531211896372,1531211896368,4996961,0.00009500,910.00000000,1
1531211902757,1531211902753,4996962,0.00009501,434.00000000,1
1531211902769,1531211902764,4996963,0.00009501,416.00000000,0
1531211902778,1531211902776,4996964,0.00009501,434.00000000,1
1531211906691,1531211906687,4996965,0.00009500,915.00000000,1
1531211908677,1531211908672,4996966,0.00009496,37.00000000,1
1531211911783,1531211911778,4996967,0.00009488,91.00000000,1
1531211911783,1531211911778,4996968,0.00009486,1.00000000,1
1531211913310,1531211913305,4996969,0.00009491,18.00000000,0
1531211919416,1531211919410,4996970,0.00009491,20.00000000,0
1531211923288,1531211923283,4996971,0.00009493,197.00000000,0
1531211923301,1531211923296,4996972,0.00009493,15.00000000,1
1531211923301,1531211923296,4996973,0.00009486,104.00000000,1
1531211928002,1531211927997,4996974,0.00009491,22.00000000,0
1531211930356,1531211930352,4996975,0.00009484,479.00000000,1
1531211935452,1531211935451,4996976,0.00009489,52.00000000,0
1531211935685,1531211935680,4996977,0.00009483,145.00000000,1
1531211935850,1531211935846,4996978,0.00009484,385.00000000,0
1531211936684,1531211936680,4996979,0.00009482,35.00000000,1
1531211937464,1531211937460,4996980,0.00009484,1.00000000,0
1531211938285,1531211938282,4996981,0.00009484,381.00000000,0
1531211944236,1531211944231,4996982,0.00009484,1451.00000000,0
1531211944254,1531211944250,4996983,0.00009479,708.00000000,1
1531211944278,1531211944274,4996984,0.00009479,595.00000000,1
1531211952005,1531211952000,4996985,0.00009478,21.00000000,1
1531211952073,1531211952068,4996986,0.00009478,97.00000000,0
1531211953541,1531211953536,4996987,0.00009471,12.00000000,1
1531211953541,1531211953536,4996988,0.00009463,9.00000000,1
1531211953942,1531211953938,4996989,0.00009463,2.00000000,1
1531211953942,1531211953938,4996990,0.00009452,50.00000000,1
1531211954916,1531211954912,4996991,0.00009486,53.00000000,0
1531211954935,1531211954932,4996992,0.00009486,59.00000000,0
1531211955176,1531211955170,4996993,0.00009456,91.00000000,1
1531211955176,1531211955170,4996994,0.00009454,147.00000000,1
1531211960337,1531211960332,4996995,0.00009486,20.00000000,0
1531211969143,1531211969137,4996996,0.00009451,25.00000000,1
1531211983027,1531211983023,4996997,0.00009467,233.00000000,0
1531211983039,1531211983035,4996998,0.00009456,953.00000000,1
1531211983054,1531211983049,4996999,0.00009456,144.00000000,1
1531211986073,1531211986069,4997000,0.00009450,13.00000000,1
1531211991336,1531211991332,4997001,0.00009451,11.00000000,1
1531211998747,1531211998743,4997002,0.00009454,11.00000000,0
1531212000688,1531212000683,4997003,0.00009453,222.00000000,0
1531212001693,1531212001689,4997004,0.00009460,40.00000000,0
1531212002702,1531212002698,4997005,0.00009462,19.00000000,0
1531212005661,1531212005655,4997006,0.00009476,24.00000000,0
1531212010897,1531212010893,4997007,0.00009458,90.00000000,0
1531212011698,1531212011695,4997008,0.00009458,851.00000000,0
1531212022850,1531212022846,4997009,0.00009454,1727.00000000,0
1531212022858,1531212022854,4997010,0.00009451,290.00000000,1
1531212022877,1531212022873,4997011,0.00009451,714.00000000,1
1531212044094,1531212044091,4997012,0.00009454,18.00000000,0
1531212046454,1531212046450,4997013,0.00009454,17.00000000,0
1531212063764,1531212063759,4997014,0.00009453,12.00000000,0
1531212064015,1531212064011,4997015,0.00009452,593.00000000,0
1531212064024,1531212064021,4997016,0.00009451,530.00000000,1
1531212072758,1531212072753,4997017,0.00009454,100.00000000,0
1531212082965,1531212082961,4997018,0.00009453,89.00000000,1
1531212082981,1531212082978,4997019,0.00009453,873.00000000,1
1531212084735,1531212084729,4997020,0.00009453,207.00000000,1
1531212084735,1531212084729,4997021,0.00009452,47.00000000,1
1531212084751,1531212084748,4997022,0.00009452,208.00000000,0
1531212113088,1531212113085,4997023,0.00009451,17.00000000,0
1531212116090,1531212116085,4997024,0.00009450,2554.00000000,1
1531212116356,1531212116352,4997025,0.00009449,72.00000000,0
1531212116701,1531212116697,4997026,0.00009446,58.00000000,1
1531212117698,1531212117694,4997027,0.00009442,32.00000000,1
1531212119780,1531212119776,4997028,0.00009436,11.00000000,1
1531212120425,1531212120422,4997029,0.00009441,326.00000000,0
1531212120891,1531212120886,4997030,0.00009442,340.00000000,0
1531212123593,1531212123589,4997031,0.00009439,1280.00000000,0
1531212123607,1531212123602,4997032,0.00009436,821.00000000,1
1531212125904,1531212125898,4997033,0.00009442,74.00000000,0
1531212133694,1531212133691,4997034,0.00009428,11.00000000,0
1531212133815,1531212133811,4997035,0.00009429,130.00000000,0
1531212133914,1531212133910,4997036,0.00009429,97.00000000,0
1531212134791,1531212134787,4997037,0.00009429,9.00000000,0
1531212136706,1531212136701,4997038,0.00009426,118.00000000,1
1531212137698,1531212137693,4997039,0.00009425,48.00000000,1
1531212139702,1531212139699,4997040,0.00009417,168.00000000,1
1531212141844,1531212141839,4997041,0.00009420,13.00000000,0
1531212141844,1531212141839,4997042,0.00009429,12.00000000,0
1531212143737,1531212143733,4997043,0.00009420,2925.00000000,0
1531212143747,1531212143742,4997044,0.00009411,1261.00000000,1
1531212148711,1531212148698,4997045,0.00009410,1000.00000000,1
1531212148711,1531212148698,4997046,0.00009400,1119.00000000,1
1531212148711,1531212148698,4997047,0.00009393,12.00000000,1
1531212148711,1531212148698,4997048,0.00009392,12.00000000,1
1531212148711,1531212148698,4997049,0.00009386,11.00000000,1
1531212148711,1531212148698,4997050,0.00009385,129.00000000,1
1531212148711,1531212148698,4997051,0.00009382,64.00000000,1
1531212148711,1531212148698,4997052,0.00009381,51.00000000,1
1531212148711,1531212148698,4997053,0.00009380,46.00000000,1
1531212148711,1531212148698,4997054,0.00009379,1066.00000000,1
1531212148711,1531212148698,4997055,0.00009376,29.00000000,1
1531212148711,1531212148698,4997056,0.00009374,49.00000000,1
1531212148711,1531212148698,4997057,0.00009372,35.00000000,1
1531212148711,1531212148698,4997058,0.00009371,47.00000000,1
1531212148711,1531212148698,4997059,0.00009370,83.00000000,1
1531212148711,1531212148698,4997060,0.00009360,85.00000000,1
1531212148711,1531212148698,4997061,0.00009359,275.00000000,1
1531212148711,1531212148698,4997062,0.00009357,21.00000000,1
1531212148711,1531212148698,4997063,0.00009356,91.00000000,1
1531212148711,1531212148698,4997064,0.00009355,41.00000000,1
1531212148711,1531212148698,4997065,0.00009354,64.00000000,1
1531212148711,1531212148698,4997066,0.00009350,269.00000000,1
1531212148995,1531212148992,4997067,0.00009402,63.00000000,0
1531212149363,1531212149357,4997068,0.00009410,556.00000000,0
1531212149390,1531212149386,4997069,0.00009410,31.00000000,0
1531212149463,1531212149459,4997070,0.00009410,42.00000000,0
1531212149587,1531212149584,4997071,0.00009410,15.00000000,0
1531212150571,1531212150567,4997072,0.00009391,38.00000000,1
1531212151048,1531212151044,4997073,0.00009391,8.00000000,0
1531212152606,1531212152601,4997074,0.00009390,14.00000000,0
1531212152744,1531212152740,4997075,0.00009373,13.00000000,1
1531212152744,1531212152740,4997076,0.00009364,8.00000000,1
1531212153208,1531212153203,4997077,0.00009382,18.00000000,0
1531212153208,1531212153203,4997078,0.00009390,1052.00000000,0
1531212153708,1531212153707,4997079,0.00009391,383.00000000,1
1531212156620,1531212156609,4997080,0.00009370,52.00000000,1
1531212158955,1531212158951,4997081,0.00009409,14.00000000,0
1531212163226,1531212163222,4997082,0.00009390,319.00000000,0
1531212163238,1531212163234,4997083,0.00009408,592.00000000,0
1531212163256,1531212163251,4997084,0.00009408,121.00000000,0
1531212164184,1531212164180,4997085,0.00009372,93.00000000,1
1531212167728,1531212167722,4997086,0.00009372,95.00000000,1
1531212169380,1531212169374,4997087,0.00009406,89.00000000,0
1531212173717,1531212173716,4997088,0.00009372,33.00000000,0
1531212176705,1531212176700,4997089,0.00009385,84.00000000,0
1531212181427,1531212181422,4997090,0.00009371,66.00000000,0
1531212182407,1531212182403,4997091,0.00009368,1.00000000,1
1531212182727,1531212182724,4997092,0.00009372,12.00000000,0
1531212183668,1531212183665,4997093,0.00009367,276.00000000,1
1531212184367,1531212184362,4997094,0.00009386,20.00000000,0
1531212184367,1531212184362,4997095,0.00009388,20.00000000,0
1531212184367,1531212184362,4997096,0.00009390,810.00000000,0
1531212187093,1531212187089,4997097,0.00009390,19.00000000,0
1531212188420,1531212188417,4997098,0.00009390,30.00000000,0
1531212193559,1531212193554,4997099,0.00009367,118.00000000,0
1531212212345,1531212212340,4997100,0.00009367,1.00000000,0
1531212213777,1531212213772,4997101,0.00009368,11.00000000,1
1531212213893,1531212213888,4997102,0.00009405,52.00000000,0
1531212215942,1531212215936,4997103,0.00009405,25.00000000,0
1531212215964,1531212215960,4997104,0.00009383,48.00000000,0
1531212216462,1531212216457,4997105,0.00009383,13.00000000,0
1531212218052,1531212218046,4997106,0.00009383,115.00000000,0
1531212219291,1531212219286,4997107,0.00009382,20.00000000,0
1531212219291,1531212219286,4997108,0.00009383,1.00000000,0
1531212220740,1531212220736,4997109,0.00009383,443.00000000,0
1531212222446,1531212222441,4997110,0.00009405,64.00000000,0
1531212241042,1531212241038,4997111,0.00009405,225.00000000,0
1531212243160,1531212243156,4997112,0.00009400,1113.00000000,0
1531212243177,1531212243172,4997113,0.00009395,938.00000000,1
1531212243198,1531212243193,4997114,0.00009395,807.00000000,1
1531212244547,1531212244541,4997115,0.00009404,12.00000000,0
1531212244547,1531212244541,4997116,0.00009405,28.00000000,0
1531212251989,1531212251985,4997117,0.00009394,953.00000000,1
1531212260739,1531212260738,4997118,0.00009386,180.00000000,1
1531212262478,1531212262473,4997119,0.00009368,147.00000000,1
1531212263884,1531212263882,4997120,0.00009380,2888.00000000,0
1531212263899,1531212263894,4997121,0.00009393,1325.00000000,0
1531212283019,1531212283015,4997122,0.00009393,8.00000000,0
1531212303090,1531212303086,4997123,0.00009382,526.00000000,0
1531212303107,1531212303103,4997124,0.00009373,225.00000000,1
1531212311409,1531212311406,4997125,0.00009368,33.00000000,1
1531212311473,1531212311470,4997126,0.00009368,164.00000000,0
1531212311528,1531212311523,4997127,0.00009367,158.00000000,1
1531212314154,1531212314148,4997128,0.00009384,12.00000000,0
1531212321605,1531212321601,4997129,0.00009372,61.00000000,1
1531212321605,1531212321601,4997130,0.00009370,296.00000000,1
1531212323325,1531212323321,4997131,0.00009370,1025.00000000,1
1531212323346,1531212323340,4997132,0.00009370,27.00000000,1
1531212327801,1531212327796,4997133,0.00009369,20.00000000,0
1531212332729,1531212332728,4997134,0.00009370,296.00000000,0
1531212334412,1531212334409,4997135,0.00009389,32.00000000,0
1531212334729,1531212334724,4997136,0.00009393,180.00000000,1
1531212337530,1531212337525,4997137,0.00009396,19.00000000,0
1531212339486,1531212339480,4997138,0.00009396,41.00000000,0
1531212342773,1531212342771,4997139,0.00009405,44.00000000,0
1531212343916,1531212343911,4997140,0.00009404,19.00000000,0
1531212343916,1531212343911,4997141,0.00009405,24.00000000,0
1531212364004,1531212363998,4997142,0.00009390,2435.00000000,0
1531212364016,1531212364012,4997143,0.00009380,1334.00000000,1
1531212364037,1531212364032,4997144,0.00009380,1467.00000000,1
1531212402965,1531212402961,4997145,0.00009391,2507.00000000,0
1531212402983,1531212402979,4997146,0.00009381,1378.00000000,1
1531212417736,1531212417735,4997147,0.00009380,200.00000000,1
1531212428737,1531212428733,4997148,0.00009375,211.00000000,1
1531212429738,1531212429733,4997149,0.00009370,20.00000000,1
1531212431735,1531212431731,4997150,0.00009371,75.00000000,1
1531212432753,1531212432749,4997151,0.00009371,22.00000000,1
1531212434747,1531212434742,4997152,0.00009367,78.00000000,1
1531212436737,1531212436732,4997153,0.00009364,45.00000000,1
1531212437162,1531212437156,4997154,0.00009361,1.00000000,1
1531212437739,1531212437734,4997155,0.00009361,189.00000000,1
1531212446746,1531212446741,4997156,0.00009359,31.00000000,1
1531212463192,1531212463187,4997157,0.00009363,3378.00000000,0
1531212463206,1531212463202,4997158,0.00009351,238.00000000,1
1531212463217,1531212463212,4997159,0.00009351,1198.00000000,1
1531212480600,1531212480596,4997160,0.00009358,210.00000000,0
1531212482743,1531212482740,4997161,0.00009357,75.00000000,0
1531212483743,1531212483739,4997162,0.00009368,20.00000000,0
1531212487790,1531212487786,4997163,0.00009375,12.00000000,0
1531212488790,1531212488785,4997164,0.00009375,8.00000000,0
1531212492314,1531212492308,4997165,0.00009379,21.00000000,0
1531212522789,1531212522784,4997166,0.00009358,999.00000000,1
1531212522804,1531212522799,4997167,0.00009358,504.00000000,1
1531212560058,1531212560051,4997168,0.00009353,839.00000000,1
1531212560058,1531212560051,4997169,0.00009350,850.00000000,1
1531212560058,1531212560051,4997170,0.00009343,12.00000000,1
1531212560058,1531212560051,4997171,0.00009339,199.00000000,1
1531212560058,1531212560051,4997172,0.00009334,15.00000000,1
1531212560058,1531212560051,4997173,0.00009325,32.00000000,1
1531212560058,1531212560051,4997174,0.00009324,11.00000000,1
1531212560058,1531212560051,4997175,0.00009316,1073.00000000,1
1531212560058,1531212560051,4997176,0.00009315,130.00000000,1
1531212560058,1531212560051,4997177,0.00009303,476.00000000,1
1531212560058,1531212560051,4997178,0.00009301,649.00000000,1
1531212560058,1531212560051,4997179,0.00009300,1000.00000000,1
1531212560079,1531212560075,4997180,0.00009300,3901.00000000,0
1531212560094,1531212560090,4997181,0.00009300,3678.00000000,0
1531212560109,1531212560104,4997182,0.00009300,108.00000000,0
1531212560171,1531212560167,4997183,0.00009300,51.00000000,0
1531212560442,1531212560436,4997184,0.00009299,75.00000000,1
1531212560442,1531212560436,4997185,0.00009298,33.00000000,1
1531212560743,1531212560739,4997186,0.00009300,1159.00000000,0
1531212561048,1531212561041,4997187,0.00009298,214.00000000,1
1531212561048,1531212561041,4997188,0.00009296,47.00000000,1
1531212561048,1531212561041,4997189,0.00009294,40.00000000,1
1531212561874,1531212561871,4997190,0.00009299,101.00000000,0
1531212562468,1531212562464,4997191,0.00009299,30.00000000,0
1531212562581,1531212562576,4997192,0.00009292,57.00000000,1
1531212564219,1531212564213,4997193,0.00009283,65.00000000,1
1531212564219,1531212564213,4997194,0.00009282,64.00000000,1
1531212564219,1531212564213,4997195,0.00009281,48.00000000,1
1531212564219,1531212564213,4997196,0.00009280,30.00000000,1
1531212565072,1531212565068,4997197,0.00009289,129.00000000,0
1531212565072,1531212565068,4997198,0.00009298,127.00000000,0
1531212565295,1531212565291,4997199,0.00009298,11.00000000,0
1531212567074,1531212567069,4997200,0.00009288,14.00000000,0
1531212571068,1531212571063,4997201,0.00009298,20.00000000,0
1531212573562,1531212573558,4997202,0.00009297,20.00000000,0
1531212582377,1531212582372,4997203,0.00009294,402.00000000,0
1531212582377,1531212582372,4997204,0.00009297,37.00000000,0
1531212582377,1531212582372,4997205,0.00009298,43.00000000,0
1531212582377,1531212582372,4997206,0.00009300,5817.00000000,0
1531212582377,1531212582372,4997207,0.00009303,3678.00000000,0
1531212582409,1531212582405,4997208,0.00009303,72.00000000,1
1531212582486,1531212582480,4997209,0.00009303,182.00000000,1
1531212582808,1531212582803,4997210,0.00009322,40.00000000,0
1531212583696,1531212583690,4997211,0.00009304,91.00000000,1
1531212583897,1531212583893,4997212,0.00009320,213.00000000,0
1531212584094,1531212584089,4997213,0.00009304,73.00000000,1
1531212584306,1531212584301,4997214,0.00009304,100.00000000,1
1531212585814,1531212585810,4997215,0.00009321,28.00000000,0
1531212604082,1531212604077,4997216,0.00009312,1049.00000000,0
1531212604099,1531212604094,4997217,0.00009305,648.00000000,1
1531212614953,1531212614947,4997218,0.00009316,12.00000000,0
1531212617351,1531212617346,4997219,0.00009305,11.00000000,1
1531212617351,1531212617346,4997220,0.00009305,11.00000000,1
1531212617639,1531212617633,4997221,0.00009305,120.00000000,1
1531212617806,1531212617803,4997222,0.00009305,33.00000000,1
1531212623775,1531212623774,4997223,0.00009310,1802.00000000,0
1531212623789,1531212623785,4997224,0.00009306,638.00000000,1
1531212623812,1531212623807,4997225,0.00009306,1141.00000000,1
1531212633792,1531212633789,4997226,0.00009312,29.00000000,1
1531212634938,1531212634934,4997227,0.00009305,8.00000000,1
1531212639546,1531212639541,4997228,0.00009314,10.00000000,0
1531212643666,1531212643661,4997229,0.00009312,1339.00000000,0
1531212658539,1531212658535,4997230,0.00009312,10.00000000,1
1531212658583,1531212658577,4997231,0.00009312,15.00000000,1
1531212659100,1531212659096,4997232,0.00009312,264.00000000,1
1531212659102,1531212659098,4997233,0.00009312,10.00000000,1
1531212659411,1531212659407,4997234,0.00009312,31.00000000,1
1531212670513,1531212670508,4997235,0.00009312,12.00000000,1
1531212675236,1531212675233,4997236,0.00009313,50.00000000,0
1531212682956,1531212682952,4997237,0.00009312,24.00000000,1
1531212688070,1531212688066,4997238,0.00009313,102.00000000,0
1531212701396,1531212701391,4997239,0.00009313,735.00000000,0
1531212722637,1531212722632,4997240,0.00009314,22.00000000,1
1531212723610,1531212723607,4997241,0.00009315,619.00000000,0
1531212723625,1531212723619,4997242,0.00009314,52.00000000,1
1531212723649,1531212723644,4997243,0.00009314,322.00000000,1
1531212730649,1531212730645,4997244,0.00009313,30.00000000,1
1531212732928,1531212732924,4997245,0.00009314,22.00000000,0
1531212732936,1531212732931,4997246,0.00009315,48.00000000,1
1531212743746,1531212743742,4997247,0.00009321,43.00000000,0
1531212743756,1531212743752,4997248,0.00009316,27.00000000,1
1531212747632,1531212747628,4997249,0.00009315,17.00000000,1
1531212747632,1531212747628,4997250,0.00009313,8.00000000,1
1531212754837,1531212754833,4997251,0.00009318,53.00000000,0
1531212757326,1531212757323,4997252,0.00009326,15.00000000,0
1531212763945,1531212763941,4997253,0.00009322,1432.00000000,0
1531212763959,1531212763954,4997254,0.00009319,663.00000000,1
1531212766239,1531212766233,4997255,0.00009326,14.00000000,0
1531212783254,1531212783248,4997256,0.00009322,107.00000000,0
1531212783268,1531212783264,4997257,0.00009325,1275.00000000,0
1531212783290,1531212783286,4997258,0.00009325,61.00000000,0
1531212792755,1531212792752,4997259,0.00009326,11.00000000,0
1531212818659,1531212818653,4997260,0.00009330,773.00000000,1
1531212849741,1531212849737,4997261,0.00009331,26.00000000,0
1531212853466,1531212853462,4997262,0.00009331,26.00000000,0
1531212917501,1531212917499,4997263,0.00009331,10.00000000,0
1531212917814,1531212917810,4997264,0.00009331,13.00000000,0
1531212920970,1531212920966,4997265,0.00009333,80.00000000,0
1531212921280,1531212921275,4997266,0.00009333,31.00000000,0
1531212935240,1531212935233,4997267,0.00009334,57.00000000,0
1531212960227,1531212960224,4997268,0.00009339,81.00000000,1
1531212980975,1531212980971,4997269,0.00009358,58.00000000,0
1531212982588,1531212982583,4997270,0.00009348,3203.00000000,0
1531212982604,1531212982600,4997271,0.00009358,1398.00000000,0
1531213003329,1531213003325,4997272,0.00009358,58.00000000,1
1531213003343,1531213003338,4997273,0.00009358,1026.00000000,0
1531213003351,1531213003346,4997274,0.00009358,58.00000000,1
1531213022862,1531213022857,4997275,0.00009348,2980.00000000,0
1531213022877,1531213022871,4997276,0.00009340,1375.00000000,1
1531213022897,1531213022893,4997277,0.00009340,1035.00000000,1
1531213043261,1531213043256,4997278,0.00009341,225.00000000,1
1531213043286,1531213043281,4997279,0.00009341,590.00000000,1
1531213063763,1531213063758,4997280,0.00009341,421.00000000,1
1531213082925,1531213082921,4997281,0.00009348,1538.00000000,0
1531213082938,1531213082934,4997282,0.00009341,1345.00000000,1
1531213082949,1531213082944,4997283,0.00009341,777.00000000,1
1531213085680,1531213085676,4997284,0.00009356,214.00000000,0
1531213086605,1531213086600,4997285,0.00009356,15.00000000,0
1531213103301,1531213103298,4997286,0.00009358,603.00000000,0
1531213103313,1531213103309,4997287,0.00009357,759.00000000,1
1531213103326,1531213103322,4997288,0.00009357,328.00000000,1
1531213119940,1531213119935,4997289,0.00009359,29.00000000,0
1531213122790,1531213122786,4997290,0.00009357,440.00000000,1
1531213122805,1531213122802,4997291,0.00009357,522.00000000,1
1531213131263,1531213131258,4997292,0.00009356,55.00000000,1
1531213143516,1531213143511,4997293,0.00009358,713.00000000,0
1531213143535,1531213143530,4997294,0.00009357,1178.00000000,1
1531213143555,1531213143551,4997295,0.00009357,430.00000000,1
1531213148324,1531213148322,4997296,0.00009356,286.00000000,1
1531213163091,1531213163087,4997297,0.00009358,1995.00000000,0
1531213163101,1531213163096,4997298,0.00009357,674.00000000,1
1531213182704,1531213182698,4997299,0.00009358,1303.00000000,0
1531213182715,1531213182711,4997300,0.00009357,1323.00000000,1
1531213182725,1531213182721,4997301,0.00009357,749.00000000,1
1531213186911,1531213186906,4997302,0.00009359,10.00000000,0
1531213202042,1531213202039,4997303,0.00009359,15.00000000,0
1531213222998,1531213222992,4997304,0.00009367,626.00000000,0
1531213223015,1531213223011,4997305,0.00009360,740.00000000,1
1531213223036,1531213223032,4997306,0.00009360,407.00000000,1
1531213236158,1531213236155,4997307,0.00009374,32.00000000,0
1531213242005,1531213242000,4997308,0.00009368,211.00000000,1
1531213242029,1531213242023,4997309,0.00009367,70.00000000,1
1531213242029,1531213242023,4997310,0.00009365,29.00000000,1
1531213243177,1531213243173,4997311,0.00009378,1467.00000000,0
1531213243191,1531213243186,4997312,0.00009365,709.00000000,1
1531213243220,1531213243215,4997313,0.00009365,1174.00000000,1
1531213244582,1531213244578,4997314,0.00009364,39.00000000,0
1531213257557,1531213257554,4997315,0.00009364,173.00000000,0
1531213264282,1531213264277,4997316,0.00009361,2476.00000000,0
1531213264292,1531213264288,4997317,0.00009357,888.00000000,1
1531213264310,1531213264305,4997318,0.00009357,1457.00000000,1
1531213264332,1531213264328,4997319,0.00009365,49.00000000,0
1531213274952,1531213274946,4997320,0.00009391,70.00000000,0
1531213274952,1531213274946,4997321,0.00009394,21.00000000,0
1531213274952,1531213274946,4997322,0.00009398,20.00000000,0
1531213274952,1531213274946,4997323,0.00009399,43.00000000,0
1531213274952,1531213274946,4997324,0.00009400,51.00000000,0
1531213274952,1531213274946,4997325,0.00009401,64.00000000,0
1531213274952,1531213274946,4997326,0.00009405,95.00000000,0
1531213290041,1531213290038,4997327,0.00009392,40.00000000,1
1531213290260,1531213290255,4997328,0.00009392,22.00000000,1
1531213297231,1531213297227,4997329,0.00009405,255.00000000,0
1531213297251,1531213297246,4997330,0.00009405,29.00000000,1
1531213297326,1531213297321,4997331,0.00009405,32.00000000,1
1531213297557,1531213297553,4997332,0.00009405,29.00000000,1
1531213297815,1531213297811,4997333,0.00009405,77.00000000,1
1531213323740,1531213323735,4997334,0.00009402,2158.00000000,0
1531213323752,1531213323748,4997335,0.00009401,731.00000000,1
1531213323761,1531213323757,4997336,0.00009401,1366.00000000,1
1531213323770,1531213323765,4997337,0.00009403,19.00000000,0
1531213342844,1531213342840,4997338,0.00009401,409.00000000,1
1531213362710,1531213362705,4997339,0.00009402,1224.00000000,0
1531213362727,1531213362721,4997340,0.00009401,816.00000000,1
1531213380873,1531213380868,4997341,0.00009403,20.00000000,0
1531213382862,1531213382858,4997342,0.00009404,38.00000000,0
1531213383315,1531213383311,4997343,0.00009402,3429.00000000,0
1531213383322,1531213383317,4997344,0.00009401,1216.00000000,1
1531213403661,1531213403657,4997345,0.00009402,2236.00000000,0
1531213403677,1531213403673,4997346,0.00009401,793.00000000,1
1531213422674,1531213422669,4997347,0.00009401,350.00000000,0
1531213422685,1531213422679,4997348,0.00009403,155.00000000,0
1531213428964,1531213428961,4997349,0.00009400,163.00000000,1
1531213442797,1531213442793,4997350,0.00009403,887.00000000,0
1531213442809,1531213442804,4997351,0.00009401,528.00000000,1
1531213443789,1531213443783,4997352,0.00009405,20.00000000,0
1531213443789,1531213443783,4997353,0.00009406,118.00000000,0
1531213443789,1531213443783,4997354,0.00009409,1.00000000,0
1531213443789,1531213443783,4997355,0.00009414,64.00000000,0
1531213443789,1531213443783,4997356,0.00009417,161.00000000,0
1531213458169,1531213458165,4997357,0.00009401,5.00000000,1
1531213459006,1531213459001,4997358,0.00009401,8.00000000,1
1531213459622,1531213459616,4997359,0.00009401,5.00000000,1
1531213460174,1531213460170,4997360,0.00009402,6.00000000,1
1531213460532,1531213460526,4997361,0.00009402,6.00000000,1
1531213461027,1531213461024,4997362,0.00009402,6.00000000,1
1531213461602,1531213461598,4997363,0.00009402,7.00000000,1
1531213462252,1531213462248,4997364,0.00009402,5.00000000,1
1531213462862,1531213462855,4997365,0.00009402,5.00000000,1
1531213463332,1531213463326,4997366,0.00009402,5.00000000,1
1531213463479,1531213463475,4997367,0.00009409,1408.00000000,0
1531213463496,1531213463492,4997368,0.00009402,600.00000000,1
1531213463957,1531213463953,4997369,0.00009401,5.00000000,1
1531213464977,1531213464973,4997370,0.00009401,5.00000000,1
1531213465748,1531213465742,4997371,0.00009401,8.00000000,1
1531213466126,1531213466121,4997372,0.00009401,5.00000000,1
1531213466918,1531213466914,4997373,0.00009401,16.00000000,1
1531213467335,1531213467330,4997374,0.00009401,6.00000000,1
1531213467741,1531213467737,4997375,0.00009401,5.00000000,1
1531213468389,1531213468386,4997376,0.00009401,6.00000000,1
1531213468762,1531213468757,4997377,0.00009401,5.00000000,1
1531213469466,1531213469462,4997378,0.00009401,1.00000000,1
1531213469466,1531213469462,4997379,0.00009400,5.00000000,1
1531213470049,1531213470045,4997380,0.00009400,2.00000000,1
1531213470458,1531213470454,4997381,0.00009400,4.00000000,1
1531213471166,1531213471162,4997382,0.00009400,6.00000000,1
1531213472062,1531213472059,4997383,0.00009400,6.00000000,1
1531213472594,1531213472591,4997384,0.00009400,14.00000000,1
1531213473139,1531213473136,4997385,0.00009400,8.00000000,1
1531213473725,1531213473721,4997386,0.00009400,5.00000000,1
1531213474356,1531213474351,4997387,0.00009400,8.00000000,1
1531213474944,1531213474939,4997388,0.00009400,5.00000000,1
1531213475620,1531213475617,4997389,0.00009400,3.00000000,1
1531213476195,1531213476190,4997390,0.00009400,6.00000000,1
1531213476807,1531213476802,4997391,0.00009400,5.00000000,1
1531213477366,1531213477362,4997392,0.00009400,8.00000000,1
1531213483181,1531213483177,4997393,0.00009401,1488.00000000,1
1531213483196,1531213483190,4997394,0.00009401,1446.00000000,0
1531213483210,1531213483205,4997395,0.00009401,393.00000000,1
1531213483230,1531213483226,4997396,0.00009401,1095.00000000,1
1531213483253,1531213483247,4997397,0.00009402,40.00000000,0
1531213503079,1531213503075,4997398,0.00009407,3999.00000000,0
1531213503096,1531213503090,4997399,0.00009403,212.00000000,1
1531213503116,1531213503112,4997400,0.00009403,1342.00000000,1
1531213503133,1531213503128,4997401,0.00009402,600.00000000,1
1531213512388,1531213512384,4997402,0.00009402,60.00000000,0
1531213514397,1531213514392,4997403,0.00009411,13.00000000,0
1531213516308,1531213516304,4997404,0.00009417,165.00000000,0
1531213518314,1531213518310,4997405,0.00009421,91.00000000,0
1531213521136,1531213521132,4997406,0.00009427,38.00000000,0
1531213523018,1531213523012,4997407,0.00009413,459.00000000,0
1531213523032,1531213523027,4997408,0.00009427,204.00000000,0
1531213523912,1531213523909,4997409,0.00009427,38.00000000,1
1531213525916,1531213525911,4997410,0.00009427,160.00000000,1
1531213537334,1531213537330,4997411,0.00009405,41.00000000,1
1531213537998,1531213537995,4997412,0.00009405,43.00000000,1
1531213538981,1531213538977,4997413,0.00009405,40.00000000,1
1531213540345,1531213540340,4997414,0.00009405,39.00000000,1
1531213540905,1531213540900,4997415,0.00009405,48.00000000,1
1531213542129,1531213542121,4997416,0.00009395,532.00000000,1
1531213563683,1531213563678,4997417,0.00009423,2.00000000,0
1531213565872,1531213565867,4997418,0.00009384,256.00000000,1
1531213576927,1531213576923,4997419,0.00009381,524.00000000,1
1531213595198,1531213595193,4997420,0.00009370,73.00000000,0
1531213596922,1531213596918,4997421,0.00009368,136.00000000,0
1531213599486,1531213599482,4997422,0.00009347,197.00000000,1
1531213599509,1531213599504,4997423,0.00009347,15.00000000,1
1531213599509,1531213599504,4997424,0.00009344,59.00000000,1
1531213603007,1531213603003,4997425,0.00009362,2451.00000000,0
1531213603021,1531213603017,4997426,0.00009345,652.00000000,1
1531213603038,1531213603034,4997427,0.00009345,1066.00000000,1
1531213611119,1531213611116,4997428,0.00009344,329.00000000,1
1531213612759,1531213612754,4997429,0.00009368,212.00000000,0
1531213612759,1531213612754,4997430,0.00009369,143.00000000,0
1531213612759,1531213612754,4997431,0.00009371,9.00000000,0
1531213683521,1531213683516,4997432,0.00009352,2757.00000000,0
1531213683542,1531213683537,4997433,0.00009342,324.00000000,1
1531213683552,1531213683547,4997434,0.00009362,30.00000000,0
1531213683562,1531213683558,4997435,0.00009342,1265.00000000,1
1531213709902,1531213709897,4997436,0.00009359,11.00000000,0
1531213720945,1531213720940,4997437,0.00009354,83.00000000,0
1531213721941,1531213721936,4997438,0.00009355,20.00000000,0
1531213722639,1531213722636,4997439,0.00009347,2264.00000000,0
1531213722647,1531213722643,4997440,0.00009337,569.00000000,1
1531213722671,1531213722666,4997441,0.00009337,1415.00000000,1
1531213723962,1531213723957,4997442,0.00009355,30.00000000,0
1531213725945,1531213725940,4997443,0.00009357,11.00000000,0
1531213728932,1531213728927,4997444,0.00009359,29.00000000,0
1531213732943,1531213732939,4997445,0.00009367,561.00000000,0
1531213734951,1531213734947,4997446,0.00009371,402.00000000,0
1531213743280,1531213743276,4997447,0.00009371,96.00000000,0
1531213763402,1531213763398,4997448,0.00009359,1655.00000000,0
1531213763421,1531213763415,4997449,0.00009370,657.00000000,0
1531213781675,1531213781669,4997450,0.00009371,141.00000000,0
1531213781675,1531213781669,4997451,0.00009400,41.00000000,0
1531213781675,1531213781669,4997452,0.00009422,182.00000000,0
1531213781847,1531213781842,4997453,0.00009422,2.00000000,0
1531213826293,1531213826289,4997454,0.00009390,152.00000000,1
1531213830936,1531213830931,4997455,0.00009401,21.00000000,1
1531213842937,1531213842932,4997456,0.00009401,1125.00000000,1
1531213843916,1531213843912,4997457,0.00009382,1738.00000000,0
1531213843930,1531213843927,4997458,0.00009365,1144.00000000,1
1531213850940,1531213850937,4997459,0.00009366,152.00000000,0
1531213854202,1531213854199,4997460,0.00009350,88.00000000,0
1531213876949,1531213876945,4997461,0.00009367,31.00000000,0
1531213880635,1531213880631,4997462,0.00009398,88.00000000,0
1531213912879,1531213912874,4997463,0.00009398,33.00000000,0
1531213919943,1531213919938,4997464,0.00009375,213.00000000,1
1531213921784,1531213921780,4997465,0.00009396,213.00000000,0
1531213921784,1531213921780,4997466,0.00009397,30.00000000,0
1531213921784,1531213921780,4997467,0.00009398,16.00000000,0
1531213942406,1531213942402,4997468,0.00009397,30.00000000,0
1531213942406,1531213942402,4997469,0.00009398,26.00000000,0
1531213943913,1531213943910,4997470,0.00009387,1644.00000000,0
1531213943921,1531213943916,4997471,0.00009377,1227.00000000,1
1531213950679,1531213950675,4997472,0.00009398,364.00000000,0
1531213961942,1531213961938,4997473,0.00009375,30.00000000,1
1531214000939,1531214000935,4997474,0.00009376,213.00000000,1
1531214033357,1531214033353,4997475,0.00009362,15.00000000,1
1531214044041,1531214044038,4997476,0.00009369,1855.00000000,0
1531214044052,1531214044049,4997477,0.00009360,1239.00000000,1
1531214044077,1531214044073,4997478,0.00009360,773.00000000,1
1531214058861,1531214058858,4997479,0.00009359,15.00000000,1
1531214075959,1531214075953,4997480,0.00009360,233.00000000,0
1531214076948,1531214076943,4997481,0.00009360,20.00000000,0
1531214081953,1531214081950,4997482,0.00009371,259.00000000,0
1531214085148,1531214085143,4997483,0.00009398,13.00000000,0
1531214096701,1531214096696,4997484,0.00009373,15.00000000,1
1531214099716,1531214099712,4997485,0.00009397,21.00000000,0
1531214119753,1531214119747,4997486,0.00009398,364.00000000,0
1531214143489,1531214143485,4997487,0.00009387,866.00000000,0
1531214143499,1531214143494,4997488,0.00009377,522.00000000,1
1531214151345,1531214151340,4997489,0.00009376,69.00000000,1
1531214182800,1531214182795,4997490,0.00009385,1056.00000000,0
1531214182812,1531214182808,4997491,0.00009377,426.00000000,1
1531214192009,1531214192002,4997492,0.00009376,15.00000000,1
1531214192143,1531214192139,4997493,0.00009375,15.00000000,1
1531214208491,1531214208486,4997494,0.00009359,30.00000000,1
1531214216834,1531214216829,4997495,0.00009350,43.00000000,1
1531214217959,1531214217952,4997496,0.00009356,69.00000000,0
1531214220960,1531214220956,4997497,0.00009357,20.00000000,0
1531214236962,1531214236958,4997498,0.00009372,20.00000000,0
1531214284046,1531214284043,4997499,0.00009385,1225.00000000,0
1531214284067,1531214284062,4997500,0.00009375,1135.00000000,1
1531214288593,1531214288587,4997501,0.00009395,40.00000000,0
1531214288593,1531214288587,4997502,0.00009397,20.00000000,0
1531214288593,1531214288587,4997503,0.00009404,179.00000000,0
1531214288593,1531214288587,4997504,0.00009409,125.00000000,0
1531214302995,1531214302991,4997505,0.00009383,35.00000000,0
1531214303013,1531214303009,4997506,0.00009393,1222.00000000,0
1531214303032,1531214303027,4997507,0.00009393,19.00000000,0
1531214307256,1531214307252,4997508,0.00009394,20.00000000,0
1531214309970,1531214309966,4997509,0.00009394,23.00000000,1
1531214329967,1531214329963,4997510,0.00009397,211.00000000,1
1531214343115,1531214343111,4997511,0.00009387,2181.00000000,0
1531214343131,1531214343126,4997512,0.00009375,1039.00000000,1
1531214344233,1531214344228,4997513,0.00009374,20.00000000,1
1531214357871,1531214357867,4997514,0.00009358,26.00000000,1
1531214360964,1531214360959,4997515,0.00009357,191.00000000,0
1531214361972,1531214361966,4997516,0.00009358,384.00000000,0
1531214364496,1531214364491,4997517,0.00009355,535.00000000,1
1531214364979,1531214364975,4997518,0.00009354,457.00000000,0
1531214374644,1531214374640,4997519,0.00009353,20.00000000,1
1531214374644,1531214374640,4997520,0.00009350,391.00000000,1
1531214385649,1531214385644,4997521,0.00009353,40.00000000,0
1531214414715,1531214414712,4997522,0.00009415,78.00000000,0
1531214417972,1531214417968,4997523,0.00009388,212.00000000,1
1531214434024,1531214434019,4997524,0.00009356,424.00000000,1
1531214439544,1531214439538,4997525,0.00009355,212.00000000,0
1531214439544,1531214439538,4997526,0.00009356,53.00000000,0
1531214440974,1531214440970,4997527,0.00009356,212.00000000,0
1531214442636,1531214442632,4997528,0.00009354,2488.00000000,0
1531214442645,1531214442642,4997529,0.00009352,835.00000000,1
1531214442663,1531214442660,4997530,0.00009352,1121.00000000,1
1531214457598,1531214457593,4997531,0.00009355,20.00000000,0
1531214457598,1531214457593,4997532,0.00009356,344.00000000,0
1531214462301,1531214462297,4997533,0.00009356,74.00000000,0
1531214463784,1531214463780,4997534,0.00009354,937.00000000,0
1531214463799,1531214463794,4997535,0.00009352,1449.00000000,1
1531214463820,1531214463816,4997536,0.00009352,539.00000000,1
1531214474645,1531214474641,4997537,0.00009356,18.00000000,0
1531214482702,1531214482696,4997538,0.00009382,526.00000000,0
1531214482716,1531214482712,4997539,0.00009375,1225.00000000,1
1531214482742,1531214482737,4997540,0.00009375,325.00000000,1
1531214502225,1531214502219,4997541,0.00009387,1.00000000,0
1531214506148,1531214506145,4997542,0.00009374,24.00000000,1
1531214523066,1531214523062,4997543,0.00009362,1311.00000000,0
1531214523079,1531214523075,4997544,0.00009353,690.00000000,1
1531214542855,1531214542850,4997545,0.00009358,1520.00000000,0
1531214542868,1531214542862,4997546,0.00009356,1413.00000000,1
1531214542888,1531214542884,4997547,0.00009356,1434.00000000,1
1531214559207,1531214559203,4997548,0.00009355,455.00000000,1
1531214559207,1531214559203,4997549,0.00009352,213.00000000,1
1531214559207,1531214559203,4997550,0.00009351,2218.00000000,1
1531214559988,1531214559984,4997551,0.00009337,33.00000000,1
1531214560366,1531214560363,4997552,0.00009337,33.00000000,1
1531214561972,1531214561968,4997553,0.00009337,20.00000000,1
1531214562983,1531214562979,4997554,0.00009336,110.00000000,1
1531214563982,1531214563978,4997555,0.00009330,256.00000000,1
1531214565981,1531214565978,4997556,0.00009311,212.00000000,1
1531214567970,1531214567967,4997557,0.00009310,22.00000000,1
1531214570971,1531214570965,4997558,0.00009305,117.00000000,1
1531214571976,1531214571971,4997559,0.00009304,65.00000000,1
1531214573262,1531214573256,4997560,0.00009342,212.00000000,0
1531214573262,1531214573256,4997561,0.00009343,401.00000000,0
1531214573281,1531214573278,4997562,0.00009303,42.00000000,1
1531214579821,1531214579816,4997563,0.00009304,9.00000000,1
1531214619018,1531214619014,4997564,0.00009305,11.00000000,1
1531214619237,1531214619233,4997565,0.00009305,120.00000000,1
1531214620430,1531214620426,4997566,0.00009324,14.00000000,0
1531214623589,1531214623586,4997567,0.00009314,2097.00000000,0
1531214623600,1531214623596,4997568,0.00009306,874.00000000,1
1531214626442,1531214626436,4997569,0.00009322,51.00000000,0
1531214626442,1531214626436,4997570,0.00009323,20.00000000,0
1531214626442,1531214626436,4997571,0.00009325,20.00000000,0
1531214626442,1531214626436,4997572,0.00009327,50.00000000,0
1531214626442,1531214626436,4997573,0.00009329,223.00000000,0
1531214626992,1531214626989,4997574,0.00009329,200.00000000,0
1531214631441,1531214631435,4997575,0.00009339,16.00000000,0
1531214631582,1531214631565,4997576,0.00009339,5.00000000,0
1531214631688,1531214631683,4997577,0.00009339,6.00000000,0
1531214631761,1531214631757,4997578,0.00009339,6.00000000,0
1531214631922,1531214631918,4997579,0.00009339,5.00000000,0
1531214631968,1531214631964,4997580,0.00009339,5.00000000,0
1531214632015,1531214632009,4997581,0.00009339,5.00000000,0
1531214632077,1531214632074,4997582,0.00009339,8.00000000,0
1531214632243,1531214632238,4997583,0.00009339,5.00000000,0
1531214632285,1531214632282,4997584,0.00009339,5.00000000,0
1531214632340,1531214632336,4997585,0.00009339,5.00000000,0
1531214632382,1531214632377,4997586,0.00009339,5.00000000,0
1531214632424,1531214632419,4997587,0.00009339,7.00000000,0
1531214632483,1531214632480,4997588,0.00009338,6.00000000,0
1531214632629,1531214632625,4997589,0.00009338,6.00000000,0
1531214632715,1531214632712,4997590,0.00009338,6.00000000,0
1531214632827,1531214632824,4997591,0.00009338,5.00000000,0
1531214632909,1531214632905,4997592,0.00009338,8.00000000,0
1531214633244,1531214633240,4997593,0.00009338,5.00000000,0
1531214633373,1531214633368,4997594,0.00009338,4.00000000,0
1531214633417,1531214633413,4997595,0.00009338,8.00000000,0
1531214633471,1531214633468,4997596,0.00009337,5.00000000,0
1531214633604,1531214633598,4997597,0.00009337,6.00000000,0
1531214633659,1531214633655,4997598,0.00009337,3.00000000,0
1531214633715,1531214633712,4997599,0.00009337,5.00000000,0
1531214633899,1531214633894,4997600,0.00009337,8.00000000,0
1531214633963,1531214633958,4997601,0.00009337,5.00000000,0
1531214634007,1531214634003,4997602,0.00009337,8.00000000,0
1531214634055,1531214634051,4997603,0.00009337,14.00000000,0
1531214634171,1531214634166,4997604,0.00009337,6.00000000,0
1531214634205,1531214634202,4997605,0.00009337,6.00000000,0
1531214634245,1531214634241,4997606,0.00009337,2.00000000,0
1531214634293,1531214634287,4997607,0.00009337,6.00000000,0
1531214639132,1531214639128,4997608,0.00009312,33.00000000,1
1531214654365,1531214654361,4997609,0.00009314,193.00000000,1
1531214654365,1531214654361,4997610,0.00009306,30.00000000,1
1531214654365,1531214654361,4997611,0.00009305,1928.00000000,1
1531214657172,1531214657167,4997612,0.00009304,222.00000000,0
1531214657172,1531214657167,4997613,0.00009305,1927.00000000,0
1531214661983,1531214661977,4997614,0.00009304,461.00000000,0
1531214675267,1531214675262,4997615,0.00009311,213.00000000,1
1531214683442,1531214683438,4997616,0.00009304,2200.00000000,0
1531214683457,1531214683452,4997617,0.00009300,815.00000000,1
1531214699147,1531214699144,4997618,0.00009306,1.00000000,0
1531214700981,1531214700977,4997619,0.00009304,212.00000000,0
1531214703514,1531214703508,4997620,0.00009302,1255.00000000,0
1531214703527,1531214703523,4997621,0.00009300,914.00000000,1
1531214703555,1531214703551,4997622,0.00009300,598.00000000,1
1531214710922,1531214710919,4997623,0.00009300,11.00000000,1
1531214710922,1531214710919,4997624,0.00009299,1.00000000,1
1531214722873,1531214722868,4997625,0.00009300,350.00000000,1
1531214722884,1531214722879,4997626,0.00009300,1062.00000000,1
1531214726146,1531214726140,4997627,0.00009304,20.00000000,0
1531214734822,1531214734818,4997628,0.00009310,25.00000000,0
1531214737133,1531214737130,4997629,0.00009304,34.00000000,1
1531214737342,1531214737338,4997630,0.00009304,339.00000000,0
1531214762973,1531214762968,4997631,0.00009301,1515.00000000,0
1531214762981,1531214762977,4997632,0.00009300,997.00000000,1
1531214782876,1531214782871,4997633,0.00009300,2970.00000000,0
1531214782883,1531214782880,4997634,0.00009301,1100.00000000,0
1531214784059,1531214784055,4997635,0.00009302,20.00000000,0
1531214786064,1531214786060,4997636,0.00009304,41.00000000,0
1531214789645,1531214789642,4997637,0.00009302,14.00000000,1
1531214792169,1531214792166,4997638,0.00009299,40.00000000,1
1531214795389,1531214795385,4997639,0.00009300,364.00000000,0
1531214804794,1531214804790,4997640,0.00009299,34.00000000,1
1531214817113,1531214817108,4997641,0.00009299,1631.00000000,0
1531214818096,1531214818093,4997642,0.00009298,14.00000000,0
1531214821567,1531214821563,4997643,0.00009298,6.00000000,0
1531214828532,1531214828526,4997644,0.00009298,21.00000000,1
1531214833716,1531214833711,4997645,0.00009289,2665.00000000,1
1531214833907,1531214833903,4997646,0.00009290,20.00000000,0
1531214834109,1531214834104,4997647,0.00009289,11.00000000,1
1531214834323,1531214834318,4997648,0.00009289,9.00000000,0
1531214834488,1531214834484,4997649,0.00009289,30.00000000,0
1531214835016,1531214835012,4997650,0.00009288,16.00000000,1
1531214836682,1531214836678,4997651,0.00009277,12.00000000,1
1531214838978,1531214838972,4997652,0.00009289,15.00000000,0
1531214840747,1531214840744,4997653,0.00009289,14.00000000,0
1531214842625,1531214842622,4997654,0.00009280,1133.00000000,0
1531214842633,1531214842629,4997655,0.00009271,1257.00000000,1
1531214842641,1531214842637,4997656,0.00009271,746.00000000,1
1531214850360,1531214850356,4997657,0.00009270,33.00000000,1
1531214852668,1531214852664,4997658,0.00009289,13.00000000,0
1531214863995,1531214863991,4997659,0.00009279,779.00000000,0
1531214864005,1531214864001,4997660,0.00009270,433.00000000,1
1531214865121,1531214865116,4997661,0.00009288,16.00000000,0
1531214878667,1531214878663,4997662,0.00009268,150.00000000,1
1531214882809,1531214882805,4997663,0.00009278,2617.00000000,0
1531214882818,1531214882813,4997664,0.00009269,1234.00000000,1
1531214882838,1531214882833,4997665,0.00009269,1349.00000000,1
1531214903751,1531214903747,4997666,0.00009278,1151.00000000,0
1531214903766,1531214903762,4997667,0.00009269,607.00000000,1
1531214903779,1531214903775,4997668,0.00009269,1028.00000000,1
1531214911233,1531214911229,4997669,0.00009270,482.00000000,1
1531214911233,1531214911229,4997670,0.00009268,633.00000000,1
1531214923674,1531214923670,4997671,0.00009278,1319.00000000,0
1531214923686,1531214923681,4997672,0.00009269,246.00000000,1
1531214923703,1531214923700,4997673,0.00009269,929.00000000,1
1531214943890,1531214943886,4997674,0.00009278,361.00000000,0
1531214943909,1531214943904,4997675,0.00009269,1000.00000000,1
1531214943931,1531214943926,4997676,0.00009269,223.00000000,1
1531214961022,1531214961016,4997677,0.00009287,20.00000000,0
1531214961250,1531214961246,4997678,0.00009271,4.00000000,1
1531214962989,1531214962985,4997679,0.00009271,1063.00000000,1
1531214963009,1531214963005,4997680,0.00009271,321.00000000,1
1531214964339,1531214964334,4997681,0.00009271,4.00000000,0
1531214964339,1531214964334,4997682,0.00009288,32.00000000,0
1531214964339,1531214964334,4997683,0.00009289,328.00000000,0
1531214969027,1531214969023,4997684,0.00009289,25.00000000,0
1531214977508,1531214977505,4997685,0.00009289,186.00000000,0
1531214982696,1531214982692,4997686,0.00009280,4132.00000000,0
1531214982712,1531214982707,4997687,0.00009271,720.00000000,1
1531214982734,1531214982730,4997688,0.00009271,1425.00000000,1
1531215003490,1531215003485,4997689,0.00009278,91.00000000,0
1531215003499,1531215003494,4997690,0.00009269,82.00000000,1
1531215005511,1531215005506,4997691,0.00009288,20.00000000,0
1531215005511,1531215005506,4997692,0.00009289,119.00000000,0
1531215005511,1531215005506,4997693,0.00009290,2085.00000000,0
1531215022849,1531215022846,4997694,0.00009280,1994.00000000,0
1531215022863,1531215022859,4997695,0.00009270,1084.00000000,1
1531215042985,1531215042981,4997696,0.00009279,99.00000000,0
1531215042994,1531215042990,4997697,0.00009270,1304.00000000,1
1531215043019,1531215043015,4997698,0.00009270,50.00000000,1
1531215063729,1531215063724,4997699,0.00009280,1206.00000000,0
1531215063741,1531215063737,4997700,0.00009271,1489.00000000,1
1531215063763,1531215063757,4997701,0.00009271,718.00000000,1
1531215083190,1531215083186,4997702,0.00009280,1837.00000000,0
1531215083202,1531215083198,4997703,0.00009272,1056.00000000,1
1531215093181,1531215093175,4997704,0.00009270,16.00000000,1
1531215093181,1531215093175,4997705,0.00009268,202.00000000,1
1531215093181,1531215093175,4997706,0.00009266,165.00000000,1
1531215093181,1531215093175,4997707,0.00009265,225.00000000,1
1531215093181,1531215093175,4997708,0.00009254,41.00000000,1
1531215094192,1531215094188,4997709,0.00009260,2.00000000,0
1531215094243,1531215094238,4997710,0.00009260,50.00000000,0
1531215109685,1531215109681,4997711,0.00009288,30.00000000,0
1531215109685,1531215109681,4997712,0.00009289,40.00000000,0
1531215109685,1531215109681,4997713,0.00009290,802.00000000,0
1531215133272,1531215133269,4997714,0.00009289,30.00000000,0
1531215133272,1531215133269,4997715,0.00009290,309.00000000,0
1531215133272,1531215133269,4997716,0.00009310,17.00000000,0
1531215133272,1531215133269,4997717,0.00009346,8.00000000,0
1531215140353,1531215140348,4997718,0.00009342,180.00000000,0
1531215186036,1531215186032,4997719,0.00009309,214.00000000,1
1531215213866,1531215213862,4997720,0.00009308,4.00000000,0
1531215222037,1531215222033,4997721,0.00009306,210.00000000,0
1531215245690,1531215245686,4997722,0.00009303,13.00000000,0
1531215254938,1531215254934,4997723,0.00009271,215.00000000,1
1531215255253,1531215255248,4997724,0.00009270,14.00000000,1
1531215258338,1531215258332,4997725,0.00009270,2.00000000,0
1531215262659,1531215262655,4997726,0.00009267,657.00000000,1
1531215262675,1531215262671,4997727,0.00009267,1038.00000000,0
1531215262694,1531215262688,4997728,0.00009267,657.00000000,1
1531215263419,1531215263414,4997729,0.00009266,30.00000000,1
1531215263505,1531215263501,4997730,0.00009261,7.00000000,1
1531215272839,1531215272834,4997731,0.00009261,28.00000000,1
1531215282103,1531215282097,4997732,0.00009256,47.00000000,0
1531215285599,1531215285594,4997733,0.00009256,122.00000000,0
1531215289002,1531215288996,4997734,0.00009256,47.00000000,1
1531215291594,1531215291590,4997735,0.00009256,48.00000000,1
1531215302500,1531215302495,4997736,0.00009258,364.00000000,0
1531215327116,1531215327112,4997737,0.00009255,447.00000000,1
1531215385719,1531215385716,4997738,0.00009255,19.00000000,1
1531215385719,1531215385716,4997739,0.00009254,30.00000000,1
1531215402657,1531215402654,4997740,0.00009255,565.00000000,1
1531215402676,1531215402672,4997741,0.00009255,994.00000000,0
1531215402689,1531215402683,4997742,0.00009255,565.00000000,1
1531215423365,1531215423360,4997743,0.00009255,931.00000000,1
1531215423388,1531215423382,4997744,0.00009255,282.00000000,1
1531215440264,1531215440261,4997745,0.00009256,20.00000000,0
1531215443290,1531215443285,4997746,0.00009256,30.00000000,0
1531215443855,1531215443851,4997747,0.00009255,1482.00000000,1
1531215443874,1531215443869,4997748,0.00009255,1381.00000000,1
1531215443899,1531215443895,4997749,0.00009255,975.00000000,1
1531215447213,1531215447209,4997750,0.00009256,15.00000000,0
1531215452132,1531215452129,4997751,0.00009256,15.00000000,0
1531215459078,1531215459073,4997752,0.00009301,14.00000000,0
1531215462592,1531215462587,4997753,0.00009267,213.00000000,1
1531215462604,1531215462598,4997754,0.00009266,68.00000000,1
1531215462604,1531215462598,4997755,0.00009264,145.00000000,1
1531215463093,1531215463088,4997756,0.00009281,2475.00000000,0
1531215463106,1531215463102,4997757,0.00009264,1452.00000000,1
1531215463117,1531215463113,4997758,0.00009264,960.00000000,1
1531215471132,1531215471128,4997759,0.00009263,213.00000000,0
1531215471132,1531215471128,4997760,0.00009264,145.00000000,0
1531215471132,1531215471128,4997761,0.00009299,6.00000000,0
1531215492352,1531215492348,4997762,0.00009295,160.00000000,0
1531215501678,1531215501674,4997763,0.00009268,68.00000000,1
1531215509796,1531215509792,4997764,0.00009267,212.00000000,1
1531215538843,1531215538839,4997765,0.00009260,212.00000000,1
1531215574005,1531215574001,4997766,0.00009260,78.00000000,1
1531215574030,1531215574025,4997767,0.00009254,49.00000000,1
1531215574030,1531215574025,4997768,0.00009250,29.00000000,1
1531215575093,1531215575088,4997769,0.00009260,482.00000000,1
1531215584228,1531215584224,4997770,0.00009261,447.00000000,0
1531215585659,1531215585654,4997771,0.00009261,15.00000000,0
1531215593197,1531215593193,4997772,0.00009261,6.00000000,0
1531215623434,1531215623429,4997773,0.00009311,446.00000000,0
1531215623445,1531215623442,4997774,0.00009277,823.00000000,1
1531215623457,1531215623452,4997775,0.00009277,168.00000000,1
1531215623478,1531215623475,4997776,0.00009276,1150.00000000,1
1531215629170,1531215629166,4997777,0.00009276,84.00000000,1
1531215629704,1531215629700,4997778,0.00009275,42.00000000,1
1531215629709,1531215629705,4997779,0.00009275,42.00000000,1
1531215640530,1531215640525,4997780,0.00009275,84.00000000,0
1531215640530,1531215640525,4997781,0.00009276,36.00000000,0
1531215640530,1531215640525,4997782,0.00009345,68.00000000,0
1531215640530,1531215640525,4997783,0.00009346,6.00000000,0
1531215640530,1531215640525,4997784,0.00009347,17.00000000,0
1531215640530,1531215640525,4997785,0.00009368,99.00000000,0
1531215640530,1531215640525,4997786,0.00009375,54.00000000,0
1531215653287,1531215653283,4997787,0.00009307,5.00000000,1
1531215655890,1531215655885,4997788,0.00009307,8.00000000,1
1531215657252,1531215657248,4997789,0.00009308,5.00000000,1
1531215659484,1531215659480,4997790,0.00009309,6.00000000,1
1531215661868,1531215661863,4997791,0.00009314,6.00000000,1
1531215663068,1531215663064,4997792,0.00009315,6.00000000,1
1531215664682,1531215664679,4997793,0.00009315,7.00000000,1
1531215667628,1531215667625,4997794,0.00009319,5.00000000,1
1531215668938,1531215668934,4997795,0.00009320,5.00000000,1
1531215669090,1531215669086,4997796,0.00009321,187.00000000,1
1531215670307,1531215670302,4997797,0.00009301,5.00000000,1
1531215670330,1531215670325,4997798,0.00009301,5.00000000,1
1531215672785,1531215672780,4997799,0.00009302,5.00000000,1
1531215672797,1531215672793,4997800,0.00009366,62.00000000,0
1531215674436,1531215674432,4997801,0.00009288,5.00000000,1
1531215674723,1531215674720,4997802,0.00009288,5.00000000,1
1531215675677,1531215675673,4997803,0.00009288,8.00000000,1
1531215676520,1531215676516,4997804,0.00009289,5.00000000,1
1531215677776,1531215677772,4997805,0.00009277,16.00000000,1
1531215678679,1531215678676,4997806,0.00009275,5.00000000,1
1531215679128,1531215679124,4997807,0.00009275,6.00000000,1
1531215680900,1531215680895,4997808,0.00009302,5.00000000,1
1531215682002,1531215681998,4997809,0.00009302,6.00000000,1
1531215683150,1531215683144,4997810,0.00009302,180.00000000,1
1531215683169,1531215683166,4997811,0.00009302,889.00000000,1
1531215683290,1531215683286,4997812,0.00009301,140.00000000,1
1531215683621,1531215683617,4997813,0.00009265,5.00000000,1
1531215684905,1531215684902,4997814,0.00009268,6.00000000,1
1531215685959,1531215685956,4997815,0.00009271,2.00000000,1
1531215686652,1531215686648,4997816,0.00009270,4.00000000,1
1531215687247,1531215687242,4997817,0.00009272,6.00000000,1
1531215687351,1531215687347,4997818,0.00009272,2.00000000,1
1531215687742,1531215687738,4997819,0.00009272,6.00000000,1
1531215688464,1531215688461,4997820,0.00009272,14.00000000,1
1531215689317,1531215689313,4997821,0.00009272,8.00000000,1
1531215691289,1531215691286,4997822,0.00009274,5.00000000,1
1531215693204,1531215693199,4997823,0.00009274,8.00000000,1
1531215697324,1531215697319,4997824,0.00009274,5.00000000,1
1531215699843,1531215699839,4997825,0.00009274,3.00000000,1
1531215701586,1531215701582,4997826,0.00009275,6.00000000,1
1531215703537,1531215703534,4997827,0.00009283,180.00000000,0
1531215703549,1531215703545,4997828,0.00009275,399.00000000,1
1531215703567,1531215703563,4997829,0.00009275,99.00000000,1
1531215703943,1531215703939,4997830,0.00009265,5.00000000,1
1531215706201,1531215706196,4997831,0.00009266,8.00000000,1
1531215707193,1531215707189,4997832,0.00009266,11.00000000,1
1531215709135,1531215709131,4997833,0.00009269,20.00000000,0
1531215709390,1531215709386,4997834,0.00009270,76.00000000,0
1531215709917,1531215709913,4997835,0.00009271,13.00000000,0
1531215710157,1531215710153,4997836,0.00009273,20.00000000,0
1531215718057,1531215718053,4997837,0.00009275,6.00000000,0
1531215783121,1531215783118,4997838,0.00009308,2265.00000000,0
1531215783136,1531215783133,4997839,0.00009298,1464.00000000,1
1531215783149,1531215783144,4997840,0.00009298,1452.00000000,1
1531215808995,1531215808990,4997841,0.00009317,50.00000000,0
1531215808995,1531215808990,4997842,0.00009319,18.00000000,0
1531215808995,1531215808990,4997843,0.00009323,16.00000000,0
1531215808995,1531215808990,4997844,0.00009331,11.00000000,0
1531215808995,1531215808990,4997845,0.00009370,168.00000000,0
1531215808995,1531215808990,4997846,0.00009375,101.00000000,0
1531215849393,1531215849386,4997847,0.00009333,55.00000000,1
1531215855085,1531215855082,4997848,0.00009340,211.00000000,1
1531215856082,1531215856078,4997849,0.00009339,69.00000000,1
1531215884783,1531215884780,4997850,0.00009304,319.00000000,1
1531215884797,1531215884793,4997851,0.00009302,163.00000000,0
1531215903005,1531215903001,4997852,0.00009281,213.00000000,1
1531215903028,1531215903023,4997853,0.00009281,1363.00000000,1
1531215923998,1531215923994,4997854,0.00009302,2041.00000000,0
1531215924017,1531215924014,4997855,0.00009282,197.00000000,1
1531215924031,1531215924025,4997856,0.00009282,699.00000000,1
1531215943091,1531215943088,4997857,0.00009292,75.00000000,0
1531215943108,1531215943103,4997858,0.00009282,923.00000000,1
1531215943128,1531215943125,4997859,0.00009282,75.00000000,1
1531215961101,1531215961096,4997860,0.00009286,266.00000000,0
1531215963087,1531215963084,4997861,0.00009287,18.00000000,0
1531215963510,1531215963506,4997862,0.00009284,239.00000000,0
1531215963520,1531215963516,4997863,0.00009282,647.00000000,1
1531215963543,1531215963539,4997864,0.00009282,81.00000000,1
1531215978435,1531215978430,4997865,0.00009284,51.00000000,0
1531215978435,1531215978430,4997866,0.00009285,20.00000000,0
1531215978435,1531215978430,4997867,0.00009286,20.00000000,0
1531215978435,1531215978430,4997868,0.00009287,20.00000000,0
1531215978435,1531215978430,4997869,0.00009325,253.00000000,0
1531215979051,1531215979047,4997870,0.00009325,10.00000000,0
1531216003753,1531216003741,4997871,0.00009306,412.00000000,1
1531216003793,1531216003791,4997872,0.00009306,109.00000000,1
1531216024888,1531216024882,4997873,0.00009305,134.00000000,0
1531216043159,1531216043155,4997874,0.00009315,1388.00000000,0
1531216043175,1531216043172,4997875,0.00009306,780.00000000,1
1531216063987,1531216063984,4997876,0.00009315,1129.00000000,0
1531216064003,1531216063999,4997877,0.00009306,1081.00000000,1
1531216064024,1531216064021,4997878,0.00009306,614.00000000,1
1531216083765,1531216083759,4997879,0.00009315,1700.00000000,0
1531216083781,1531216083777,4997880,0.00009306,746.00000000,1
1531216103778,1531216103774,4997881,0.00009315,1568.00000000,0
1531216103800,1531216103794,4997882,0.00009306,945.00000000,1
1531216123476,1531216123472,4997883,0.00009315,1021.00000000,0
1531216123492,1531216123489,4997884,0.00009307,107.00000000,1
1531216123507,1531216123503,4997885,0.00009307,811.00000000,1
1531216143523,1531216143519,4997886,0.00009315,1242.00000000,0
1531216143535,1531216143531,4997887,0.00009307,298.00000000,1
1531216143552,1531216143548,4997888,0.00009307,621.00000000,1
1531216147260,1531216147256,4997889,0.00009324,364.00000000,0
1531216161515,1531216161510,4997890,0.00009323,14.00000000,0
1531216163539,1531216163535,4997891,0.00009314,4020.00000000,0
1531216163546,1531216163543,4997892,0.00009307,932.00000000,1
1531216163564,1531216163559,4997893,0.00009307,1396.00000000,1
1531216163589,1531216163585,4997894,0.00009306,21.00000000,1
1531216169101,1531216169097,4997895,0.00009305,930.00000000,1
1531216178112,1531216178108,4997896,0.00009293,212.00000000,1
1531216210752,1531216210748,4997897,0.00009281,15.00000000,1
1531216223115,1531216223109,4997898,0.00009288,265.00000000,0
1531216223130,1531216223124,4997899,0.00009281,211.00000000,1
1531216236117,1531216236113,4997900,0.00009281,15.00000000,0
1531216238002,1531216237998,4997901,0.00009280,15.00000000,1
1531216244116,1531216244112,4997902,0.00009281,197.00000000,0
1531216263797,1531216263793,4997903,0.00009286,1357.00000000,0
1531216263805,1531216263801,4997904,0.00009281,499.00000000,1
1531216264459,1531216264455,4997905,0.00009280,14.00000000,1
1531216283926,1531216283923,4997906,0.00009286,2252.00000000,0
1531216283937,1531216283934,4997907,0.00009281,782.00000000,1
1531216301111,1531216301108,4997908,0.00009281,1049.00000000,1
1531216303632,1531216303627,4997909,0.00009281,562.00000000,1
1531216311606,1531216311600,4997910,0.00009281,323.00000000,0
1531216315668,1531216315664,4997911,0.00009292,364.00000000,0
1531216321117,1531216321114,4997912,0.00009292,547.00000000,0
1531216363115,1531216363111,4997913,0.00009292,212.00000000,1
1531216403062,1531216403058,4997914,0.00009292,1316.00000000,0
1531216403076,1531216403072,4997915,0.00009281,615.00000000,1
1531216423551,1531216423547,4997916,0.00009281,1448.00000000,1
1531216443574,1531216443570,4997917,0.00009288,1115.00000000,0
1531216443585,1531216443581,4997918,0.00009281,67.00000000,1
1531216443603,1531216443597,4997919,0.00009281,764.00000000,1
1531216462953,1531216462949,4997920,0.00009283,1940.00000000,0
1531216462962,1531216462958,4997921,0.00009281,882.00000000,1
1531216462972,1531216462968,4997922,0.00009285,212.00000000,0
1531216481163,1531216481160,4997923,0.00009286,40.00000000,0
1531216484774,1531216484771,4997924,0.00009303,20.00000000,0
1531216484774,1531216484771,4997925,0.00009304,344.00000000,0
1531216523035,1531216523032,4997926,0.00009303,1679.00000000,0
1531216523050,1531216523044,4997927,0.00009293,476.00000000,1
1531216523068,1531216523064,4997928,0.00009293,583.00000000,1
1531216562140,1531216562136,4997929,0.00009293,55.00000000,0
1531216603599,1531216603595,4997930,0.00009295,3954.00000000,0
1531216603618,1531216603614,4997931,0.00009285,531.00000000,1
1531216603642,1531216603638,4997932,0.00009285,1327.00000000,1
1531216623825,1531216623822,4997933,0.00009291,364.00000000,0
1531216623844,1531216623839,4997934,0.00009302,132.00000000,0
1531216642616,1531216642613,4997935,0.00009291,1470.00000000,0
1531216642630,1531216642626,4997936,0.00009281,877.00000000,1
1531216642642,1531216642635,4997937,0.00009301,197.00000000,0
1531216642653,1531216642647,4997938,0.00009281,750.00000000,1
1531216653666,1531216653662,4997939,0.00009300,30.00000000,0
1531216653666,1531216653662,4997940,0.00009306,87.00000000,0
1531216653666,1531216653662,4997941,0.00009312,222.00000000,0
1531216653666,1531216653662,4997942,0.00009325,25.00000000,0
1531216665147,1531216665143,4997943,0.00009299,30.00000000,0
1531216690203,1531216690200,4997944,0.00009324,20.00000000,0
1531216691161,1531216691158,4997945,0.00009325,150.00000000,0
1531216697493,1531216697490,4997946,0.00009313,45.00000000,1
1531216722154,1531216722149,4997947,0.00009341,213.00000000,1
1531216723158,1531216723153,4997948,0.00009342,70.00000000,1
1531216763528,1531216763524,4997949,0.00009311,1235.00000000,0
1531216763547,1531216763543,4997950,0.00009292,1137.00000000,1
1531216763566,1531216763562,4997951,0.00009292,679.00000000,1
1531216777159,1531216777155,4997952,0.00009304,213.00000000,0
1531216778158,1531216778153,4997953,0.00009305,75.00000000,0
1531216793325,1531216793320,4997954,0.00009283,609.00000000,1
1531216822968,1531216822964,4997955,0.00009281,639.00000000,1
1531216836114,1531216836110,4997956,0.00009280,91.00000000,1
1531216836186,1531216836181,4997957,0.00009280,121.00000000,0
1531216837182,1531216837179,4997958,0.00009281,216.00000000,0
1531216848034,1531216848029,4997959,0.00009282,7.00000000,1
1531216860095,1531216860092,4997960,0.00009280,214.00000000,1
1531216864174,1531216864169,4997961,0.00009280,243.00000000,0
1531216871185,1531216871182,4997962,0.00009296,20.00000000,0
1531216873180,1531216873176,4997963,0.00009296,20.00000000,0
1531216874175,1531216874170,4997964,0.00009298,20.00000000,0
1531216889580,1531216889575,4997965,0.00009366,467.00000000,0
1531216890169,1531216890164,4997966,0.00009366,39.00000000,1
1531216899252,1531216899246,4997967,0.00009304,87.00000000,1
1531216914191,1531216914187,4997968,0.00009283,221.00000000,0
1531216916183,1531216916179,4997969,0.00009289,16.00000000,0
1531216918180,1531216918176,4997970,0.00009290,20.00000000,0
1531216923489,1531216923478,4997971,0.00009303,1961.00000000,0
1531216923489,1531216923478,4997972,0.00009304,255.00000000,0
1531216923489,1531216923478,4997973,0.00009348,667.00000000,0
1531216923489,1531216923478,4997974,0.00009350,2690.00000000,0
1531216923489,1531216923478,4997975,0.00009366,1890.00000000,0
1531216923489,1531216923478,4997976,0.00009369,74.00000000,0
1531216923489,1531216923478,4997977,0.00009372,56.00000000,0
1531216923489,1531216923478,4997978,0.00009375,94.00000000,0
1531216923489,1531216923478,4997979,0.00009387,212.00000000,0
1531216923489,1531216923478,4997980,0.00009388,281.00000000,0
1531216923489,1531216923478,4997981,0.00009393,16.00000000,0
1531216923489,1531216923478,4997982,0.00009397,647.00000000,0
1531216923489,1531216923478,4997983,0.00009398,649.00000000,0
1531216923489,1531216923478,4997984,0.00009399,11.00000000,0
1531216923489,1531216923478,4997985,0.00009406,32.00000000,0
1531216923489,1531216923478,4997986,0.00009410,38.00000000,0
1531216923489,1531216923478,4997987,0.00009421,1800.00000000,0
1531216923489,1531216923478,4997988,0.00009422,532.00000000,0
1531216923489,1531216923478,4997989,0.00009429,2467.00000000,0
1531216924250,1531216924247,4997990,0.00009388,213.00000000,1
1531216924611,1531216924606,4997991,0.00009388,89.00000000,1
1531216927186,1531216927183,4997992,0.00009387,23.00000000,1
1531216930680,1531216930677,4997993,0.00009369,21.00000000,1
1531216930680,1531216930677,4997994,0.00009333,99.00000000,1
1531216932437,1531216932432,4997995,0.00009416,213.00000000,0
1531216932437,1531216932432,4997996,0.00009417,21.00000000,0
1531216932437,1531216932432,4997997,0.00009421,18.00000000,0
1531216932437,1531216932432,4997998,0.00009429,3204.00000000,0
1531216935989,1531216935984,4997999,0.00009428,170.00000000,0
1531216935989,1531216935984,4998000,0.00009429,225.00000000,0
1531216936812,1531216936805,4998001,0.00009429,2866.00000000,0
1531216936812,1531216936805,4998002,0.00009440,18.00000000,0
1531216936812,1531216936805,4998003,0.00009442,387.00000000,0
1531216936812,1531216936805,4998004,0.00009450,953.00000000,0
1531216936836,1531216936832,4998005,0.00009450,171.00000000,1
1531216936890,1531216936887,4998006,0.00009450,224.00000000,1
1531216939230,1531216939226,4998007,0.00009441,395.00000000,0
1531216939230,1531216939226,4998008,0.00009449,224.00000000,0
1531216939230,1531216939226,4998009,0.00009454,212.00000000,0
1531216939230,1531216939226,4998010,0.00009462,11.00000000,0
1531216939230,1531216939226,4998011,0.00009467,7.00000000,0
1531216942626,1531216942622,4998012,0.00009462,210.00000000,0
1531216945378,1531216945372,4998013,0.00009462,53.00000000,0
1531216947819,1531216947815,4998014,0.00009462,13.00000000,0
1531216950462,1531216950459,4998015,0.00009460,4.00000000,0
1531216950617,1531216950612,4998016,0.00009460,40.00000000,0
1531216951761,1531216951758,4998017,0.00009407,210.00000000,1
1531216951761,1531216951758,4998018,0.00009406,173.00000000,1
1531216951761,1531216951758,4998019,0.00009403,132.00000000,1
1531216953240,1531216953235,4998020,0.00009458,1.00000000,0
1531216956900,1531216956896,4998021,0.00009406,5.00000000,1
1531216957185,1531216957180,4998022,0.00009406,66.00000000,1
1531216959186,1531216959180,4998023,0.00009405,600.00000000,1
1531216960071,1531216960066,4998024,0.00009368,80.00000000,1
1531216988199,1531216988194,4998025,0.00009346,210.00000000,0
1531216988199,1531216988194,4998026,0.00009347,80.00000000,0
1531216988199,1531216988194,4998027,0.00009349,182.00000000,0
1531216988199,1531216988194,4998028,0.00009386,20.00000000,0
1531216988199,1531216988194,4998029,0.00009398,77.00000000,0
1531216991814,1531216991811,4998030,0.00009397,165.00000000,0
1531216993264,1531216993260,4998031,0.00009397,7.00000000,0
1531216993264,1531216993260,4998032,0.00009398,148.00000000,0
1531216995190,1531216995186,4998033,0.00009353,30.00000000,0
1531217015365,1531217015361,4998034,0.00009373,214.00000000,1
1531217015365,1531217015361,4998035,0.00009350,42.00000000,1
1531217015365,1531217015361,4998036,0.00009340,20.00000000,1
1531217015365,1531217015361,4998037,0.00009335,428.00000000,1
1531217015413,1531217015408,4998038,0.00009328,30.00000000,1
1531217015413,1531217015408,4998039,0.00009326,66.00000000,1
1531217015413,1531217015408,4998040,0.00009325,66.00000000,1
1531217015413,1531217015408,4998041,0.00009316,52.00000000,1
1531217015632,1531217015625,4998042,0.00009316,8.00000000,1
1531217015632,1531217015625,4998043,0.00009314,202.00000000,1
1531217015632,1531217015625,4998044,0.00009311,65.00000000,1
1531217015632,1531217015625,4998045,0.00009310,22.00000000,1
1531217015632,1531217015625,4998046,0.00009307,106.00000000,1
1531217015632,1531217015625,4998047,0.00009306,308.00000000,1
1531217015633,1531217015625,4998048,0.00009306,766.00000000,1
1531217015633,1531217015625,4998049,0.00009305,368.00000000,1
1531217015633,1531217015625,4998050,0.00009302,257.00000000,1
1531217015633,1531217015625,4998051,0.00009300,58.00000000,1
1531217015633,1531217015625,4998052,0.00009299,22.00000000,1
1531217015633,1531217015625,4998053,0.00009288,1107.00000000,1
1531217016286,1531217016282,4998054,0.00009333,185.00000000,0
1531217016480,1531217016476,4998055,0.00009332,185.00000000,0
1531217016692,1531217016687,4998056,0.00009332,29.00000000,0
1531217016692,1531217016687,4998057,0.00009333,156.00000000,0
1531217016884,1531217016879,4998058,0.00009333,182.00000000,0
1531217016952,1531217016948,4998059,0.00009335,75.00000000,0
1531217018829,1531217018824,4998060,0.00009334,339.00000000,0
1531217023935,1531217023902,4998061,0.00009306,212.00000000,1
1531217023948,1531217023944,4998062,0.00009305,13.00000000,0
1531217027655,1531217027650,4998063,0.00009299,71.00000000,1
1531217029287,1531217029282,4998064,0.00009299,100.00000000,1
1531217030237,1531217030232,4998065,0.00009297,240.00000000,0
1531217032478,1531217032474,4998066,0.00009284,86.00000000,1
1531217032480,1531217032474,4998067,0.00009279,30.00000000,1
1531217032480,1531217032474,4998068,0.00009271,42.00000000,1
1531217032480,1531217032474,4998069,0.00009265,18.00000000,1
1531217032480,1531217032474,4998070,0.00009263,66.00000000,1
1531217032480,1531217032474,4998071,0.00009260,50.00000000,1
1531217032480,1531217032474,4998072,0.00009259,1756.00000000,1
1531217032562,1531217032557,4998073,0.00009257,74.00000000,0
1531217032567,1531217032562,4998074,0.00009257,74.00000000,0
1531217032572,1531217032567,4998075,0.00009257,64.00000000,0
1531217032572,1531217032567,4998076,0.00009258,115.00000000,0
1531217035368,1531217035364,4998077,0.00009251,326.00000000,1
1531217035764,1531217035760,4998078,0.00009251,12.00000000,0
1531217038892,1531217038886,4998079,0.00009251,126.00000000,0
1531217039208,1531217039203,4998080,0.00009250,495.00000000,1
1531217039258,1531217039253,4998081,0.00009250,74.00000000,1
1531217054185,1531217054180,4998082,0.00009251,477.00000000,0
1531217056206,1531217056202,4998083,0.00009258,280.00000000,0
1531217062802,1531217062797,4998084,0.00009252,11.00000000,1
1531217063444,1531217063438,4998085,0.00009252,1046.00000000,1
1531217063460,1531217063456,4998086,0.00009252,1205.00000000,1
1531217072270,1531217072267,4998087,0.00009252,66.00000000,0
1531217075860,1531217075854,4998088,0.00009252,99.00000000,0
1531217079352,1531217079347,4998089,0.00009279,5.00000000,0
1531217103816,1531217103811,4998090,0.00009268,2688.00000000,0
1531217103830,1531217103827,4998091,0.00009260,1305.00000000,1
1531217111656,1531217111650,4998092,0.00009277,39.00000000,0
1531217117426,1531217117422,4998093,0.00009277,66.00000000,1
1531217128072,1531217128067,4998094,0.00009278,20.00000000,0
1531217128072,1531217128067,4998095,0.00009279,7.00000000,0
1531217128072,1531217128067,4998096,0.00009301,301.00000000,0
1531217136210,1531217136207,4998097,0.00009302,488.00000000,0
1531217173022,1531217173017,4998098,0.00009310,353.00000000,0
1531217178224,1531217178219,4998099,0.00009310,258.00000000,0
1531217235606,1531217235601,4998100,0.00009307,70.00000000,0
1531217235606,1531217235601,4998101,0.00009310,55.00000000,0
1531217236534,1531217236529,4998102,0.00009310,30.00000000,1
1531217242657,1531217242653,4998103,0.00009311,856.00000000,1
1531217243208,1531217243205,4998104,0.00009310,22.00000000,1
1531217263091,1531217263086,4998105,0.00009316,436.00000000,0
1531217263102,1531217263097,4998106,0.00009311,473.00000000,1
1531217263118,1531217263115,4998107,0.00009311,321.00000000,1
1531217283764,1531217283759,4998108,0.00009316,2413.00000000,0
1531217283780,1531217283775,4998109,0.00009311,482.00000000,1
1531217283805,1531217283800,4998110,0.00009311,1387.00000000,1
1531217295244,1531217295240,4998111,0.00009310,37.00000000,1
1531217322958,1531217322952,4998112,0.00009302,1220.00000000,0
1531217322964,1531217322961,4998113,0.00009292,452.00000000,1
1531217371077,1531217371072,4998114,0.00009290,66.00000000,1
1531217383010,1531217383005,4998115,0.00009291,1407.00000000,1
1531217383027,1531217383023,4998116,0.00009291,255.00000000,1
1531217383061,1531217383058,4998117,0.00009290,41.00000000,1
1531217387261,1531217387257,4998118,0.00009288,30.00000000,1
1531217400340,1531217400336,4998119,0.00009298,1.00000000,0
1531217423872,1531217423868,4998120,0.00009287,2095.00000000,0
1531217423894,1531217423889,4998121,0.00009278,521.00000000,1
1531217423917,1531217423913,4998122,0.00009278,927.00000000,1
1531217458239,1531217458234,4998123,0.00009277,850.00000000,1
1531217460318,1531217460313,4998124,0.00009253,20.00000000,1
1531217470659,1531217470653,4998125,0.00009267,26.00000000,1
1531217503647,1531217503643,4998126,0.00009281,388.00000000,0
1531217503661,1531217503655,4998127,0.00009272,196.00000000,1
1531217599368,1531217599359,4998128,0.00009253,74.00000000,1
1531217599368,1531217599359,4998129,0.00009252,1.00000000,1
1531217599368,1531217599359,4998130,0.00009250,452.00000000,1
1531217599368,1531217599359,4998131,0.00009249,440.00000000,1
1531217599368,1531217599359,4998132,0.00009237,66.00000000,1
1531217599368,1531217599359,4998133,0.00009220,1851.00000000,1
1531217599368,1531217599359,4998134,0.00009219,455.00000000,1
1531217599368,1531217599359,4998135,0.00009217,12.00000000,1
1531217599368,1531217599359,4998136,0.00009215,2333.00000000,1
1531217599368,1531217599359,4998137,0.00009205,44.00000000,1
1531217599368,1531217599359,4998138,0.00009204,129.00000000,1
1531217599368,1531217599359,4998139,0.00009201,121.00000000,1
1531217599368,1531217599359,4998140,0.00009200,1015.00000000,1
1531217599379,1531217599375,4998141,0.00009200,73.00000000,0
1531217599387,1531217599382,4998142,0.00009200,1820.00000000,0
1531217599396,1531217599391,4998143,0.00009200,73.00000000,0
1531217599407,1531217599402,4998144,0.00009200,1298.00000000,0
1531217599434,1531217599430,4998145,0.00009200,100.00000000,0
1531217599435,1531217599431,4998146,0.00009200,482.00000000,0
1531217599448,1531217599443,4998147,0.00009199,48.00000000,1
1531217599448,1531217599443,4998148,0.00009197,25.00000000,1
1531217599463,1531217599459,4998149,0.00009200,326.00000000,0
1531217599713,1531217599707,4998150,0.00009199,46.00000000,0
1531217600203,1531217600199,4998151,0.00009198,569.00000000,1
1531217600247,1531217600243,4998152,0.00009200,958.00000000,0
1531217601755,1531217601750,4998153,0.00009198,683.00000000,1
1531217601947,1531217601943,4998154,0.00009197,482.00000000,1
1531217602251,1531217602247,4998155,0.00009197,1148.00000000,1
1531217603320,1531217603316,4998156,0.00009195,67.00000000,1
1531217603986,1531217603982,4998157,0.00009193,11.00000000,1
1531217603986,1531217603982,4998158,0.00009191,64.00000000,1
1531217604176,1531217604171,4998159,0.00009197,58.00000000,0
1531217604658,1531217604654,4998160,0.00009191,31.00000000,1
1531217604679,1531217604674,4998161,0.00009191,80.00000000,1
1531217605525,1531217605521,4998162,0.00009196,15.00000000,0
1531217605850,1531217605845,4998163,0.00009196,4.00000000,0
1531217605867,1531217605864,4998164,0.00009188,11.00000000,1
1531217607962,1531217607957,4998165,0.00009183,11.00000000,1
1531217607962,1531217607957,4998166,0.00009182,12.00000000,1
1531217607962,1531217607957,4998167,0.00009179,33.00000000,1
1531217607962,1531217607957,4998168,0.00009178,10.00000000,1
1531217609307,1531217609302,4998169,0.00009192,1.00000000,0
1531217611282,1531217611277,4998170,0.00009191,20.00000000,0
1531217613061,1531217613056,4998171,0.00009178,12.00000000,1
1531217613103,1531217613097,4998172,0.00009178,25.00000000,0
1531217615801,1531217615797,4998173,0.00009175,54.00000000,1
1531217618509,1531217618504,4998174,0.00009174,11.00000000,1
1531217618509,1531217618504,4998175,0.00009170,19.00000000,1
1531217620801,1531217620795,4998176,0.00009171,121.00000000,1
1531217621065,1531217621061,4998177,0.00009171,841.00000000,1
1531217621231,1531217621227,4998178,0.00009170,1.00000000,1
1531217621231,1531217621227,4998179,0.00009169,73.00000000,1
1531217621768,1531217621764,4998180,0.00009169,102.00000000,1
1531217623965,1531217623961,4998181,0.00009167,41.00000000,1
1531217626963,1531217626959,4998182,0.00009161,308.00000000,1
1531217628935,1531217628930,4998183,0.00009160,15.00000000,1
1531217629961,1531217629956,4998184,0.00009159,11.00000000,1
1531217630923,1531217630920,4998185,0.00009158,67.00000000,1
1531217631948,1531217631943,4998186,0.00009150,1.00000000,1
1531217633050,1531217633045,4998187,0.00009150,392.00000000,1
1531217633159,1531217633154,4998188,0.00009157,11.00000000,0
1531217639251,1531217639248,4998189,0.00009156,159.00000000,0
1531217641255,1531217641250,4998190,0.00009156,1080.00000000,0
1531217641684,1531217641679,4998191,0.00009156,849.00000000,0
1531217641684,1531217641679,4998192,0.00009157,49.00000000,0
1531217641714,1531217641711,4998193,0.00009169,20.00000000,1
1531217642831,1531217642828,4998194,0.00009170,8.00000000,0
1531217642945,1531217642939,4998195,0.00009170,5.00000000,0
1531217643048,1531217643043,4998196,0.00009170,3.00000000,0
1531217643200,1531217643196,4998197,0.00009170,5.00000000,0
1531217643283,1531217643279,4998198,0.00009170,20.00000000,0
1531217643283,1531217643279,4998199,0.00009171,170.00000000,0
1531217643305,1531217643301,4998200,0.00009171,8.00000000,0
1531217643361,1531217643357,4998201,0.00009171,5.00000000,0
1531217643421,1531217643417,4998202,0.00009171,7.00000000,0
1531217643421,1531217643417,4998203,0.00009200,1.00000000,0
1531217643496,1531217643491,4998204,0.00009200,14.00000000,0
1531217643574,1531217643571,4998205,0.00009200,6.00000000,0
1531217643688,1531217643684,4998206,0.00009200,6.00000000,0
1531217643857,1531217643854,4998207,0.00009200,2.00000000,0
1531217643929,1531217643923,4998208,0.00009200,6.00000000,0
1531217643954,1531217643950,4998209,0.00009200,4.00000000,0
1531217643982,1531217643978,4998210,0.00009200,5.00000000,0
1531217643997,1531217643994,4998211,0.00009200,6.00000000,0
1531217644124,1531217644120,4998212,0.00009200,6.00000000,0
1531217644332,1531217644329,4998213,0.00009200,5.00000000,0
1531217644390,1531217644386,4998214,0.00009200,6.00000000,0
1531217648451,1531217648446,4998215,0.00009197,16.00000000,0
1531217648526,1531217648521,4998216,0.00009174,123.00000000,1
1531217648528,1531217648524,4998217,0.00009197,21.00000000,0
1531217648577,1531217648571,4998218,0.00009197,5.00000000,0
1531217648900,1531217648896,4998219,0.00009197,8.00000000,0
1531217648951,1531217648946,4998220,0.00009197,5.00000000,0
1531217648955,1531217648950,4998221,0.00009197,5.00000000,0
1531217649177,1531217649173,4998222,0.00009197,5.00000000,0
1531217649263,1531217649259,4998223,0.00009197,5.00000000,0
1531217649299,1531217649294,4998224,0.00009197,5.00000000,0
1531217649348,1531217649342,4998225,0.00009197,21.00000000,0
1531217649348,1531217649342,4998226,0.00009199,12.00000000,0
1531217649368,1531217649363,4998227,0.00009200,7.00000000,0
1531217649398,1531217649393,4998228,0.00009200,6.00000000,0
1531217649467,1531217649461,4998229,0.00009200,6.00000000,0
1531217649508,1531217649503,4998230,0.00009200,6.00000000,0
1531217649658,1531217649654,4998231,0.00009200,5.00000000,0
1531217649875,1531217649870,4998232,0.00009200,9.00000000,0
1531217649938,1531217649933,4998233,0.00009200,8.00000000,0
1531217649981,1531217649977,4998234,0.00009200,5.00000000,0
1531217650108,1531217650104,4998235,0.00009174,94.00000000,1
1531217650108,1531217650104,4998236,0.00009171,28.00000000,1
1531217650635,1531217650631,4998237,0.00009175,12.00000000,1
1531217655578,1531217655574,4998238,0.00009171,1194.00000000,1
1531217656497,1531217656493,4998239,0.00009192,32.00000000,0
1531217656962,1531217656958,4998240,0.00009192,104.00000000,0
1531217662347,1531217662342,4998241,0.00009172,53.00000000,1
1531217662347,1531217662342,4998242,0.00009171,227.00000000,1
1531217669098,1531217669094,4998243,0.00009172,12.00000000,1
1531217670022,1531217670017,4998244,0.00009172,34.00000000,1
1531217682805,1531217682800,4998245,0.00009175,689.00000000,1
1531217682813,1531217682809,4998246,0.00009175,681.00000000,1
1531217684302,1531217684298,4998247,0.00009174,462.00000000,1
1531217703916,1531217703911,4998248,0.00009179,685.00000000,0
1531217703930,1531217703927,4998249,0.00009175,1013.00000000,1
1531217703943,1531217703940,4998250,0.00009175,361.00000000,1
1531217712489,1531217712485,4998251,0.00009174,81.00000000,1
1531217716543,1531217716538,4998252,0.00009181,19.00000000,0
1531217720589,1531217720584,4998253,0.00009176,140.00000000,1
1531217722633,1531217722627,4998254,0.00009178,1021.00000000,0
1531217722645,1531217722641,4998255,0.00009176,1087.00000000,1
1531217722656,1531217722651,4998256,0.00009176,523.00000000,1
1531217724095,1531217724091,4998257,0.00009175,12.00000000,1
1531217725077,1531217725072,4998258,0.00009176,140.00000000,0
1531217726732,1531217726726,4998259,0.00009176,1.00000000,1
1531217739728,1531217739723,4998260,0.00009176,1062.00000000,1
1531217742848,1531217742844,4998261,0.00009180,2957.00000000,0
1531217742855,1531217742851,4998262,0.00009177,1064.00000000,1
1531217743714,1531217743710,4998263,0.00009183,27.00000000,0
1531217782980,1531217782975,4998264,0.00009181,335.00000000,1
1531217783000,1531217782996,4998265,0.00009181,335.00000000,1
1531217787745,1531217787742,4998266,0.00009183,5.00000000,0
1531217792807,1531217792803,4998267,0.00009200,75.00000000,0
1531217792821,1531217792816,4998268,0.00009183,75.00000000,1
1531217794991,1531217794987,4998269,0.00009200,16.00000000,0
1531217803331,1531217803325,4998270,0.00009192,1898.00000000,0
1531217803347,1531217803343,4998271,0.00009184,1090.00000000,1
1531217803357,1531217803352,4998272,0.00009184,1043.00000000,1
1531217822602,1531217822597,4998273,0.00009199,20.00000000,0
1531217822602,1531217822597,4998274,0.00009200,15763.00000000,0
1531217836980,1531217836976,4998275,0.00009201,34.00000000,1
1531217863953,1531217863949,4998276,0.00009207,2618.00000000,0
1531217863967,1531217863964,4998277,0.00009205,1023.00000000,1
1531217883473,1531217883469,4998278,0.00009205,1375.00000000,0
1531217883482,1531217883478,4998279,0.00009202,849.00000000,1
1531217894137,1531217894133,4998280,0.00009206,199.00000000,1
1531217903935,1531217903931,4998281,0.00009208,1313.00000000,0
1531217903957,1531217903952,4998282,0.00009207,1444.00000000,1
1531217903977,1531217903972,4998283,0.00009207,1239.00000000,1
1531217922677,1531217922673,4998284,0.00009208,1386.00000000,0
1531217922690,1531217922687,4998285,0.00009207,963.00000000,1
1531217929619,1531217929614,4998286,0.00009209,40.00000000,0
1531217929619,1531217929614,4998287,0.00009210,67.00000000,0
1531217929619,1531217929614,4998288,0.00009213,22.00000000,0
1531217929619,1531217929614,4998289,0.00009214,67.00000000,0
1531217929619,1531217929614,4998290,0.00009215,1298.00000000,0
1531217934899,1531217934896,4998291,0.00009216,25.00000000,0
1531217934899,1531217934896,4998292,0.00009221,54.00000000,0
1531217943645,1531217943641,4998293,0.00009229,2231.00000000,0
1531217943652,1531217943648,4998294,0.00009224,720.00000000,1
1531217943665,1531217943660,4998295,0.00009224,996.00000000,1
1531217945414,1531217945409,4998296,0.00009235,24.00000000,0
1531217945559,1531217945553,4998297,0.00009235,20.00000000,0
1531217945615,1531217945609,4998298,0.00009235,69.00000000,1
1531217949490,1531217949485,4998299,0.00009245,14.00000000,0
1531217949547,1531217949545,4998300,0.00009245,148.00000000,1
1531217954181,1531217954177,4998301,0.00009237,60.00000000,1
1531217954835,1531217954832,4998302,0.00009237,62.00000000,1
1531217955168,1531217955164,4998303,0.00009237,41.00000000,1
1531217960138,1531217960132,4998304,0.00009254,226.00000000,0
1531217960162,1531217960157,4998305,0.00009254,56.00000000,1
1531217960188,1531217960183,4998306,0.00009254,74.00000000,1
1531217960195,1531217960192,4998307,0.00009254,56.00000000,1
1531217960785,1531217960781,4998308,0.00009254,56.00000000,1
1531217969198,1531217969193,4998309,0.00009254,47.00000000,1
1531217976052,1531217976046,4998310,0.00009263,48.00000000,0
1531217976052,1531217976046,4998311,0.00009264,91.00000000,0
1531217983233,1531217983229,4998312,0.00009271,1684.00000000,0
1531217983251,1531217983246,4998313,0.00009267,714.00000000,1
1531217983276,1531217983272,4998314,0.00009267,1170.00000000,1
1531217997073,1531217997067,4998315,0.00009274,20.00000000,0
1531217997073,1531217997067,4998316,0.00009275,293.00000000,0
1531218003338,1531218003334,4998317,0.00009281,2054.00000000,0
1531218003350,1531218003345,4998318,0.00009278,571.00000000,1
1531218003367,1531218003363,4998319,0.00009278,1093.00000000,1
1531218008919,1531218008914,4998320,0.00009284,138.00000000,0
1531218062841,1531218062837,4998321,0.00009282,1027.00000000,0
1531218062854,1531218062848,4998322,0.00009275,934.00000000,1
1531218083905,1531218083901,4998323,0.00009281,423.00000000,0
1531218083923,1531218083920,4998324,0.00009275,407.00000000,1
1531218103400,1531218103396,4998325,0.00009275,120.00000000,1
1531218103461,1531218103455,4998326,0.00009275,1364.00000000,1
1531218104195,1531218104189,4998327,0.00009280,54.00000000,1
1531218134716,1531218134712,4998328,0.00009264,180.00000000,1
1531218142942,1531218142938,4998329,0.00009274,1460.00000000,0
1531218142952,1531218142947,4998330,0.00009265,849.00000000,1
1531218162627,1531218162622,4998331,0.00009270,1061.00000000,0
