event_time,trade_time,trade_id,price,quantity,maker
1531210400625,1531210400621,1351266,0.00002595,26.00000000,1
1531210401319,1531210401315,1351267,0.00002595,33.00000000,1
1531210401828,1531210401822,1351268,0.00002595,8.00000000,1
1531210402373,1531210402368,1351269,0.00002596,16.00000000,1
1531210403087,1531210403082,1351270,0.00002596,21.00000000,1
1531210403715,1531210403710,1351271,0.00002596,4.00000000,1
1531210403715,1531210403710,1351272,0.00002595,12.00000000,1
1531210404246,1531210404239,1351273,0.00002595,36.00000000,1
1531210404246,1531210404239,1351274,0.00002594,6.00000000,1
1531210404328,1531210404326,1351275,0.00002594,18.00000000,1
1531210404827,1531210404822,1351276,0.00002594,15.00000000,1
1531210405542,1531210405538,1351277,0.00002594,24.00000000,1
1531210406474,1531210406470,1351278,0.00002594,27.00000000,1
1531210407223,1531210407219,1351279,0.00002594,12.00000000,1
1531210407571,1531210407566,1351280,0.00002594,8.00000000,1
1531210408288,1531210408284,1351281,0.00002594,101.00000000,1
1531210408677,1531210408673,1351282,0.00002594,14.00000000,1
1531210409232,1531210409223,1351283,0.00002594,8.00000000,1
1531210409730,1531210409725,1351284,0.00002594,32.00000000,1
1531210410248,1531210410243,1351285,0.00002594,13.00000000,1
1531210411171,1531210411165,1351286,0.00002594,32.00000000,1
1531210411970,1531210411966,1351287,0.00002594,19.00000000,1
1531210412775,1531210412771,1351288,0.00002594,16.00000000,1
1531210413252,1531210413246,1351289,0.00002594,14.00000000,1
1531210414142,1531210414138,1351290,0.00002594,27.00000000,1
1531210414634,1531210414630,1351291,0.00002594,18.00000000,1
1531210415268,1531210415263,1351292,0.00002594,12.00000000,1
1531210415776,1531210415770,1351293,0.00002594,22.00000000,1
1531210416317,1531210416314,1351294,0.00002594,16.00000000,1
1531210417068,1531210417063,1351295,0.00002594,16.00000000,1
1531210417810,1531210417806,1351296,0.00002594,7.00000000,1
1531210417810,1531210417806,1351297,0.00002593,9.00000000,1
1531210418384,1531210418379,1351298,0.00002593,23.00000000,1
1531210444632,1531210444629,1351299,0.00002593,400.00000000,1
1531210457463,1531210457462,1351300,0.00002593,4.00000000,1
1531210538771,1531210538764,1351301,0.00002594,7.00000000,1
1531210543098,1531210543098,1351302,0.00002594,128.00000000,1
1531210584176,1531210584171,1351303,0.00002594,3057.00000000,1
1531210605634,1531210605629,1351304,0.00002593,263.00000000,1
1531210657433,1531210657429,1351305,0.00002593,42.00000000,1
1531210699332,1531210699327,1351306,0.00002593,195.00000000,1
1531210701187,1531210701183,1351307,0.00002593,43.00000000,1
1531210712926,1531210712922,1351308,0.00002602,38.00000000,0
1531210760435,1531210760431,1351309,0.00002593,42.00000000,1
1531210781120,1531210781116,1351310,0.00002594,6.00000000,1
1531210788412,1531210788408,1351311,0.00002594,42.00000000,1
1531210842993,1531210842986,1351312,0.00002594,1.00000000,1
1531210966379,1531210966375,1351313,0.00002595,500.00000000,1
1531211000939,1531211000934,1351314,0.00002595,1.00000000,1
1531211125813,1531211125809,1351315,0.00002596,42.00000000,1
1531211142228,1531211142224,1351316,0.00002596,1297.00000000,1
1531211146423,1531211146420,1351317,0.00002596,1.00000000,1
1531211147698,1531211147695,1351318,0.00002596,1.00000000,1
1531211167806,1531211167806,1351319,0.00002596,43.00000000,1
1531211213348,1531211213345,1351320,0.00002596,868.00000000,1
1531211234558,1531211234553,1351321,0.00002596,42.00000000,1
1531211276778,1531211276773,1351322,0.00002596,42.00000000,1
1531211341123,1531211341121,1351323,0.00002602,118.00000000,0
1531211341123,1531211341121,1351324,0.00002603,331.00000000,0
1531211341123,1531211341121,1351325,0.00002604,2306.00000000,0
1531211341123,1531211341121,1351326,0.00002606,306.00000000,0
1531211341123,1531211341121,1351327,0.00002609,1574.00000000,0
1531211343435,1531211343430,1351328,0.00002598,115.00000000,1
1531211343435,1531211343430,1351329,0.00002597,146.00000000,1
1531211364084,1531211364080,1351330,0.00002598,6.00000000,1
1531211365470,1531211365465,1351331,0.00002598,43.00000000,1
1531211371318,1531211371313,1351332,0.00002599,79.00000000,1
1531211388057,1531211388053,1351333,0.00002599,95.00000000,1
1531211400092,1531211400087,1351334,0.00002599,4.00000000,1
1531211409910,1531211409905,1351335,0.00002605,60.00000000,0
1531211409910,1531211409905,1351336,0.00002608,17.00000000,0
1531211410182,1531211410177,1351337,0.00002610,77.00000000,0
1531211411056,1531211411052,1351338,0.00002609,98.00000000,0
1531211411056,1531211411052,1351339,0.00002610,94.00000000,0
1531211411855,1531211411851,1351340,0.00002610,768.00000000,0
1531211412400,1531211412395,1351341,0.00002610,58.00000000,0
1531211413258,1531211413254,1351342,0.00002610,77.00000000,0
1531211413571,1531211413567,1351343,0.00002610,58.00000000,0
1531211413772,1531211413766,1351344,0.00002600,42.00000000,1
1531211414256,1531211414252,1351345,0.00002610,192.00000000,0
1531211415144,1531211415138,1351346,0.00002609,42.00000000,0
1531211415144,1531211415138,1351347,0.00002610,35.00000000,0
1531211425978,1531211425974,1351348,0.00002601,42.00000000,1
1531211440892,1531211440887,1351349,0.00002601,8.00000000,0
1531211468685,1531211468682,1351350,0.00002602,73.00000000,1
1531211468685,1531211468682,1351351,0.00002601,82.00000000,1
1531211469093,1531211469088,1351352,0.00002601,1339.00000000,1
1531211477733,1531211477728,1351353,0.00002607,73.00000000,0
1531211477733,1531211477728,1351354,0.00002608,42.00000000,0
1531211477733,1531211477728,1351355,0.00002609,178.00000000,0
1531211477733,1531211477728,1351356,0.00002610,7992.00000000,0
1531211477752,1531211477748,1351357,0.00002610,60.00000000,1
1531211477830,1531211477826,1351358,0.00002610,155.00000000,1
1531211477830,1531211477826,1351359,0.00002601,60.00000000,1
1531211478437,1531211478432,1351360,0.00002601,45.00000000,1
1531211503048,1531211503044,1351361,0.00002602,100.00000000,1
1531211550627,1531211550621,1351362,0.00002609,100.00000000,0
1531211550627,1531211550621,1351363,0.00002610,137.00000000,0
1531211550627,1531211550621,1351364,0.00002611,1676.00000000,0
1531211550627,1531211550621,1351365,0.00002612,5069.00000000,0
1531211550627,1531211550621,1351366,0.00002615,3138.00000000,0
1531211550627,1531211550621,1351367,0.00002616,12673.00000000,0
1531211560954,1531211560948,1351368,0.00002613,47.00000000,0
1531211563862,1531211563858,1351369,0.00002601,6.00000000,1
1531211630530,1531211630526,1351370,0.00002603,44.00000000,1
1531211631007,1531211631006,1351371,0.00002610,65.00000000,0
1531211631007,1531211631006,1351372,0.00002614,1111.00000000,0
1531211632318,1531211632312,1351373,0.00002603,1339.00000000,1
1531211658544,1531211658544,1351374,0.00002603,91.00000000,1
1531211658548,1531211658546,1351375,0.00002603,922.00000000,1
1531211682985,1531211682979,1351376,0.00002603,104.00000000,1
1531211682985,1531211682979,1351377,0.00002602,1235.00000000,1
1531211694089,1531211694082,1351378,0.00002602,1339.00000000,1
1531211745316,1531211745311,1351379,0.00002602,55.00000000,1
1531211918552,1531211918549,1351380,0.00002602,158.00000000,1
1531211971773,1531211971769,1351381,0.00002602,1.00000000,1
1531211986905,1531211986900,1351382,0.00002602,42.00000000,1
1531211986942,1531211986938,1351383,0.00002602,72.00000000,1
1531212025222,1531212025219,1351384,0.00002602,63.00000000,1
1531212083494,1531212083490,1351385,0.00002602,1817.00000000,1
1531212120409,1531212120404,1351386,0.00002602,42.00000000,1
1531212142502,1531212142497,1351387,0.00002602,69.00000000,1
1531212142510,1531212142505,1351388,0.00002602,100.00000000,1
1531212154313,1531212154308,1351389,0.00002602,35.00000000,1
1531212189236,1531212189230,1351390,0.00002602,6.00000000,1
1531212217437,1531212217432,1351391,0.00002602,491.00000000,1
1531212218150,1531212218146,1351392,0.00002610,216.00000000,0
1531212218150,1531212218146,1351393,0.00002611,718.00000000,0
1531212328955,1531212328948,1351394,0.00002603,453.00000000,1
1531212328955,1531212328948,1351395,0.00002602,1214.00000000,1
1531212328955,1531212328948,1351396,0.00002599,134.00000000,1
1531212328955,1531212328948,1351397,0.00002598,307.00000000,1
1531212328955,1531212328948,1351398,0.00002597,4569.00000000,1
1531212333362,1531212333358,1351399,0.00002596,5726.00000000,1
1531212341134,1531212341129,1351400,0.00002597,78.00000000,1
1531212347523,1531212347521,1351401,0.00002596,193.00000000,1
1531212409550,1531212409546,1351402,0.00002596,4.00000000,1
1531212445010,1531212445005,1351403,0.00002597,78.00000000,0
1531212449420,1531212449415,1351404,0.00002598,929.00000000,0
1531212473155,1531212473151,1351405,0.00002596,42.00000000,1
1531212491982,1531212491977,1351406,0.00002598,29.00000000,0
1531212491982,1531212491977,1351407,0.00002600,977.00000000,0
1531212526966,1531212526962,1351408,0.00002596,294.00000000,1
1531212800346,1531212800342,1351409,0.00002598,417.00000000,0
1531212838843,1531212838837,1351410,0.00002600,692.00000000,0
1531212838843,1531212838837,1351411,0.00002602,2121.00000000,0
1531212910948,1531212910943,1351412,0.00002598,2.00000000,1
1531213036794,1531213036788,1351413,0.00002603,166.00000000,0
1531213094663,1531213094659,1351414,0.00002598,5.00000000,1
1531213138744,1531213138740,1351415,0.00002598,14.00000000,1
1531213229267,1531213229263,1351416,0.00002598,9.00000000,1
1531213268305,1531213268301,1351417,0.00002603,893.00000000,0
1531213268305,1531213268301,1351418,0.00002605,533.00000000,0
1531213268305,1531213268301,1351419,0.00002608,306.00000000,0
1531213268305,1531213268301,1351420,0.00002609,506.00000000,0
1531213271053,1531213271049,1351421,0.00002599,98.00000000,1
1531213273100,1531213273095,1351422,0.00002599,78.00000000,1
1531213275062,1531213275057,1351423,0.00002599,62.00000000,1
1531213287995,1531213287991,1351424,0.00002599,50.00000000,1
1531213291092,1531213291087,1351425,0.00002599,40.00000000,1
1531213307062,1531213307058,1351426,0.00002599,33.00000000,1
1531213356034,1531213356031,1351427,0.00002605,58.00000000,0
1531213377055,1531213377049,1351428,0.00002599,129.00000000,1
1531213377055,1531213377049,1351429,0.00002598,138.00000000,1
1531213381005,1531213381001,1351430,0.00002598,214.00000000,1
1531213383078,1531213383074,1351431,0.00002598,131.00000000,1
1531213530093,1531213530088,1351432,0.00002604,162.00000000,0
1531213530093,1531213530088,1351433,0.00002605,32.00000000,0
1531213530093,1531213530088,1351434,0.00002606,62.00000000,0
1531213530094,1531213530088,1351435,0.00002607,78.00000000,0
1531213530094,1531213530088,1351436,0.00002608,818.00000000,0
1531213530094,1531213530088,1351437,0.00002609,298.00000000,0
1531213540044,1531213540040,1351438,0.00002609,1782.00000000,0
1531213590687,1531213590682,1351439,0.00002609,42.00000000,1
1531213591267,1531213591261,1351440,0.00002609,933.00000000,1
1531213600188,1531213600182,1351441,0.00002609,50.00000000,1
1531213603032,1531213603029,1351442,0.00002609,43.00000000,1
1531213672466,1531213672461,1351443,0.00002601,9.00000000,1
1531213761140,1531213761135,1351444,0.00002601,3.00000000,1
1531213811088,1531213811083,1351445,0.00002601,3.00000000,1
1531213872172,1531213872168,1351446,0.00002600,30.00000000,1
1531213909266,1531213909261,1351447,0.00002601,243.00000000,1
1531213918917,1531213918912,1351448,0.00002601,8.00000000,1
1531213973150,1531213973145,1351449,0.00002601,286.00000000,1
1531214014994,1531214014990,1351450,0.00002601,2.00000000,1
1531214054797,1531214054793,1351451,0.00002601,10.00000000,1
1531214090002,1531214089997,1351452,0.00002602,1546.00000000,1
1531214090113,1531214090109,1351453,0.00002602,42.00000000,1
1531214112127,1531214112125,1351454,0.00002605,42.00000000,0
1531214137073,1531214137067,1351455,0.00002605,42.00000000,0
1531214138368,1531214138362,1351456,0.00002602,3.00000000,1
1531214143214,1531214143211,1351457,0.00002602,4723.00000000,0
1531214203083,1531214203080,1351458,0.00002602,42.00000000,0
1531214248906,1531214248902,1351459,0.00002602,42.00000000,0
1531214260777,1531214260772,1351460,0.00002601,62.00000000,1
1531214267648,1531214267644,1351461,0.00002601,3298.00000000,1
1531214303029,1531214303024,1351462,0.00002599,4.00000000,1
1531214307915,1531214307911,1351463,0.00002599,3750.00000000,1
1531214358368,1531214358363,1351464,0.00002599,100.00000000,1
1531214363082,1531214363077,1351465,0.00002599,421.00000000,1
1531214383723,1531214383720,1351466,0.00002599,1.00000000,1
1531214389651,1531214389646,1351467,0.00002599,2025.00000000,1
1531214433662,1531214433657,1351468,0.00002599,5.00000000,1
1531214494166,1531214494161,1351469,0.00002599,499.00000000,1
1531214513987,1531214513983,1351470,0.00002600,42.00000000,0
1531214555754,1531214555750,1351471,0.00002600,84.00000000,0
1531214571414,1531214571411,1351472,0.00002600,384.00000000,0
1531214572074,1531214572070,1351473,0.00002600,42.00000000,0
1531214595062,1531214595057,1351474,0.00002600,42.00000000,0
1531214598386,1531214598383,1351475,0.00002599,7162.00000000,1
1531214602258,1531214602254,1351476,0.00002599,2109.00000000,1
1531214614263,1531214614259,1351477,0.00002599,12436.00000000,1
1531214616671,1531214616667,1351478,0.00002599,1285.00000000,1
1531214622377,1531214622373,1351479,0.00002599,1279.00000000,1
1531214624475,1531214624470,1351480,0.00002599,1800.00000000,1
1531214662991,1531214662986,1351481,0.00002599,6100.00000000,1
1531214662991,1531214662986,1351482,0.00002598,2754.00000000,1
1531214662991,1531214662986,1351483,0.00002597,2269.00000000,1
1531214662991,1531214662986,1351484,0.00002596,2152.00000000,1
1531214666817,1531214666812,1351485,0.00002596,2607.00000000,1
1531214670889,1531214670886,1351486,0.00002596,536.00000000,1
1531214679937,1531214679934,1351487,0.00002596,78.00000000,1
1531214694165,1531214694162,1351488,0.00002597,42.00000000,0
1531214695094,1531214695090,1351489,0.00002596,77.00000000,1
1531214695119,1531214695114,1351490,0.00002597,765.00000000,0
1531214695119,1531214695114,1351491,0.00002598,754.00000000,0
1531214695119,1531214695114,1351492,0.00002600,733.00000000,0
1531214745501,1531214745498,1351493,0.00002600,1.00000000,0
1531214754031,1531214754027,1351494,0.00002600,42.00000000,0
1531214762009,1531214762004,1351495,0.00002600,51.00000000,0
1531214773623,1531214773620,1351496,0.00002595,242.00000000,1
1531214781204,1531214781199,1351497,0.00002600,100.00000000,0
1531214781406,1531214781402,1351498,0.00002595,1800.00000000,1
1531214784683,1531214784680,1351499,0.00002595,250.00000000,1
1531214791622,1531214791618,1351500,0.00002595,635.00000000,1
1531214792144,1531214792141,1351501,0.00002600,42.00000000,0
1531214800499,1531214800494,1351502,0.00002595,50.00000000,1
1531214800924,1531214800919,1351503,0.00002595,39.00000000,1
1531214829023,1531214829018,1351504,0.00002595,71.00000000,1
1531214906516,1531214906512,1351505,0.00002595,490.00000000,1
1531214916823,1531214916818,1351506,0.00002595,40.00000000,1
1531214929398,1531214929386,1351507,0.00002595,93.00000000,1
1531214929463,1531214929458,1351508,0.00002595,1963.00000000,1
1531214939489,1531214939485,1351509,0.00002595,243.00000000,1
1531214959786,1531214959780,1351510,0.00002595,1772.00000000,1
1531214970126,1531214970121,1351511,0.00002595,50.00000000,1
1531214976525,1531214976521,1351512,0.00002595,250.00000000,1
1531214997612,1531214997607,1351513,0.00002595,2763.00000000,1
1531215001755,1531215001752,1351514,0.00002595,167.00000000,1
1531215004269,1531215004264,1351515,0.00002598,84.00000000,0
1531215022127,1531215022123,1351516,0.00002595,2.00000000,1
1531215052004,1531215051999,1351517,0.00002595,42.00000000,1
1531215069864,1531215069861,1351518,0.00002598,47.00000000,0
1531215105690,1531215105685,1351519,0.00002598,42.00000000,0
1531215110766,1531215110762,1351520,0.00002595,5.00000000,1
1531215114431,1531215114428,1351521,0.00002595,375.00000000,1
1531215119570,1531215119565,1351522,0.00002595,4.00000000,1
1531215123847,1531215123844,1351523,0.00002598,1034.00000000,0
1531215129897,1531215129893,1351524,0.00002595,304.00000000,1
1531215130929,1531215130925,1351525,0.00002597,42.00000000,0
1531215144269,1531215144264,1351526,0.00002591,12.00000000,1
1531215213235,1531215213230,1351527,0.00002597,42.00000000,0
1531215248332,1531215248327,1351528,0.00002597,164.00000000,0
1531215264076,1531215264072,1351529,0.00002591,296.00000000,1
1531215287331,1531215287327,1351530,0.00002590,9.00000000,0
1531215295207,1531215295204,1351531,0.00002589,5607.00000000,1
1531215298514,1531215298511,1351532,0.00002589,127.00000000,1
1531215304582,1531215304576,1351533,0.00002589,127.00000000,1
1531215326129,1531215326125,1351534,0.00002590,42.00000000,0
1531215326496,1531215326492,1351535,0.00002590,42.00000000,0
1531215373144,1531215373140,1351536,0.00002589,42.00000000,0
1531215418626,1531215418622,1351537,0.00002589,42.00000000,0
1531215448172,1531215448167,1351538,0.00002589,224.00000000,0
1531215448172,1531215448167,1351539,0.00002590,778.00000000,0
1531215448172,1531215448167,1351540,0.00002596,307.00000000,0
1531215448172,1531215448167,1351541,0.00002598,1930.00000000,0
1531215449715,1531215449712,1351542,0.00002598,1153.00000000,0
1531215459365,1531215459360,1351543,0.00002597,119.00000000,0
1531215464001,1531215463998,1351544,0.00002589,115.00000000,1
1531215464001,1531215463998,1351545,0.00002588,49.00000000,1
1531215479306,1531215479302,1351546,0.00002593,42.00000000,0
1531215479488,1531215479484,1351547,0.00002587,1028.00000000,1
1531215496900,1531215496896,1351548,0.00002585,78.00000000,1
1531215496900,1531215496896,1351549,0.00002584,57.00000000,1
1531215496900,1531215496896,1351550,0.00002582,38.00000000,1
1531215506442,1531215506437,1351551,0.00002584,1364.00000000,1
1531215543827,1531215543824,1351552,0.00002585,576.00000000,1
1531215545075,1531215545071,1351553,0.00002590,42.00000000,0
1531215545395,1531215545392,1351554,0.00002590,256.00000000,0
1531215548337,1531215548333,1351555,0.00002582,79.00000000,1
1531215550019,1531215550015,1351556,0.00002582,100.00000000,1
1531215568199,1531215568195,1351557,0.00002587,20.00000000,0
1531215595256,1531215595253,1351558,0.00002587,61.00000000,0
1531215617478,1531215617474,1351559,0.00002587,49.00000000,0
1531215701407,1531215701402,1351560,0.00002587,5.00000000,0
1531215701407,1531215701402,1351561,0.00002588,78.00000000,0
1531215701407,1531215701402,1351562,0.00002589,35.00000000,0
1531215723421,1531215723416,1351563,0.00002586,64.00000000,1
1531215738286,1531215738281,1351564,0.00002585,50.00000000,1
1531215745148,1531215745144,1351565,0.00002585,66.00000000,1
1531215751087,1531215751082,1351566,0.00002580,515.00000000,1
1531215753504,1531215753499,1351567,0.00002588,64.00000000,0
1531215757173,1531215757169,1351568,0.00002582,90.00000000,1
1531215759765,1531215759760,1351569,0.00002586,10.00000000,0
1531215761853,1531215761848,1351570,0.00002586,42.00000000,0
1531215774569,1531215774565,1351571,0.00002587,3.00000000,0
1531215841221,1531215841217,1351572,0.00002580,168.00000000,1
1531215849430,1531215849424,1351573,0.00002580,5307.00000000,1
1531215854183,1531215854179,1351574,0.00002587,386.00000000,0
1531215857804,1531215857799,1351575,0.00002587,274.00000000,0
1531215891456,1531215891451,1351576,0.00002580,40.00000000,1
1531215899545,1531215899541,1351577,0.00002580,5747.00000000,1
1531215899599,1531215899594,1351578,0.00002580,40.00000000,0
1531215912472,1531215912468,1351579,0.00002579,196.00000000,1
1531215920442,1531215920438,1351580,0.00002579,5741.00000000,1
1531215920442,1531215920438,1351581,0.00002578,309.00000000,1
1531215920442,1531215920438,1351582,0.00002577,443.00000000,1
1531215933185,1531215933182,1351583,0.00002583,104.00000000,0
1531215952496,1531215952493,1351584,0.00002578,40.00000000,1
1531216001727,1531216001721,1351585,0.00002585,81.00000000,0
1531216013623,1531216013617,1351586,0.00002585,71.00000000,0
1531216013623,1531216013617,1351587,0.00002586,47.00000000,0
1531216085800,1531216085796,1351588,0.00002585,38.00000000,0
1531216228447,1531216228442,1351589,0.00002585,100.00000000,0
1531216229779,1531216229774,1351590,0.00002585,387.00000000,1
1531216230798,1531216230792,1351591,0.00002585,387.00000000,1
1531216231278,1531216231274,1351592,0.00002585,1159.00000000,1
1531216232641,1531216232638,1351593,0.00002585,288.00000000,1
1531216351966,1531216351962,1351594,0.00002580,116.00000000,1
1531216351966,1531216351962,1351595,0.00002579,154.00000000,1
1531216399100,1531216399096,1351596,0.00002581,387.00000000,0
1531216616076,1531216616072,1351597,0.00002581,1.00000000,0
1531216642353,1531216642348,1351598,0.00002579,43.00000000,0
1531216664090,1531216664086,1351599,0.00002579,988.00000000,0
1531216671084,1531216671080,1351600,0.00002579,515.00000000,0
1531216671710,1531216671706,1351601,0.00002581,126.00000000,0
1531216675169,1531216675164,1351602,0.00002581,38.00000000,0
1531216679723,1531216679720,1351603,0.00002581,1296.00000000,0
1531216742000,1531216741996,1351604,0.00002581,1.00000000,0
1531216762394,1531216762387,1351605,0.00002581,96.00000000,0
1531216764055,1531216764051,1351606,0.00002581,3.00000000,0
1531216768165,1531216768160,1351607,0.00002577,4.00000000,1
1531216861613,1531216861608,1351608,0.00002577,1934.00000000,1
1531216861613,1531216861608,1351609,0.00002576,363.00000000,1
1531216861613,1531216861608,1351610,0.00002574,157.00000000,1
1531216861613,1531216861608,1351611,0.00002573,1415.00000000,1
1531216889114,1531216889109,1351612,0.00002572,320.00000000,1
1531216889114,1531216889109,1351613,0.00002571,278.00000000,1
1531216889114,1531216889109,1351614,0.00002570,468.00000000,1
1531216889114,1531216889109,1351615,0.00002569,117.00000000,1
1531216889114,1531216889109,1351616,0.00002568,5808.00000000,1
1531216902654,1531216902650,1351617,0.00002567,79.00000000,1
1531216912195,1531216912190,1351618,0.00002569,613.00000000,0
1531216914302,1531216914298,1351619,0.00002568,2555.00000000,1
1531216914302,1531216914298,1351620,0.00002567,107.00000000,1
1531216920110,1531216920107,1351621,0.00002573,78.00000000,0
1531216922900,1531216922895,1351622,0.00002568,40.00000000,1
1531216926110,1531216926105,1351623,0.00002579,116.00000000,0
1531216934394,1531216934391,1351624,0.00002580,309.00000000,0
1531216941834,1531216941830,1351625,0.00002572,40.00000000,1
1531216942262,1531216942257,1351626,0.00002572,67.00000000,1
1531216942858,1531216942854,1351627,0.00002573,116.00000000,1
1531216942858,1531216942854,1351628,0.00002572,2.00000000,1
1531216943647,1531216943644,1351629,0.00002572,158.00000000,1
1531216950438,1531216950433,1351630,0.00002578,7.00000000,0
1531216976138,1531216976133,1351631,0.00002578,43.00000000,0
1531217031993,1531217031987,1351632,0.00002576,143.00000000,0
1531217035393,1531217035388,1351633,0.00002577,38.00000000,0
1531217040235,1531217040231,1351634,0.00002577,98.00000000,0
1531217093336,1531217093331,1351635,0.00002576,49.00000000,1
1531217095247,1531217095242,1351636,0.00002576,42.00000000,0
1531217103123,1531217103119,1351637,0.00002576,35.00000000,0
1531217124715,1531217124709,1351638,0.00002575,116.00000000,0
1531217133984,1531217133979,1351639,0.00002576,62.00000000,0
1531217144090,1531217144086,1351640,0.00002576,67.00000000,0
1531217152617,1531217152613,1351641,0.00002576,1529.00000000,0
1531217152724,1531217152720,1351642,0.00002576,1597.00000000,0
1531217152844,1531217152840,1351643,0.00002576,1203.00000000,0
1531217198682,1531217198678,1351644,0.00002573,116.00000000,1
1531217198682,1531217198678,1351645,0.00002572,310.00000000,1
1531217198682,1531217198678,1351646,0.00002568,1671.00000000,1
1531217206032,1531217206025,1351647,0.00002568,889.00000000,1
1531217206032,1531217206025,1351648,0.00002567,1329.00000000,1
1531217206032,1531217206025,1351649,0.00002566,197.00000000,1
1531217206032,1531217206025,1351650,0.00002564,460.00000000,1
1531217206032,1531217206025,1351651,0.00002563,653.00000000,1
1531217206032,1531217206025,1351652,0.00002562,126.00000000,1
1531217214189,1531217214185,1351653,0.00002562,54.00000000,1
1531217214217,1531217214213,1351654,0.00002562,55.00000000,0
1531217214234,1531217214230,1351655,0.00002562,55.00000000,0
1531217214241,1531217214236,1351656,0.00002562,55.00000000,0
1531217214249,1531217214244,1351657,0.00002562,55.00000000,0
1531217214250,1531217214245,1351658,0.00002562,55.00000000,0
1531217214253,1531217214249,1351659,0.00002562,398.00000000,0
1531217241299,1531217241295,1351660,0.00002575,116.00000000,0
1531217264269,1531217264265,1351661,0.00002567,40.00000000,1
1531217264345,1531217264340,1351662,0.00002567,40.00000000,1
1531217265102,1531217265098,1351663,0.00002567,40.00000000,1
1531217285050,1531217285045,1351664,0.00002565,473.00000000,1
1531217285553,1531217285549,1351665,0.00002565,40.00000000,1
1531217304145,1531217304141,1351666,0.00002573,38.00000000,0
1531217305252,1531217305248,1351667,0.00002565,40.00000000,1
1531217343754,1531217343751,1351668,0.00002573,10.00000000,0
1531217348642,1531217348638,1351669,0.00002573,4.00000000,0
1531217353684,1531217353681,1351670,0.00002568,86.00000000,0
1531217353961,1531217353957,1351671,0.00002572,64.00000000,0
1531217353961,1531217353957,1351672,0.00002573,316.00000000,0
1531217358094,1531217358091,1351673,0.00002573,65.00000000,0
1531217365236,1531217365232,1351674,0.00002570,42.00000000,1
1531217384606,1531217384601,1351675,0.00002573,19.00000000,0
1531217384939,1531217384934,1351676,0.00002573,101.00000000,0
1531217385099,1531217385094,1351677,0.00002573,12.00000000,0
1531217385728,1531217385723,1351678,0.00002573,27.00000000,0
1531217386467,1531217386463,1351679,0.00002573,24.00000000,0
1531217387756,1531217387752,1351680,0.00002573,8.00000000,0
1531217388247,1531217388244,1351681,0.00002573,26.00000000,0
1531217390415,1531217390411,1351682,0.00002573,33.00000000,0
1531217390895,1531217390890,1351683,0.00002573,16.00000000,0
1531217391546,1531217391542,1351684,0.00002573,21.00000000,0
1531217391738,1531217391734,1351685,0.00002573,23.00000000,0
1531217392509,1531217392505,1351686,0.00002573,16.00000000,0
1531217393262,1531217393256,1351687,0.00002573,16.00000000,0
1531217393401,1531217393396,1351688,0.00002573,16.00000000,0
1531217393608,1531217393604,1351689,0.00002573,22.00000000,0
1531217394564,1531217394560,1351690,0.00002573,12.00000000,0
1531217395087,1531217395083,1351691,0.00002573,18.00000000,0
1531217395742,1531217395738,1351692,0.00002573,27.00000000,0
1531217396252,1531217396249,1351693,0.00002573,14.00000000,0
1531217396933,1531217396929,1351694,0.00002573,16.00000000,0
1531217397398,1531217397393,1351695,0.00002573,32.00000000,0
1531217397942,1531217397936,1351696,0.00002573,13.00000000,0
1531217398417,1531217398410,1351697,0.00002573,32.00000000,0
1531217398884,1531217398880,1351698,0.00002573,8.00000000,0
1531217399067,1531217399061,1351699,0.00002573,9.00000000,0
1531217399067,1531217399061,1351700,0.00002576,5.00000000,0
1531217399321,1531217399316,1351701,0.00002576,8.00000000,0
1531217399516,1531217399512,1351702,0.00002576,15.00000000,0
1531217399820,1531217399815,1351703,0.00002576,18.00000000,0
1531217401196,1531217401192,1351704,0.00002576,16.00000000,0
1531217410410,1531217410405,1351705,0.00002576,1.00000000,0
1531217465760,1531217465754,1351706,0.00002570,23.00000000,1
1531217465760,1531217465754,1351707,0.00002566,116.00000000,1
1531217465760,1531217465754,1351708,0.00002563,3547.00000000,1
1531217474616,1531217474611,1351709,0.00002565,2608.00000000,1
1531217490244,1531217490240,1351710,0.00002562,2104.00000000,1
1531217491206,1531217491200,1351711,0.00002562,58.00000000,0
1531217496279,1531217496274,1351712,0.00002562,65.00000000,0
1531217516177,1531217516174,1351713,0.00002567,99.00000000,0
1531217519122,1531217519119,1351714,0.00002567,17.00000000,0
1531217519122,1531217519119,1351715,0.00002568,25.00000000,0
1531217519197,1531217519192,1351716,0.00002568,1.00000000,0
1531217539674,1531217539671,1351717,0.00002568,285.00000000,0
1531217543332,1531217543327,1351718,0.00002568,502.00000000,0
1531217544936,1531217544932,1351719,0.00002568,13.00000000,0
1531217564374,1531217564370,1351720,0.00002561,43.00000000,1
1531217573661,1531217573656,1351721,0.00002571,89.00000000,0
1531217577048,1531217577043,1351722,0.00002561,2497.00000000,1
1531217578086,1531217578081,1351723,0.00002561,390.00000000,0
1531217579333,1531217579329,1351724,0.00002561,648.00000000,0
1531217579627,1531217579623,1351725,0.00002561,337.00000000,0
1531217582881,1531217582877,1351726,0.00002561,613.00000000,0
1531217584066,1531217584062,1351727,0.00002565,42.00000000,0
1531217585410,1531217585406,1351728,0.00002565,52.00000000,0
1531217585410,1531217585406,1351729,0.00002566,428.00000000,0
1531217585410,1531217585406,1351730,0.00002569,1069.00000000,0
1531217621713,1531217621708,1351731,0.00002569,3.00000000,0
1531217626637,1531217626633,1351732,0.00002569,122.00000000,0
1531217628787,1531217628783,1351733,0.00002560,40.00000000,1
1531217644425,1531217644421,1351734,0.00002562,42.00000000,0
1531217656810,1531217656803,1351735,0.00002560,77.00000000,1
1531217656810,1531217656803,1351736,0.00002559,157.00000000,1
1531217656810,1531217656803,1351737,0.00002558,109.00000000,1
1531217659862,1531217659859,1351738,0.00002558,5.00000000,1
1531217659905,1531217659902,1351739,0.00002558,7.00000000,1
1531217659931,1531217659927,1351740,0.00002558,7.00000000,1
1531217660082,1531217660078,1351741,0.00002558,6.00000000,1
1531217660318,1531217660313,1351742,0.00002558,6.00000000,1
1531217660395,1531217660391,1351743,0.00002558,6.00000000,1
1531217670993,1531217670989,1351744,0.00002562,2.00000000,0
1531217676689,1531217676685,1351745,0.00002562,1.00000000,0
1531217684377,1531217684372,1351746,0.00002558,344.00000000,1
1531217690288,1531217690284,1351747,0.00002558,79.00000000,1
1531217694114,1531217694109,1351748,0.00002558,309.00000000,1
1531217705186,1531217705180,1351749,0.00002562,42.00000000,0
1531217720633,1531217720629,1351750,0.00002558,2010.00000000,1
1531217722738,1531217722733,1351751,0.00002562,512.00000000,0
1531217728822,1531217728817,1351752,0.00002564,79.00000000,0
1531217755463,1531217755459,1351753,0.00002563,1920.00000000,0
1531217761228,1531217761224,1351754,0.00002563,433.00000000,0
1531217768084,1531217768080,1351755,0.00002564,1800.00000000,0
1531217789069,1531217789064,1351756,0.00002564,42.00000000,0
1531217821243,1531217821240,1351757,0.00002564,1530.00000000,0
1531217829969,1531217829966,1351758,0.00002569,8.00000000,0
1531217854658,1531217854654,1351759,0.00002564,66.00000000,1
1531217854747,1531217854744,1351760,0.00002564,4.00000000,1
1531217856805,1531217856801,1351761,0.00002561,117.00000000,1
1531217857144,1531217857140,1351762,0.00002558,463.00000000,1
1531217858210,1531217858206,1351763,0.00002558,795.00000000,1
1531217858897,1531217858891,1351764,0.00002558,4848.00000000,1
1531217858999,1531217858996,1351765,0.00002557,11.00000000,1
1531217859237,1531217859233,1351766,0.00002557,11.00000000,1
1531217859712,1531217859708,1351767,0.00002557,10.00000000,1
1531217860035,1531217860031,1351768,0.00002558,163.00000000,0
1531217860112,1531217860109,1351769,0.00002557,77.00000000,1
1531217860205,1531217860200,1351770,0.00002558,32.00000000,0
1531217860243,1531217860239,1351771,0.00002558,11.00000000,0
1531217860243,1531217860239,1351772,0.00002559,21.00000000,0
1531217860280,1531217860276,1351773,0.00002559,32.00000000,0
1531217860308,1531217860304,1351774,0.00002559,57.00000000,0
1531217860333,1531217860328,1351775,0.00002559,39.00000000,0
1531217860393,1531217860389,1351776,0.00002559,57.00000000,0
1531217860423,1531217860419,1351777,0.00002559,42.00000000,0
1531217860473,1531217860467,1351778,0.00002559,42.00000000,0
1531217860508,1531217860501,1351779,0.00002559,42.00000000,0
1531217860541,1531217860536,1351780,0.00002559,42.00000000,0
1531217860670,1531217860665,1351781,0.00002559,42.00000000,0
1531217860903,1531217860898,1351782,0.00002559,48.00000000,0
1531217860903,1531217860898,1351783,0.00002560,2.00000000,0
1531217875462,1531217875457,1351784,0.00002557,344.00000000,1
1531217898219,1531217898214,1351785,0.00002563,85.00000000,0
1531217913043,1531217913037,1351786,0.00002558,400.00000000,1
1531217927640,1531217927637,1351787,0.00002558,3462.00000000,1
1531217929218,1531217929213,1351788,0.00002557,192.00000000,1
1531217932700,1531217932696,1351789,0.00002558,40.00000000,0
1531217932700,1531217932696,1351790,0.00002560,11.00000000,0
1531217932747,1531217932743,1351791,0.00002560,51.00000000,0
1531217932784,1531217932780,1351792,0.00002560,51.00000000,0
1531217932832,1531217932828,1351793,0.00002560,51.00000000,0
1531217932854,1531217932850,1351794,0.00002560,51.00000000,0
1531217932889,1531217932884,1351795,0.00002560,51.00000000,0
1531217932925,1531217932921,1351796,0.00002560,48.00000000,0
1531217933022,1531217933018,1351797,0.00002560,51.00000000,0
1531217933193,1531217933189,1351798,0.00002560,51.00000000,0
1531217933250,1531217933246,1351799,0.00002560,44.00000000,0
1531217933336,1531217933331,1351800,0.00002560,85.00000000,0
1531217933357,1531217933353,1351801,0.00002560,51.00000000,0
1531217933441,1531217933437,1351802,0.00002558,40.00000000,0
1531217933441,1531217933437,1351803,0.00002560,11.00000000,0
1531217933569,1531217933564,1351804,0.00002560,6.00000000,0
1531217933569,1531217933564,1351805,0.00002566,42.00000000,0
1531217941453,1531217941448,1351806,0.00002565,68.00000000,0
1531217942510,1531217942505,1351807,0.00002565,67.00000000,0
1531217947586,1531217947581,1351808,0.00002565,202.00000000,0
1531217950598,1531217950592,1351809,0.00002565,1.00000000,0
1531217961763,1531217961759,1351810,0.00002565,59.00000000,0
1531217973279,1531217973275,1351811,0.00002565,260.00000000,0
1531218042822,1531218042818,1351812,0.00002565,139.00000000,0
1531218055407,1531218055403,1351813,0.00002565,90.00000000,0
1531218061021,1531218061017,1351814,0.00002565,90.00000000,0
1531218067271,1531218067267,1351815,0.00002565,216.00000000,0
1531218073699,1531218073695,1351816,0.00002566,269.00000000,0
1531218083114,1531218083109,1351817,0.00002567,133.00000000,0
1531218083115,1531218083111,1351818,0.00002567,133.00000000,0
1531218083134,1531218083130,1351819,0.00002567,132.00000000,0
1531218083134,1531218083130,1351820,0.00002569,52.00000000,0
1531218088651,1531218088646,1351821,0.00002568,56.00000000,0
1531218088746,1531218088743,1351822,0.00002568,56.00000000,0
1531218096775,1531218096770,1351823,0.00002566,2665.00000000,0
1531218096957,1531218096952,1351824,0.00002559,1327.00000000,1
1531218116722,1531218116717,1351825,0.00002559,1077.00000000,1
1531218131331,1531218131327,1351826,0.00002558,11.00000000,1
1531218131563,1531218131559,1351827,0.00002558,11.00000000,1
1531218131754,1531218131749,1351828,0.00002558,10.00000000,1
1531218171787,1531218171782,1351829,0.00002559,650.00000000,0
1531218172150,1531218172145,1351830,0.00002559,227.00000000,0
1531218172616,1531218172612,1351831,0.00002559,442.00000000,0
1531218173846,1531218173841,1351832,0.00002559,323.00000000,0
1531218174528,1531218174524,1351833,0.00002558,53.00000000,1
1531218174562,1531218174557,1351834,0.00002558,340.00000000,0
1531218175895,1531218175891,1351835,0.00002558,3.00000000,0
1531218175895,1531218175891,1351836,0.00002560,39.00000000,0
1531218175938,1531218175933,1351837,0.00002560,57.00000000,0
1531218175970,1531218175965,1351838,0.00002560,57.00000000,0
1531218176047,1531218176042,1351839,0.00002560,57.00000000,0
1531218185685,1531218185681,1351840,0.00002563,515.00000000,0
1531218204321,1531218204317,1351841,0.00002564,8.00000000,0
1531218204998,1531218204994,1351842,0.00002564,1.00000000,0
1531218222650,1531218222646,1351843,0.00002564,39.00000000,0
1531218241081,1531218241075,1351844,0.00002564,4.00000000,0
1531218242778,1531218242774,1351845,0.00002564,1.00000000,0
1531218271666,1531218271662,1351846,0.00002564,42.00000000,0
1531218272604,1531218272599,1351847,0.00002558,117.00000000,1
1531218272604,1531218272599,1351848,0.00002557,2.00000000,1
1531218279703,1531218279698,1351849,0.00002557,732.00000000,1
1531218304648,1531218304644,1351850,0.00002557,264.00000000,1
1531218305428,1531218305424,1351851,0.00002557,268.00000000,1
1531218320963,1531218320957,1351852,0.00002557,379.00000000,1
1531218320963,1531218320957,1351853,0.00002556,728.00000000,1
1531218327331,1531218327326,1351854,0.00002564,117.00000000,0
1531218327331,1531218327326,1351855,0.00002565,254.00000000,0
1531218333855,1531218333852,1351856,0.00002557,117.00000000,1
1531218333855,1531218333852,1351857,0.00002556,103.00000000,1
1531218355127,1531218355122,1351858,0.00002564,1.00000000,0
1531218382060,1531218382056,1351859,0.00002563,42.00000000,0
1531218443665,1531218443660,1351860,0.00002562,1201.00000000,0
1531218469481,1531218469477,1351861,0.00002556,517.00000000,1
1531218480232,1531218480228,1351862,0.00002562,50.00000000,0
1531218503269,1531218503264,1351863,0.00002562,67.00000000,0
1531218503269,1531218503264,1351864,0.00002563,17.00000000,0
1531218503269,1531218503264,1351865,0.00002565,1028.00000000,0
1531218503269,1531218503264,1351866,0.00002568,2302.00000000,0
1531218503306,1531218503301,1351867,0.00002568,256.00000000,1
1531218517626,1531218517620,1351868,0.00002569,39.00000000,0
1531218562450,1531218562444,1351869,0.00002569,530.00000000,0
1531218562450,1531218562444,1351870,0.00002571,830.00000000,0
1531218574293,1531218574288,1351871,0.00002571,24.00000000,0
1531218599281,1531218599276,1351872,0.00002568,42.00000000,1
1531218601613,1531218601609,1351873,0.00002571,49.00000000,0
1531218603426,1531218603420,1351874,0.00002568,1040.00000000,1
1531218603436,1531218603432,1351875,0.00002568,117.00000000,1
1531218605337,1531218605333,1351876,0.00002568,26.00000000,1
1531218605994,1531218605990,1351877,0.00002568,8.00000000,1
1531218607088,1531218607084,1351878,0.00002568,33.00000000,1
1531218607389,1531218607384,1351879,0.00002568,1470.00000000,1
1531218607616,1531218607612,1351880,0.00002563,36.00000000,1
1531218607898,1531218607894,1351881,0.00002563,33.00000000,1
1531218608770,1531218608766,1351882,0.00002564,16.00000000,1
1531218609472,1531218609467,1351883,0.00002564,21.00000000,1
1531218610184,1531218610179,1351884,0.00002564,18.00000000,1
1531218610866,1531218610861,1351885,0.00002564,16.00000000,1
1531218611602,1531218611597,1351886,0.00002564,15.00000000,1
1531218612140,1531218612136,1351887,0.00002564,24.00000000,1
1531218612788,1531218612783,1351888,0.00002564,7.00000000,1
1531218612788,1531218612783,1351889,0.00002563,10.00000000,1
1531218613256,1531218613252,1351890,0.00002563,27.00000000,1
1531218613732,1531218613728,1351891,0.00002563,12.00000000,1
1531218614263,1531218614258,1351892,0.00002563,8.00000000,1
1531218615022,1531218615017,1351893,0.00002563,101.00000000,1
1531218615687,1531218615683,1351894,0.00002563,14.00000000,1
1531218616331,1531218616325,1351895,0.00002563,8.00000000,1
1531218617581,1531218617577,1351896,0.00002563,32.00000000,1
1531218618257,1531218618251,1351897,0.00002563,13.00000000,1
1531218618713,1531218618710,1351898,0.00002563,15.00000000,1
1531218619210,1531218619205,1351899,0.00002568,3.00000000,0
1531218619355,1531218619349,1351900,0.00002563,32.00000000,1
1531218620097,1531218620093,1351901,0.00002563,20.00000000,1
1531218620555,1531218620549,1351902,0.00002563,16.00000000,1
1531218621136,1531218621130,1351903,0.00002563,17.00000000,1
1531218621829,1531218621825,1351904,0.00002563,12.00000000,1
1531218622428,1531218622423,1351905,0.00002563,27.00000000,1
1531218623300,1531218623297,1351906,0.00002563,18.00000000,1
1531218623713,1531218623708,1351907,0.00002563,16.00000000,1
1531218624208,1531218624203,1351908,0.00002570,117.00000000,0
1531218624208,1531218624203,1351909,0.00002571,451.00000000,0
1531218624208,1531218624203,1351910,0.00002563,18.00000000,1
1531218625145,1531218625139,1351911,0.00002564,12.00000000,1
1531218625667,1531218625662,1351912,0.00002564,22.00000000,1
1531218626022,1531218626017,1351913,0.00002564,28.00000000,1
1531218626553,1531218626548,1351914,0.00002564,16.00000000,1
1531218627228,1531218627223,1351915,0.00002564,16.00000000,1
1531218627752,1531218627748,1351916,0.00002564,16.00000000,1
1531218628629,1531218628624,1351917,0.00002564,7.00000000,1
1531218628629,1531218628624,1351918,0.00002562,16.00000000,1
1531218696191,1531218696187,1351919,0.00002570,4.00000000,0
1531218698464,1531218698459,1351920,0.00002570,2.00000000,0
1531218709154,1531218709149,1351921,0.00002570,1793.00000000,0
1531218712620,1531218712615,1351922,0.00002563,28.00000000,1
1531218743469,1531218743464,1351923,0.00002570,1657.00000000,0
1531218779901,1531218779896,1351924,0.00002571,1.00000000,0
1531218859959,1531218859954,1351925,0.00002571,40.00000000,0
1531218862982,1531218862978,1351926,0.00002571,1.00000000,0
1531218880954,1531218880949,1351927,0.00002563,43.00000000,1
1531218931378,1531218931372,1351928,0.00002563,881.00000000,1
1531218989409,1531218989397,1351929,0.00002563,1456.00000000,1
1531218989409,1531218989397,1351930,0.00002562,295.00000000,1
1531218989409,1531218989397,1351931,0.00002558,860.00000000,1
1531218989409,1531218989397,1351932,0.00002557,1228.00000000,1
1531218989409,1531218989397,1351933,0.00002555,300.00000000,1
1531218989409,1531218989397,1351934,0.00002554,2660.00000000,1
1531218989409,1531218989397,1351935,0.00002553,677.00000000,1
1531218989409,1531218989397,1351936,0.00002552,24218.00000000,1
1531218989409,1531218989397,1351937,0.00002551,2533.00000000,1
1531218989409,1531218989397,1351938,0.00002550,40329.00000000,1
1531218989411,1531218989397,1351939,0.00002549,202.00000000,1
1531218989411,1531218989397,1351940,0.00002548,1921.00000000,1
1531218989411,1531218989397,1351941,0.00002547,119.00000000,1
1531218989411,1531218989397,1351942,0.00002546,82.00000000,1
1531218989411,1531218989397,1351943,0.00002545,218.00000000,1
1531218989411,1531218989397,1351944,0.00002544,446.00000000,1
1531218989411,1531218989397,1351945,0.00002543,1034.00000000,1
1531218989411,1531218989397,1351946,0.00002542,1629.00000000,1
1531218989411,1531218989397,1351947,0.00002542,500.00000000,1
1531218989411,1531218989397,1351948,0.00002542,1800.00000000,1
1531218991700,1531218991696,1351949,0.00002562,321.00000000,0
1531218994425,1531218994418,1351950,0.00002558,2113.00000000,1
1531218994425,1531218994418,1351951,0.00002557,481.00000000,1
1531218994425,1531218994418,1351952,0.00002555,42.00000000,1
1531218994425,1531218994418,1351953,0.00002550,32590.00000000,1
1531218994425,1531218994418,1351954,0.00002549,21539.00000000,1
1531218994425,1531218994418,1351955,0.00002542,35663.00000000,1
1531218994442,1531218994438,1351956,0.00002542,761.00000000,0
1531218995724,1531218995720,1351957,0.00002545,6.00000000,1
1531218995749,1531218995744,1351958,0.00002545,6.00000000,1
1531218995788,1531218995783,1351959,0.00002545,7.00000000,1
1531218995820,1531218995815,1351960,0.00002545,7.00000000,1
1531218996025,1531218996019,1351961,0.00002545,6.00000000,1
1531218996101,1531218996096,1351962,0.00002545,5.00000000,1
1531218998499,1531218998494,1351963,0.00002550,143.00000000,1
1531218998499,1531218998494,1351964,0.00002547,8593.00000000,1
1531218998499,1531218998494,1351965,0.00002546,14618.00000000,1
1531218998638,1531218998634,1351966,0.00002562,1026.00000000,0
1531218999739,1531218999733,1351967,0.00002561,326.00000000,0
1531219002321,1531219002316,1351968,0.00002551,117.00000000,1
1531219002321,1531219002316,1351969,0.00002550,313.00000000,1
1531219002321,1531219002316,1351970,0.00002546,14112.00000000,1
1531219002382,1531219002378,1351971,0.00002544,204.00000000,0
1531219002500,1531219002494,1351972,0.00002561,204.00000000,0
1531219005620,1531219005615,1351973,0.00002559,117.00000000,0
1531219005762,1531219005756,1351974,0.00002552,2388.00000000,1
1531219005762,1531219005756,1351975,0.00002550,313.00000000,1
1531219005762,1531219005756,1351976,0.00002548,619.00000000,1
1531219005762,1531219005756,1351977,0.00002544,204.00000000,1
1531219005762,1531219005756,1351978,0.00002542,381.00000000,1
1531219005762,1531219005756,1351979,0.00002541,20111.00000000,1
1531219005773,1531219005767,1351980,0.00002541,746.00000000,0
1531219007273,1531219007269,1351981,0.00002560,42.00000000,0
1531219007414,1531219007409,1351982,0.00002560,1600.00000000,0
1531219010173,1531219010166,1351983,0.00002548,127.00000000,1
1531219010173,1531219010166,1351984,0.00002546,2810.00000000,1
1531219010173,1531219010166,1351985,0.00002540,5662.00000000,1
1531219010173,1531219010166,1351986,0.00002539,22967.00000000,1
1531219011642,1531219011638,1351987,0.00002557,461.00000000,0
1531219012074,1531219012071,1351988,0.00002549,2278.00000000,1
1531219013112,1531219013108,1351989,0.00002556,51.00000000,0
1531219014126,1531219014120,1351990,0.00002549,685.00000000,1
1531219014126,1531219014120,1351991,0.00002539,3216.00000000,1
1531219014126,1531219014120,1351992,0.00002538,531.00000000,1
1531219014126,1531219014120,1351993,0.00002537,48.00000000,1
1531219014126,1531219014120,1351994,0.00002536,1790.00000000,1
1531219014138,1531219014134,1351995,0.00002536,3700.00000000,0
1531219016646,1531219016642,1351996,0.00002550,230.00000000,0
1531219017429,1531219017425,1351997,0.00002551,76.00000000,0
1531219018145,1531219018139,1351998,0.00002551,1.00000000,0
1531219018153,1531219018147,1351999,0.00002542,551.00000000,1
1531219018153,1531219018147,1352000,0.00002541,168.00000000,1
1531219018153,1531219018147,1352001,0.00002538,134.00000000,1
1531219018153,1531219018147,1352002,0.00002537,28599.00000000,1
1531219018153,1531219018147,1352003,0.00002536,234.00000000,1
1531219018298,1531219018293,1352004,0.00002551,119.00000000,0
1531219018674,1531219018670,1352005,0.00002552,236.00000000,0
1531219019180,1531219019176,1352006,0.00002552,223.00000000,0
1531219019416,1531219019412,1352007,0.00002552,144.00000000,0
1531219019965,1531219019959,1352008,0.00002552,383.00000000,0
1531219020487,1531219020482,1352009,0.00002551,77.00000000,1
1531219021034,1531219021031,1352010,0.00002546,167.00000000,0
1531219021034,1531219021031,1352011,0.00002552,111.00000000,0
1531219021632,1531219021628,1352012,0.00002551,134.00000000,0
1531219021632,1531219021628,1352013,0.00002552,1400.00000000,0
1531219022516,1531219022512,1352014,0.00002552,80.00000000,1
1531219022584,1531219022578,1352015,0.00002553,42.00000000,0
1531219022609,1531219022604,1352016,0.00002553,42.00000000,0
1531219023005,1531219023000,1352017,0.00002553,56.00000000,0
1531219023600,1531219023595,1352018,0.00002552,87.00000000,1
1531219023720,1531219023716,1352019,0.00002552,83.00000000,1
1531219023878,1531219023873,1352020,0.00002552,427.00000000,1
1531219024644,1531219024640,1352021,0.00002552,495.00000000,0
1531219025440,1531219025433,1352022,0.00002542,50.00000000,1
1531219025440,1531219025433,1352023,0.00002541,80.00000000,1
1531219025440,1531219025433,1352024,0.00002540,113.00000000,1
1531219025440,1531219025433,1352025,0.00002536,728.00000000,1
1531219025440,1531219025433,1352026,0.00002535,1143.00000000,1
1531219025440,1531219025433,1352027,0.00002534,572.00000000,1
1531219025451,1531219025446,1352028,0.00002534,547.00000000,0
1531219028901,1531219028895,1352029,0.00002542,103.00000000,1
1531219028901,1531219028895,1352030,0.00002541,100.00000000,1
1531219028901,1531219028895,1352031,0.00002540,255.00000000,1
1531219028901,1531219028895,1352032,0.00002535,126.00000000,1
1531219028901,1531219028895,1352033,0.00002534,667.00000000,1
1531219028913,1531219028906,1352034,0.00002534,2142.00000000,0
1531219028914,1531219028908,1352035,0.00002534,1516.00000000,0
1531219028914,1531219028908,1352036,0.00002546,485.00000000,0
1531219028914,1531219028908,1352037,0.00002550,141.00000000,0
1531219029998,1531219029993,1352038,0.00002550,51.00000000,0
1531219030511,1531219030506,1352039,0.00002545,244.00000000,0
1531219030626,1531219030621,1352040,0.00002550,22.00000000,0
1531219030644,1531219030638,1352041,0.00002550,29.00000000,0
1531219030644,1531219030638,1352042,0.00002551,391.00000000,0
1531219030644,1531219030638,1352043,0.00002553,96.00000000,0
1531219030644,1531219030638,1352044,0.00002563,36.00000000,0
1531219030783,1531219030779,1352045,0.00002563,51.00000000,0
1531219030903,1531219030898,1352046,0.00002563,51.00000000,0
1531219030948,1531219030945,1352047,0.00002550,5.00000000,1
1531219030995,1531219030989,1352048,0.00002550,6.00000000,1
1531219031091,1531219031087,1352049,0.00002550,6.00000000,1
1531219031125,1531219031120,1352050,0.00002550,7.00000000,1
1531219031135,1531219031131,1352051,0.00002563,40.00000000,0
1531219031163,1531219031159,1352052,0.00002550,7.00000000,1
1531219031226,1531219031223,1352053,0.00002550,6.00000000,1
1531219032028,1531219032022,1352054,0.00002550,207.00000000,1
1531219032028,1531219032022,1352055,0.00002542,1081.00000000,1
1531219033028,1531219033023,1352056,0.00002548,313.00000000,1
1531219033028,1531219033023,1352057,0.00002542,1337.00000000,1
1531219033028,1531219033023,1352058,0.00002535,839.00000000,1
1531219033028,1531219033023,1352059,0.00002534,3953.00000000,1
1531219033028,1531219033023,1352060,0.00002533,1526.00000000,1
1531219036086,1531219036082,1352061,0.00002537,7.00000000,1
1531219036299,1531219036295,1352062,0.00002537,6.00000000,1
1531219036350,1531219036346,1352063,0.00002537,7.00000000,1
1531219036410,1531219036405,1352064,0.00002537,6.00000000,1
1531219036446,1531219036441,1352065,0.00002539,6.00000000,1
1531219036475,1531219036471,1352066,0.00002539,5.00000000,1
1531219036660,1531219036652,1352067,0.00002552,313.00000000,0
1531219036660,1531219036652,1352068,0.00002556,117.00000000,0
1531219036672,1531219036667,1352069,0.00002556,313.00000000,0
1531219036928,1531219036924,1352070,0.00002556,484.00000000,0
1531219037652,1531219037648,1352071,0.00002542,26.00000000,1
1531219037967,1531219037961,1352072,0.00002555,3953.00000000,0
1531219037967,1531219037961,1352073,0.00002556,51.00000000,0
1531219037967,1531219037961,1352074,0.00002558,13219.00000000,0
1531219042662,1531219042658,1352075,0.00002546,40.00000000,1
1531219042860,1531219042855,1352076,0.00002546,561.00000000,1
1531219042860,1531219042855,1352077,0.00002545,162.00000000,1
1531219042860,1531219042855,1352078,0.00002544,74.00000000,1
1531219042876,1531219042872,1352079,0.00002544,40.00000000,1
1531219043275,1531219043271,1352080,0.00002544,200.00000000,1
1531219043303,1531219043298,1352081,0.00002544,40.00000000,1
1531219043619,1531219043614,1352082,0.00002544,40.00000000,1
1531219043740,1531219043735,1352083,0.00002544,40.00000000,1
1531219043741,1531219043736,1352084,0.00002544,120.00000000,1
1531219043755,1531219043750,1352085,0.00002544,285.00000000,1
1531219043755,1531219043750,1352086,0.00002542,193.00000000,1
1531219043755,1531219043752,1352087,0.00002542,40.00000000,1
1531219044120,1531219044115,1352088,0.00002543,40.00000000,1
1531219044181,1531219044175,1352089,0.00002543,40.00000000,1
1531219044297,1531219044292,1352090,0.00002543,26.00000000,1
1531219044297,1531219044292,1352091,0.00002542,42.00000000,1
1531219046660,1531219046656,1352092,0.00002549,288.00000000,0
1531219046802,1531219046797,1352093,0.00002550,162.00000000,0
1531219046802,1531219046797,1352094,0.00002551,6.00000000,0
1531219049298,1531219049293,1352095,0.00002547,189.00000000,1
1531219049298,1531219049293,1352096,0.00002546,286.00000000,1
1531219049865,1531219049860,1352097,0.00002546,133.00000000,1
1531219049865,1531219049860,1352098,0.00002543,213.00000000,1
1531219050252,1531219050248,1352099,0.00002543,372.00000000,1
1531219050980,1531219050976,1352100,0.00002543,373.00000000,1
1531219051458,1531219051453,1352101,0.00002552,179.00000000,0
1531219051678,1531219051673,1352102,0.00002544,77.00000000,1
1531219051678,1531219051673,1352103,0.00002543,295.00000000,1
1531219052255,1531219052251,1352104,0.00002552,2.00000000,0
1531219052535,1531219052531,1352105,0.00002552,4.00000000,0
1531219057257,1531219057253,1352106,0.00002545,2145.00000000,1
1531219057257,1531219057253,1352107,0.00002544,52.00000000,1
1531219057257,1531219057253,1352108,0.00002533,1103.00000000,1
1531219058675,1531219058671,1352109,0.00002550,52.00000000,0
1531219063372,1531219063367,1352110,0.00002545,159.00000000,0
1531219063372,1531219063367,1352111,0.00002549,187.00000000,0
1531219063372,1531219063367,1352112,0.00002550,71.00000000,0
1531219065170,1531219065165,1352113,0.00002550,242.00000000,0
1531219078853,1531219078849,1352114,0.00002548,80.00000000,1
1531219082354,1531219082349,1352115,0.00002554,144.00000000,0
1531219083635,1531219083630,1352116,0.00002553,42.00000000,0
1531219083865,1531219083860,1352117,0.00002548,40.00000000,1
1531219084429,1531219084424,1352118,0.00002548,80.00000000,1
1531219084859,1531219084854,1352119,0.00002548,476.00000000,1
1531219090297,1531219090293,1352120,0.00002551,275.00000000,0
1531219090705,1531219090701,1352121,0.00002552,1081.00000000,0
1531219096446,1531219096440,1352122,0.00002552,923.00000000,0
1531219106383,1531219106377,1352123,0.00002551,275.00000000,1
1531219106383,1531219106377,1352124,0.00002550,70.00000000,1
1531219107382,1531219107377,1352125,0.00002553,76.00000000,0
1531219107650,1531219107644,1352126,0.00002554,79.00000000,0
1531219107650,1531219107644,1352127,0.00002556,65.00000000,0
1531219117818,1531219117814,1352128,0.00002550,63.00000000,1
1531219118527,1531219118519,1352129,0.00002557,39.00000000,0
1531219128195,1531219128191,1352130,0.00002550,43.00000000,1
1531219134982,1531219134978,1352131,0.00002556,720.00000000,0
1531219155423,1531219155417,1352132,0.00002557,174.00000000,0
1531219171150,1531219171145,1352133,0.00002557,139.00000000,0
1531219176049,1531219176041,1352134,0.00002550,3274.00000000,1
1531219176049,1531219176041,1352135,0.00002548,313.00000000,1
1531219176049,1531219176041,1352136,0.00002545,720.00000000,1
1531219176049,1531219176041,1352137,0.00002540,239.00000000,1
1531219176049,1531219176041,1352138,0.00002539,205.00000000,1
1531219176049,1531219176041,1352139,0.00002538,87.00000000,1
1531219176049,1531219176041,1352140,0.00002535,100.00000000,1
1531219176049,1531219176041,1352141,0.00002533,3002.00000000,1
1531219189629,1531219189623,1352142,0.00002553,40.00000000,0
1531219191296,1531219191293,1352143,0.00002552,1.00000000,0
1531219193621,1531219193615,1352144,0.00002551,247.00000000,0
1531219195182,1531219195176,1352145,0.00002552,239.00000000,0
1531219196265,1531219196258,1352146,0.00002552,320.00000000,0
1531219205468,1531219205463,1352147,0.00002545,40.00000000,1
1531219206373,1531219206367,1352148,0.00002545,80.00000000,1
1531219209427,1531219209421,1352149,0.00002553,120.00000000,0
1531219209427,1531219209421,1352150,0.00002554,251.00000000,0
1531219210085,1531219210080,1352151,0.00002554,61.00000000,0
1531219216055,1531219216051,1352152,0.00002555,962.00000000,0
1531219218681,1531219218676,1352153,0.00002554,50.00000000,1
1531219218681,1531219218676,1352154,0.00002548,189.00000000,1
1531219219122,1531219219117,1352155,0.00002548,281.00000000,1
1531219222340,1531219222335,1352156,0.00002551,79.00000000,0
1531219223081,1531219223077,1352157,0.00002555,851.00000000,0
1531219223672,1531219223667,1352158,0.00002558,783.00000000,0
1531219230326,1531219230321,1352159,0.00002557,100.00000000,0
1531219234916,1531219234912,1352160,0.00002551,43.00000000,1
1531219245496,1531219245491,1352161,0.00002556,19641.00000000,0
1531219263125,1531219263120,1352162,0.00002551,152.00000000,1
1531219285256,1531219285248,1352163,0.00002551,22.00000000,1
1531219286921,1531219286915,1352164,0.00002556,19059.00000000,0
1531219287340,1531219287335,1352165,0.00002551,98.00000000,1
1531219302629,1531219302624,1352166,0.00002556,308.00000000,0
1531219322940,1531219322936,1352167,0.00002556,2300.00000000,0
1531219345068,1531219345063,1352168,0.00002555,2091.00000000,0
1531219351083,1531219351078,1352169,0.00002554,9003.00000000,0
1531219364946,1531219364940,1352170,0.00002554,5997.00000000,0
1531219373026,1531219373021,1352171,0.00002555,39.00000000,0
1531219373209,1531219373203,1352172,0.00002555,10349.00000000,0
1531219394480,1531219394475,1352173,0.00002555,482.00000000,0
1531219394709,1531219394704,1352174,0.00002555,1000.00000000,0
1531219400259,1531219400253,1352175,0.00002555,50.00000000,0
1531219407538,1531219407534,1352176,0.00002556,79.00000000,0
1531219409109,1531219409103,1352177,0.00002556,2906.00000000,0
1531219409529,1531219409524,1352178,0.00002556,22.00000000,0
1531219411693,1531219411688,1352179,0.00002556,2132.00000000,0
1531219430875,1531219430871,1352180,0.00002556,1427.00000000,0
1531219441798,1531219441795,1352181,0.00002556,7.00000000,0
1531219455752,1531219455746,1352182,0.00002556,5961.00000000,0
1531219461226,1531219461221,1352183,0.00002556,166.00000000,0
1531219461711,1531219461708,1352184,0.00002551,2134.00000000,1
1531219474110,1531219474106,1352185,0.00002557,5.00000000,0
1531219477824,1531219477819,1352186,0.00002555,283.00000000,0
1531219569897,1531219569892,1352187,0.00002558,11.00000000,0
1531219593605,1531219593598,1352188,0.00002548,18.00000000,1
1531219594307,1531219594301,1352189,0.00002548,18.00000000,1
1531219595044,1531219595040,1352190,0.00002548,18.00000000,1
1531219603906,1531219603901,1352191,0.00002556,45.00000000,0
1531219603906,1531219603901,1352192,0.00002557,210.00000000,0
1531219606794,1531219606789,1352193,0.00002548,239.00000000,1
1531219606794,1531219606789,1352194,0.00002547,66.00000000,1
1531219612431,1531219612426,1352195,0.00002557,249.00000000,0
1531219626888,1531219626883,1352196,0.00002557,8.00000000,0
1531219626888,1531219626883,1352197,0.00002558,31.00000000,0
1531219662062,1531219662057,1352198,0.00002558,5.00000000,0
1531219740085,1531219740079,1352199,0.00002558,1027.00000000,0
1531219776831,1531219776828,1352200,0.00002555,29.00000000,0
1531219789544,1531219789539,1352201,0.00002555,189.00000000,0
1531219805972,1531219805968,1352202,0.00002548,162.00000000,1
1531219815489,1531219815487,1352203,0.00002554,162.00000000,0
1531219815489,1531219815487,1352204,0.00002555,6143.00000000,0
1531219848210,1531219848205,1352205,0.00002554,4855.00000000,0
1531219858681,1531219858676,1352206,0.00002555,350.00000000,0
1531219859496,1531219859492,1352207,0.00002555,450.00000000,1
1531219861519,1531219861514,1352208,0.00002548,22.00000000,1
1531219862317,1531219862313,1352209,0.00002548,22.00000000,1
1531219883660,1531219883655,1352210,0.00002555,39.00000000,0
1531219886949,1531219886944,1352211,0.00002555,424.00000000,0
1531219919832,1531219919826,1352212,0.00002556,581.00000000,0
1531219995751,1531219995746,1352213,0.00002556,18.00000000,0
1531219995751,1531219995746,1352214,0.00002558,199.00000000,0
1531219995769,1531219995766,1352215,0.00002558,219.00000000,0
1531219996994,1531219996989,1352216,0.00002556,40.00000000,1
1531219997090,1531219997085,1352217,0.00002556,2.00000000,1
1531220075251,1531220075246,1352218,0.00002556,42.00000000,0
1531220114142,1531220114136,1352219,0.00002556,1.00000000,0
1531220123247,1531220123242,1352220,0.00002556,42.00000000,0
1531220158351,1531220158346,1352221,0.00002548,749.00000000,1
1531220158711,1531220158706,1352222,0.00002548,22.00000000,0
1531220158755,1531220158751,1352223,0.00002548,2163.00000000,0
1531220159526,1531220159521,1352224,0.00002548,337.00000000,0
1531220162354,1531220162352,1352225,0.00002545,7.00000000,1
1531220162688,1531220162683,1352226,0.00002554,150.00000000,0
1531220162688,1531220162683,1352227,0.00002555,2935.00000000,0
1531220163776,1531220163771,1352228,0.00002555,240.00000000,0
1531220163776,1531220163771,1352229,0.00002556,416.00000000,0
1531220166859,1531220166854,1352230,0.00002556,39.00000000,0
1531220178434,1531220178428,1352231,0.00002556,253.00000000,0
1531220237875,1531220237871,1352232,0.00002556,1.00000000,0
1531220257032,1531220257028,1352233,0.00002556,5.00000000,0
1531220271118,1531220271112,1352234,0.00002556,1.00000000,0
1531220355696,1531220355691,1352235,0.00002556,24.00000000,0
1531220385108,1531220385103,1352236,0.00002556,63.00000000,0
1531220434548,1531220434543,1352237,0.00002548,17.00000000,1
1531220438204,1531220438200,1352238,0.00002556,42.00000000,0
1531220449102,1531220449097,1352239,0.00002556,500.00000000,0
1531220454125,1531220454121,1352240,0.00002556,17.00000000,0
1531220458268,1531220458261,1352241,0.00002556,668.00000000,0
1531220458268,1531220458261,1352242,0.00002558,613.00000000,0
1531220458268,1531220458261,1352243,0.00002560,312.00000000,0
1531220458268,1531220458261,1352244,0.00002563,261.00000000,0
1531220458268,1531220458261,1352245,0.00002564,3108.00000000,0
1531220461939,1531220461935,1352246,0.00002551,16.00000000,1
1531220462349,1531220462345,1352247,0.00002551,12.00000000,1
1531220462853,1531220462849,1352248,0.00002551,14.00000000,1
1531220463393,1531220463389,1352249,0.00002551,16.00000000,1
1531220463952,1531220463947,1352250,0.00002552,18.00000000,1
1531220475900,1531220475893,1352251,0.00002561,7.00000000,0
1531220510984,1531220510980,1352252,0.00002561,168.00000000,0
1531220522588,1531220522584,1352253,0.00002561,30.00000000,0
1531220534429,1531220534424,1352254,0.00002554,322.00000000,0
1531220534429,1531220534424,1352255,0.00002556,740.00000000,0
1531220553409,1531220553405,1352256,0.00002560,27.00000000,0
1531220555225,1531220555221,1352257,0.00002560,42.00000000,0
1531220573971,1531220573965,1352258,0.00002560,243.00000000,0
1531220573971,1531220573965,1352259,0.00002561,178.00000000,0
1531220573971,1531220573965,1352260,0.00002564,57.00000000,0
1531220606245,1531220606242,1352261,0.00002555,78.00000000,1
1531220637604,1531220637599,1352262,0.00002558,40.00000000,0
1531220646436,1531220646434,1352263,0.00002558,40.00000000,0
1531220683294,1531220683289,1352264,0.00002558,33.00000000,0
1531220683294,1531220683289,1352265,0.00002559,9.00000000,0
1531220690407,1531220690403,1352266,0.00002559,1.00000000,0
1531220699449,1531220699444,1352267,0.00002559,4845.00000000,0
1531220710416,1531220710411,1352268,0.00002558,40.00000000,0
1531220731510,1531220731504,1352269,0.00002558,4.00000000,0
1531220731510,1531220731504,1352270,0.00002559,145.00000000,0
1531220731510,1531220731504,1352271,0.00002561,236.00000000,0
1531220784702,1531220784697,1352272,0.00002561,51.00000000,0
1531220804048,1531220804043,1352273,0.00002553,117.00000000,1
1531220804073,1531220804069,1352274,0.00002553,108.00000000,0
1531220804107,1531220804101,1352275,0.00002553,108.00000000,0
1531220804599,1531220804595,1352276,0.00002553,1157.00000000,0
1531220828381,1531220828375,1352277,0.00002560,117.00000000,0
1531220828381,1531220828375,1352278,0.00002561,7.00000000,0
1531220828381,1531220828375,1352279,0.00002562,130.00000000,0
1531220871714,1531220871711,1352280,0.00002555,117.00000000,1
1531220871714,1531220871711,1352281,0.00002554,338.00000000,1
1531220872750,1531220872743,1352282,0.00002552,208.00000000,1
1531220903013,1531220903008,1352283,0.00002559,1.00000000,0
1531220911136,1531220911132,1352284,0.00002559,6.00000000,0
1531220919273,1531220919269,1352285,0.00002557,42.00000000,0
1531220966800,1531220966795,1352286,0.00002559,620.00000000,0
1531221012391,1531221012386,1352287,0.00002559,2.00000000,0
1531221043768,1531221043762,1352288,0.00002559,3.00000000,0
1531221063774,1531221063769,1352289,0.00002559,1.00000000,0
1531221081047,1531221081043,1352290,0.00002559,131.00000000,0
1531221118370,1531221118365,1352291,0.00002559,4221.00000000,0
1531221187361,1531221187355,1352292,0.00002560,38.00000000,0
1531221315188,1531221315183,1352293,0.00002555,16.00000000,1
1531221326308,1531221326304,1352294,0.00002560,2.00000000,0
1531221346754,1531221346750,1352295,0.00002560,7.00000000,0
1531221380881,1531221380879,1352296,0.00002555,1366.00000000,1
1531221392396,1531221392391,1352297,0.00002560,90.00000000,0
1531221392396,1531221392391,1352298,0.00002562,6.00000000,0
1531221393086,1531221393080,1352299,0.00002562,316.00000000,0
1531221402599,1531221402595,1352300,0.00002562,201.00000000,0
1531221411060,1531221411054,1352301,0.00002562,182.00000000,0
1531221421276,1531221421273,1352302,0.00002562,268.00000000,0
1531221421999,1531221421994,1352303,0.00002562,406.00000000,0
1531221442853,1531221442851,1352304,0.00002562,271.00000000,0
1531221460914,1531221460909,1352305,0.00002562,155.00000000,0
1531221471050,1531221471046,1352306,0.00002562,44.00000000,0
1531221472608,1531221472604,1352307,0.00002562,71.00000000,0
1531221473388,1531221473383,1352308,0.00002562,1026.00000000,0
1531221501486,1531221501482,1352309,0.00002562,92.00000000,0
1531221502272,1531221502267,1352310,0.00002562,117.00000000,0
1531221507142,1531221507138,1352311,0.00002562,358.00000000,0
1531221512395,1531221512390,1352312,0.00002562,112.00000000,0
1531221515451,1531221515442,1352313,0.00002562,65.00000000,0
1531221516998,1531221516993,1352314,0.00002562,173.00000000,0
1531221521072,1531221521067,1352315,0.00002562,123.00000000,0
1531221531617,1531221531611,1352316,0.00002562,105.00000000,0
1531221538514,1531221538508,1352317,0.00002555,121.00000000,1
1531221551465,1531221551460,1352318,0.00002555,955.00000000,1
1531221551466,1531221551463,1352319,0.00002555,161.00000000,0
1531221551635,1531221551631,1352320,0.00002555,498.00000000,0
1531221569745,1531221569740,1352321,0.00002561,2.00000000,0
1531221571010,1531221571004,1352322,0.00002561,107.00000000,0
1531221598950,1531221598943,1352323,0.00002561,8.00000000,0
1531221598950,1531221598943,1352324,0.00002562,1162.00000000,0
1531221611118,1531221611115,1352325,0.00002562,100.00000000,0
1531221611118,1531221611115,1352326,0.00002563,245.00000000,0
1531221629116,1531221629111,1352327,0.00002561,1054.00000000,1
1531221629116,1531221629111,1352328,0.00002555,16.00000000,1
1531221629763,1531221629756,1352329,0.00002558,42.00000000,1
1531221636856,1531221636850,1352330,0.00002561,3.00000000,0
1531221640800,1531221640797,1352331,0.00002561,390.00000000,0
1531221733015,1531221733011,1352332,0.00002561,200.00000000,0
1531221751275,1531221751271,1352333,0.00002558,43.00000000,1
1531221771427,1531221771422,1352334,0.00002558,760.00000000,1
1531221823863,1531221823858,1352335,0.00002562,321.00000000,0
1531221823863,1531221823858,1352336,0.00002563,69.00000000,0
1531221881736,1531221881731,1352337,0.00002558,157.00000000,1
1531221930459,1531221930454,1352338,0.00002558,49.00000000,1
1531221931258,1531221931254,1352339,0.00002558,393.00000000,1
1531221976722,1531221976718,1352340,0.00002558,491.00000000,1
1531221978692,1531221978688,1352341,0.00002558,24.00000000,1
1531221978692,1531221978688,1352342,0.00002556,101.00000000,1
1531221978692,1531221978688,1352343,0.00002555,312.00000000,1
1531221978692,1531221978688,1352344,0.00002554,406.00000000,1
1531222052681,1531222052675,1352345,0.00002560,114.00000000,0
1531222106220,1531222106215,1352346,0.00002556,760.00000000,1
1531222108801,1531222108797,1352347,0.00002555,114.00000000,1
1531222109474,1531222109472,1352348,0.00002560,423.00000000,0
1531222257586,1531222257582,1352349,0.00002560,117.00000000,0
1531222257586,1531222257582,1352350,0.00002561,536.00000000,0
1531222257769,1531222257764,1352351,0.00002561,33.00000000,0
1531222292665,1531222292660,1352352,0.00002561,3.00000000,0
1531222307931,1531222307926,1352353,0.00002564,10.00000000,0
1531222346402,1531222346399,1352354,0.00002562,3.00000000,0
1531222347600,1531222347596,1352355,0.00002555,1051.00000000,1
1531222380775,1531222380771,1352356,0.00002554,43.00000000,1
1531222380868,1531222380863,1352357,0.00002554,2365.00000000,1
1531222429465,1531222429460,1352358,0.00002554,1843.00000000,1
1531222467502,1531222467498,1352359,0.00002554,43.00000000,1
1531222514388,1531222514384,1352360,0.00002554,4401.00000000,1
1531222515526,1531222515521,1352361,0.00002552,43.00000000,1
1531222517487,1531222517482,1352362,0.00002560,13.00000000,0
1531222561727,1531222561725,1352363,0.00002552,49.00000000,1
1531222641876,1531222641871,1352364,0.00002558,104.00000000,0
1531222641876,1531222641871,1352365,0.00002559,11.00000000,0
1531222662456,1531222662453,1352366,0.00002559,85.00000000,0
1531222677532,1531222677529,1352367,0.00002559,120.00000000,0
1531222678383,1531222678379,1352368,0.00002552,2545.00000000,1
1531222690306,1531222690302,1352369,0.00002551,145.00000000,1
1531222699475,1531222699470,1352370,0.00002551,168.00000000,1
1531222705441,1531222705438,1352371,0.00002550,720.00000000,1
1531222706354,1531222706351,1352372,0.00002557,135.00000000,0
1531222708335,1531222708331,1352373,0.00002557,20.00000000,0
1531222710039,1531222710038,1352374,0.00002547,39.00000000,1
1531222715985,1531222715980,1352375,0.00002557,523.00000000,0
1531222719368,1531222719363,1352376,0.00002557,418.00000000,0
1531222721527,1531222721523,1352377,0.00002557,335.00000000,0
1531222723492,1531222723488,1352378,0.00002557,269.00000000,0
1531222723983,1531222723979,1352379,0.00002547,274.00000000,1
1531222723983,1531222723979,1352380,0.00002546,39.00000000,1
1531222724042,1531222724040,1352381,0.00002546,4961.00000000,1
1531222731018,1531222731015,1352382,0.00002547,57.00000000,0
1531222731084,1531222731080,1352383,0.00002547,45.00000000,0
1531222731199,1531222731195,1352384,0.00002547,36.00000000,0
1531222731214,1531222731210,1352385,0.00002547,57.00000000,0
1531222731287,1531222731283,1352386,0.00002547,37.00000000,0
1531222731313,1531222731310,1352387,0.00002547,42.00000000,0
1531222731343,1531222731338,1352388,0.00002557,42.00000000,0
1531222731614,1531222731611,1352389,0.00002557,42.00000000,0
1531222731666,1531222731663,1352390,0.00002557,42.00000000,0
1531222731718,1531222731714,1352391,0.00002543,191.00000000,1
1531222731718,1531222731714,1352392,0.00002542,78.00000000,1
1531222731736,1531222731732,1352393,0.00002544,31.00000000,0
1531222732364,1531222732360,1352394,0.00002544,383.00000000,0
1531222732429,1531222732426,1352395,0.00002544,222.00000000,0
1531222732604,1531222732600,1352396,0.00002543,121.00000000,0
1531222732604,1531222732600,1352397,0.00002544,277.00000000,0
1531222733856,1531222733851,1352398,0.00002542,9.00000000,1
1531222733856,1531222733851,1352399,0.00002541,80.00000000,1
1531222733856,1531222733851,1352400,0.00002540,241.00000000,1
1531222734860,1531222734856,1352401,0.00002544,141.00000000,0
1531222735843,1531222735839,1352402,0.00002544,171.00000000,0
1531222735848,1531222735844,1352403,0.00002544,406.00000000,0
1531222736005,1531222736000,1352404,0.00002549,313.00000000,0
1531222736005,1531222736000,1352405,0.00002557,264.00000000,0
1531222736081,1531222736076,1352406,0.00002544,6.00000000,1
1531222736214,1531222736212,1352407,0.00002544,165.00000000,1
1531222736560,1531222736555,1352408,0.00002542,7.00000000,1
1531222736569,1531222736565,1352409,0.00002542,7.00000000,1
1531222736867,1531222736863,1352410,0.00002556,551.00000000,0
1531222740154,1531222740151,1352411,0.00002543,203.00000000,1
1531222743670,1531222743667,1352412,0.00002550,238.00000000,1
1531222744451,1531222744448,1352413,0.00002550,7.00000000,1
1531222744564,1531222744560,1352414,0.00002550,154.00000000,1
1531222744615,1531222744610,1352415,0.00002551,33.00000000,0
1531222744833,1531222744829,1352416,0.00002551,8.00000000,0
1531222745178,1531222745175,1352417,0.00002551,26.00000000,0
1531222745815,1531222745811,1352418,0.00002550,392.00000000,1
1531222746311,1531222746306,1352419,0.00002550,60.00000000,1
1531222746386,1531222746382,1352420,0.00002550,2160.00000000,1
1531222755773,1531222755769,1352421,0.00002554,1.00000000,0
1531222756636,1531222756631,1352422,0.00002550,27.00000000,1
1531222761611,1531222761608,1352423,0.00002556,164.00000000,0
1531222782159,1531222782155,1352424,0.00002550,40.00000000,1
1531222783888,1531222783885,1352425,0.00002556,347.00000000,0
1531222785647,1531222785643,1352426,0.00002550,70.00000000,1
1531222803040,1531222803036,1352427,0.00002550,90.00000000,1
1531222803623,1531222803620,1352428,0.00002550,291.00000000,1
1531222804949,1531222804946,1352429,0.00002550,16.00000000,1
1531222809220,1531222809216,1352430,0.00002550,198.00000000,1
1531222811203,1531222811199,1352431,0.00002554,230.00000000,0
1531222813405,1531222813401,1352432,0.00002554,187.00000000,0
1531222815405,1531222815402,1352433,0.00002554,148.00000000,0
1531222817843,1531222817839,1352434,0.00002554,117.00000000,0
1531222820421,1531222820420,1352435,0.00002550,17.00000000,1
1531222820572,1531222820567,1352436,0.00002550,17.00000000,1
1531222821626,1531222821622,1352437,0.00002550,17.00000000,1
1531222821923,1531222821918,1352438,0.00002550,333.00000000,1
1531222822623,1531222822619,1352439,0.00002550,797.00000000,1
1531222822639,1531222822634,1352440,0.00002550,798.00000000,1
1531222822954,1531222822950,1352441,0.00002550,166.00000000,1
1531222823192,1531222823189,1352442,0.00002550,70.00000000,1
1531222823325,1531222823321,1352443,0.00002550,759.00000000,1
1531222824345,1531222824339,1352444,0.00002550,29.00000000,1
1531222825265,1531222825262,1352445,0.00002550,48.00000000,1
1531222828565,1531222828562,1352446,0.00002550,70.00000000,1
1531222842861,1531222842857,1352447,0.00002554,389.00000000,0
1531222843722,1531222843718,1352448,0.00002554,98.00000000,0
1531222843783,1531222843778,1352449,0.00002555,157.00000000,0
1531222846976,1531222846973,1352450,0.00002557,113.00000000,0
1531222847752,1531222847747,1352451,0.00002557,363.00000000,0
1531222851157,1531222851152,1352452,0.00002557,100.00000000,0
1531222854880,1531222854876,1352453,0.00002550,7.00000000,1
1531222854960,1531222854954,1352454,0.00002550,7576.00000000,1
1531222855980,1531222855975,1352455,0.00002550,1343.00000000,1
1531222858240,1531222858236,1352456,0.00002557,243.00000000,0
1531222860324,1531222860320,1352457,0.00002557,214.00000000,1
1531222861626,1531222861623,1352458,0.00002558,282.00000000,0
1531222862115,1531222862112,1352459,0.00002555,117.00000000,0
1531222862115,1531222862112,1352460,0.00002556,17.00000000,0
1531222862877,1531222862873,1352461,0.00002558,30.00000000,0
1531222863145,1531222863142,1352462,0.00002558,104.00000000,1
1531222891406,1531222891403,1352463,0.00002552,30.00000000,1
1531222900013,1531222900010,1352464,0.00002552,87.00000000,1
1531222902353,1531222902349,1352465,0.00002551,100.00000000,1
1531222902353,1531222902349,1352466,0.00002546,66.00000000,1
1531222933247,1531222933243,1352467,0.00002547,90.00000000,0
1531222936452,1531222936448,1352468,0.00002547,126.00000000,0
1531222939060,1531222939055,1352469,0.00002544,157.00000000,1
1531222939060,1531222939055,1352470,0.00002543,720.00000000,1
1531222939060,1531222939055,1352471,0.00002540,2337.00000000,1
1531222939992,1531222939989,1352472,0.00002547,126.00000000,0
1531222944511,1531222944505,1352473,0.00002539,47.00000000,1
1531222947110,1531222947107,1352474,0.00002546,117.00000000,0
1531222947110,1531222947107,1352475,0.00002547,256.00000000,0
1531222950087,1531222950083,1352476,0.00002547,1.00000000,0
1531222953021,1531222953018,1352477,0.00002551,104.00000000,1
1531222958140,1531222958136,1352478,0.00002546,547.00000000,1
1531222958140,1531222958136,1352479,0.00002539,219.00000000,1
1531222958527,1531222958523,1352480,0.00002542,60.00000000,0
1531222959096,1531222959091,1352481,0.00002539,321.00000000,1
1531222961432,1531222961428,1352482,0.00002542,36.00000000,0
1531222961432,1531222961428,1352483,0.00002543,117.00000000,0
1531222963614,1531222963611,1352484,0.00002553,74.00000000,0
1531222973716,1531222973713,1352485,0.00002550,210.00000000,1
1531222977089,1531222977086,1352486,0.00002550,326.00000000,1
1531222995522,1531222995517,1352487,0.00002546,217.00000000,1
1531222995522,1531222995517,1352488,0.00002545,82.00000000,1
1531223004579,1531223004575,1352489,0.00002545,199.00000000,1
1531223005040,1531223005037,1352490,0.00002545,32.00000000,1
1531223007089,1531223007085,1352491,0.00002545,8.00000000,0
1531223012198,1531223012193,1352492,0.00002542,7.00000000,1
1531223018214,1531223018211,1352493,0.00002550,117.00000000,0
1531223018214,1531223018211,1352494,0.00002551,294.00000000,0
1531223064931,1531223064927,1352495,0.00002550,1.00000000,0
1531223075564,1531223075560,1352496,0.00002550,243.00000000,0
1531223075564,1531223075560,1352497,0.00002551,149.00000000,0
1531223110044,1531223110039,1352498,0.00002550,245.00000000,1
1531223117238,1531223117232,1352499,0.00002550,791.00000000,1
1531223119204,1531223119200,1352500,0.00002550,199.00000000,1
1531223128455,1531223128451,1352501,0.00002550,391.00000000,1
1531223236983,1531223236980,1352502,0.00002550,160.00000000,0
1531223237607,1531223237603,1352503,0.00002550,268.00000000,0
1531223249329,1531223249324,1352504,0.00002544,369.00000000,1
1531223265037,1531223265033,1352505,0.00002550,266.00000000,0
1531223275674,1531223275670,1352506,0.00002545,2.00000000,1
1531223290215,1531223290211,1352507,0.00002550,60.00000000,0
1531223298571,1531223298568,1352508,0.00002550,303.00000000,0
1531223369749,1531223369745,1352509,0.00002550,42.00000000,0
1531223411171,1531223411167,1352510,0.00002550,392.00000000,0
1531223414171,1531223414168,1352511,0.00002550,42.00000000,0
1531223417368,1531223417363,1352512,0.00002546,3644.00000000,1
1531223417368,1531223417363,1352513,0.00002545,21703.00000000,1
1531223431141,1531223431138,1352514,0.00002550,230.00000000,0
1531223435032,1531223435027,1352515,0.00002547,260.00000000,0
1531223435115,1531223435111,1352516,0.00002547,353.00000000,0
1531223437170,1531223437165,1352517,0.00002550,42.00000000,0
1531223456152,1531223456149,1352518,0.00002550,42.00000000,0
1531223457308,1531223457304,1352519,0.00002550,1205.00000000,0
1531223457308,1531223457304,1352520,0.00002553,312.00000000,0
1531223457308,1531223457304,1352521,0.00002554,575.00000000,0
1531223460812,1531223460809,1352522,0.00002554,1521.00000000,0
1531223498937,1531223498933,1352523,0.00002551,42.00000000,0
1531223603145,1531223603142,1352524,0.00002555,42.00000000,0
1531223624597,1531223624592,1352525,0.00002550,1205.00000000,1
1531223624597,1531223624592,1352526,0.00002548,2347.00000000,1
1531223630576,1531223630569,1352527,0.00002548,117.00000000,1
1531223630576,1531223630569,1352528,0.00002547,499.00000000,1
1531223686861,1531223686857,1352529,0.00002554,117.00000000,0
1531223686861,1531223686857,1352530,0.00002555,587.00000000,0
1531223686861,1531223686857,1352531,0.00002557,296.00000000,0
1531223696139,1531223696135,1352532,0.00002547,42.00000000,1
1531223722112,1531223722108,1352533,0.00002557,58.00000000,0
1531223725664,1531223725663,1352534,0.00002557,281.00000000,0
1531223730666,1531223730663,1352535,0.00002557,226.00000000,0
1531223740569,1531223740566,1352536,0.00002547,1.00000000,1
1531223742656,1531223742651,1352537,0.00002549,117.00000000,1
1531223742656,1531223742651,1352538,0.00002548,253.00000000,1
1531223742656,1531223742651,1352539,0.00002547,7895.00000000,1
1531223751770,1531223751766,1352540,0.00002555,117.00000000,0
1531223751770,1531223751766,1352541,0.00002556,83.00000000,0
1531223759942,1531223759939,1352542,0.00002548,117.00000000,1
1531223759942,1531223759939,1352543,0.00002547,8148.00000000,1
1531223812262,1531223812259,1352544,0.00002547,1100.00000000,1
1531223828830,1531223828828,1352545,0.00002547,3526.00000000,1
1531223842214,1531223842214,1352546,0.00002552,170.00000000,0
1531223842214,1531223842214,1352547,0.00002553,79.00000000,0
1531223874833,1531223874830,1352548,0.00002549,1335.00000000,0
1531223881078,1531223881079,1352549,0.00002557,183.00000000,0
1531223888147,1531223888141,1352550,0.00002556,148.00000000,0
1531223890251,1531223890247,1352551,0.00002556,117.00000000,0
1531223897821,1531223897818,1352552,0.00002548,26.00000000,1
1531223898493,1531223898489,1352553,0.00002548,31.00000000,1
1531223899858,1531223899855,1352554,0.00002548,70.00000000,1
1531223900833,1531223900828,1352555,0.00002545,33.00000000,1
1531223901713,1531223901709,1352556,0.00002545,13.00000000,1
1531223901943,1531223901940,1352557,0.00002545,220.00000000,1
1531223902949,1531223902944,1352558,0.00002546,61.00000000,1
1531223903628,1531223903623,1352559,0.00002545,25.00000000,1
1531223904534,1531223904529,1352560,0.00002545,45.00000000,1
1531223905332,1531223905331,1352561,0.00002545,13.00000000,1
1531223906097,1531223906093,1352562,0.00002545,21.00000000,1
1531223906800,1531223906797,1352563,0.00002546,33.00000000,1
1531223907457,1531223907454,1352564,0.00002546,19.00000000,1
1531223908710,1531223908707,1352565,0.00002546,16.00000000,1
1531223909070,1531223909067,1352566,0.00002546,32.00000000,1
1531223909625,1531223909621,1352567,0.00002546,22.00000000,1
1531223910014,1531223910010,1352568,0.00002546,26.00000000,1
1531223910758,1531223910754,1352569,0.00002546,114.00000000,1
1531223911470,1531223911467,1352570,0.00002546,12.00000000,1
1531223912110,1531223912107,1352571,0.00002546,16.00000000,1
1531223912828,1531223912825,1352572,0.00002546,15.00000000,1
1531223913773,1531223913769,1352573,0.00002546,161.00000000,1
1531223914432,1531223914429,1352574,0.00002546,32.00000000,1
1531223915130,1531223915127,1352575,0.00002546,35.00000000,1
1531223915799,1531223915796,1352576,0.00002546,17.00000000,1
1531223916689,1531223916685,1352577,0.00002546,26.00000000,1
1531223917417,1531223917412,1352578,0.00002546,10.00000000,1
1531223918084,1531223918084,1352579,0.00002546,16.00000000,1
1531223919060,1531223919058,1352580,0.00002546,17.00000000,1
1531223920100,1531223920097,1352581,0.00002546,15.00000000,1
1531223920881,1531223920878,1352582,0.00002546,23.00000000,1
1531223923852,1531223923849,1352583,0.00002553,61.00000000,0
1531223923852,1531223923849,1352584,0.00002554,64.00000000,0
1531223995777,1531223995773,1352585,0.00002554,31.00000000,0
1531223995777,1531223995773,1352586,0.00002555,360.00000000,0
1531223997653,1531223997650,1352587,0.00002555,215.00000000,0
1531223999918,1531223999915,1352588,0.00002555,172.00000000,0
1531224020656,1531224020653,1352589,0.00002548,63.00000000,1
1531224020656,1531224020653,1352590,0.00002547,7.00000000,1
1531224047088,1531224047084,1352591,0.00002549,2.00000000,1
1531224068481,1531224068477,1352592,0.00002549,12.00000000,1
1531224154684,1531224154681,1352593,0.00002549,136.00000000,1
1531224157386,1531224157388,1352594,0.00002555,9.00000000,0
1531224163764,1531224163763,1352595,0.00002547,88.00000000,1
1531224170402,1531224170398,1352596,0.00002546,504.00000000,1
1531224179505,1531224179502,1352597,0.00002554,90.00000000,0
1531224213486,1531224213482,1352598,0.00002554,27.00000000,0
1531224213486,1531224213482,1352599,0.00002555,600.00000000,0
1531224217367,1531224217364,1352600,0.00002549,43.00000000,1
1531224227850,1531224227849,1352601,0.00002552,1377.00000000,1
1531224238023,1531224238020,1352602,0.00002552,191.00000000,1
1531224293435,1531224293430,1352603,0.00002552,137.00000000,0
1531224297095,1531224297091,1352604,0.00002552,42.00000000,0
1531224301991,1531224301987,1352605,0.00002552,1733.00000000,0
1531224303411,1531224303408,1352606,0.00002552,579.00000000,0
1531224312424,1531224312421,1352607,0.00002552,230.00000000,0
1531224318455,1531224318451,1352608,0.00002552,129.00000000,0
1531224324337,1531224324333,1352609,0.00002552,97.00000000,0
1531224327896,1531224327894,1352610,0.00002552,395.00000000,0
1531224328853,1531224328850,1352611,0.00002552,3.00000000,0
1531224339902,1531224339898,1352612,0.00002552,317.00000000,0
1531224347372,1531224347369,1352613,0.00002552,540.00000000,0
1531224349506,1531224349502,1352614,0.00002552,56.00000000,0
1531224353097,1531224353094,1352615,0.00002552,128.00000000,0
1531224377351,1531224377348,1352616,0.00002552,50.00000000,0
1531224382531,1531224382526,1352617,0.00002552,391.00000000,0
1531224395583,1531224395580,1352618,0.00002552,351.00000000,0
1531224395608,1531224395605,1352619,0.00002552,251.00000000,0
1531224395645,1531224395640,1352620,0.00002552,351.00000000,0
1531224395658,1531224395658,1352621,0.00002552,351.00000000,0
1531224395667,1531224395663,1352622,0.00002552,351.00000000,0
1531224401078,1531224401078,1352623,0.00002552,191.00000000,0
1531224416291,1531224416289,1352624,0.00002552,3263.00000000,0
1531224419858,1531224419858,1352625,0.00002552,3164.00000000,0
1531224421126,1531224421123,1352626,0.00002552,87.00000000,0
1531224427555,1531224427555,1352627,0.00002551,769.00000000,1
1531224451202,1531224451205,1352628,0.00002552,92.00000000,0
1531224452379,1531224452376,1352629,0.00002552,79.00000000,0
1531224461303,1531224461299,1352630,0.00002552,1272.00000000,0
1531224473383,1531224473380,1352631,0.00002551,1094.00000000,1
1531224473402,1531224473398,1352632,0.00002551,264.00000000,1
1531224473402,1531224473398,1352633,0.00002550,1000.00000000,1
1531224473402,1531224473398,1352634,0.00002549,85.00000000,1
1531224473402,1531224473398,1352635,0.00002548,9.00000000,1
1531224473452,1531224473450,1352636,0.00002549,1568.00000000,0
1531224481301,1531224481299,1352637,0.00002549,67.00000000,0
1531224490556,1531224490553,1352638,0.00002549,1017.00000000,0
1531224497572,1531224497568,1352639,0.00002549,767.00000000,1
1531224499159,1531224499155,1352640,0.00002549,383.00000000,1
1531224501651,1531224501649,1352641,0.00002552,80.00000000,0
1531224511005,1531224511001,1352642,0.00002548,45.00000000,1
1531224511005,1531224511001,1352643,0.00002547,1063.00000000,1
1531224516796,1531224516793,1352644,0.00002545,43.00000000,1
1531224522778,1531224522774,1352645,0.00002545,2389.00000000,1
1531224528069,1531224528066,1352646,0.00002545,2162.00000000,1
1531224531306,1531224531303,1352647,0.00002551,1.00000000,0
1531224541436,1531224541433,1352648,0.00002551,73.00000000,0
1531224564897,1531224564895,1352649,0.00002546,43.00000000,1
1531224568747,1531224568743,1352650,0.00002551,43.00000000,0
1531224568747,1531224568743,1352651,0.00002552,29.00000000,0
1531224656208,1531224656203,1352652,0.00002546,43.00000000,1
1531224682508,1531224682505,1352653,0.00002552,40.00000000,0
1531224698718,1531224698714,1352654,0.00002552,1.00000000,0
1531224707601,1531224707598,1352655,0.00002546,247.00000000,1
1531224711210,1531224711205,1352656,0.00002552,3.00000000,0
1531224713374,1531224713371,1352657,0.00002552,1571.00000000,0
1531224719056,1531224719052,1352658,0.00002552,506.00000000,0
1531224721643,1531224721639,1352659,0.00002546,43.00000000,1
1531224746396,1531224746394,1352660,0.00002552,40.00000000,0
1531224763210,1531224763207,1352661,0.00002546,43.00000000,1
1531224769061,1531224769058,1352662,0.00002546,3.00000000,1
1531224805450,1531224805446,1352663,0.00002546,2358.00000000,1
1531224805450,1531224805446,1352664,0.00002545,32322.00000000,1
1531224847632,1531224847628,1352665,0.00002545,43.00000000,1
1531224852488,1531224852485,1352666,0.00002552,2695.00000000,0
1531224852816,1531224852819,1352667,0.00002552,1500.00000000,0
1531224853290,1531224853287,1352668,0.00002552,2578.00000000,0
1531224854544,1531224854539,1352669,0.00002552,3160.00000000,0
1531224880091,1531224880094,1352670,0.00002548,100.00000000,1
1531224881085,1531224881082,1352671,0.00002547,1633.00000000,1
1531224881314,1531224881312,1352672,0.00002552,2587.00000000,0
1531224888459,1531224888456,1352673,0.00002552,2587.00000000,0
1531224890462,1531224890460,1352674,0.00002552,1.00000000,0
1531224896721,1531224896717,1352675,0.00002547,73.00000000,1
1531224896934,1531224896932,1352676,0.00002552,50.00000000,0
1531224898550,1531224898546,1352677,0.00002552,43.00000000,0
1531224905522,1531224905519,1352678,0.00002547,26.00000000,1
1531224942442,1531224942446,1352679,0.00002552,3.00000000,0
1531224986228,1531224986225,1352680,0.00002552,78.00000000,0
1531224996106,1531224996103,1352681,0.00002552,91.00000000,0
1531225043614,1531225043610,1352682,0.00002546,220.00000000,1
1531225045807,1531225045803,1352683,0.00002546,176.00000000,1
1531225048797,1531225048793,1352684,0.00002546,141.00000000,1
1531225054654,1531225054650,1352685,0.00002546,112.00000000,1
1531225058639,1531225058637,1352686,0.00002546,90.00000000,1
1531225060916,1531225060913,1352687,0.00002546,72.00000000,1
1531225062710,1531225062706,1352688,0.00002546,58.00000000,1
1531225064972,1531225064975,1352689,0.00002546,46.00000000,1
1531225075171,1531225075173,1352690,0.00002552,4.00000000,0
1531225078861,1531225078858,1352691,0.00002546,195.00000000,1
1531225080961,1531225080957,1352692,0.00002546,156.00000000,1
1531225083077,1531225083080,1352693,0.00002546,125.00000000,1
1531225085102,1531225085097,1352694,0.00002546,100.00000000,1
1531225086504,1531225086503,1352695,0.00002551,1049.00000000,0
1531225087080,1531225087077,1352696,0.00002546,80.00000000,1
1531225087195,1531225087191,1352697,0.00002551,392.00000000,0
1531225087807,1531225087804,1352698,0.00002551,1501.00000000,0
1531225089091,1531225089088,1352699,0.00002546,64.00000000,1
1531225091045,1531225091041,1352700,0.00002546,51.00000000,1
1531225095330,1531225095326,1352701,0.00002546,41.00000000,1
1531225105450,1531225105446,1352702,0.00002546,52.00000000,1
1531225107482,1531225107478,1352703,0.00002546,42.00000000,1
1531225111208,1531225111205,1352704,0.00002546,98.00000000,1
1531225111372,1531225111367,1352705,0.00002545,650.00000000,1
1531225112810,1531225112807,1352706,0.00002545,11520.00000000,1
1531225113478,1531225113475,1352707,0.00002545,615.00000000,1
1531225115591,1531225115588,1352708,0.00002545,650.00000000,1
1531225117707,1531225117704,1352709,0.00002545,650.00000000,1
1531225119789,1531225119786,1352710,0.00002545,650.00000000,1
1531225121917,1531225121915,1352711,0.00002545,650.00000000,1
1531225125737,1531225125733,1352712,0.00002545,93.00000000,1
1531225142880,1531225142876,1352713,0.00002546,1.00000000,0
1531225165127,1531225165124,1352714,0.00002545,782.00000000,1
1531225187043,1531225187041,1352715,0.00002545,43.00000000,1
1531225195811,1531225195808,1352716,0.00002546,121.00000000,0
1531225195811,1531225195808,1352717,0.00002552,185.00000000,0
1531225207120,1531225207117,1352718,0.00002552,147.00000000,0
1531225207447,1531225207443,1352719,0.00002552,1.00000000,0
1531225210924,1531225210921,1352720,0.00002546,43.00000000,1
1531225243307,1531225243303,1352721,0.00002552,39.00000000,0
1531225296153,1531225296151,1352722,0.00002552,42.00000000,0
1531225314323,1531225314325,1352723,0.00002551,159.00000000,0
1531225338234,1531225338233,1352724,0.00002551,2.00000000,0
1531225344345,1531225344340,1352725,0.00002551,3.00000000,0
1531225393454,1531225393449,1352726,0.00002546,43.00000000,1
1531225404496,1531225404493,1352727,0.00002546,35.00000000,1
1531225404496,1531225404493,1352728,0.00002545,24530.00000000,1
1531225407797,1531225407794,1352729,0.00002545,6695.00000000,1
1531225412161,1531225412164,1352730,0.00002551,42.00000000,0
1531225432438,1531225432434,1352731,0.00002551,1.00000000,0
1531225436148,1531225436144,1352732,0.00002551,42.00000000,0
1531225438026,1531225438022,1352733,0.00002545,47669.00000000,1
1531225439952,1531225439948,1352734,0.00002546,100.00000000,1
1531225439952,1531225439948,1352735,0.00002545,2550.00000000,1
1531225446029,1531225446031,1352736,0.00002545,878.00000000,1
1531225463222,1531225463219,1352737,0.00002545,397.00000000,1
1531225463269,1531225463265,1352738,0.00002545,1140.00000000,1
1531225463322,1531225463317,1352739,0.00002545,1140.00000000,1
1531225463571,1531225463568,1352740,0.00002545,912.00000000,1
1531225463842,1531225463837,1352741,0.00002545,49.00000000,1
1531225463842,1531225463837,1352742,0.00002544,163.00000000,1
1531225470258,1531225470252,1352743,0.00002544,196.00000000,1
1531225470258,1531225470252,1352744,0.00002542,1228.00000000,1
1531225470258,1531225470252,1352745,0.00002541,613.00000000,1
1531225470258,1531225470252,1352746,0.00002539,157.00000000,1
1531225470258,1531225470252,1352747,0.00002538,1056.00000000,1
1531225471587,1531225471584,1352748,0.00002538,6.00000000,1
1531225504958,1531225504956,1352749,0.00002539,94.00000000,1
1531225508957,1531225508960,1352750,0.00002548,61.00000000,0
1531225509006,1531225509002,1352751,0.00002548,33.00000000,0
1531225509006,1531225509002,1352752,0.00002549,27.00000000,0
1531225520780,1531225520776,1352753,0.00002549,81.00000000,0
1531225523969,1531225523965,1352754,0.00002549,39.00000000,0
1531225550076,1531225550073,1352755,0.00002541,43.00000000,1
1531225558540,1531225558531,1352756,0.00002542,43.00000000,1
1531225558540,1531225558531,1352757,0.00002541,52.00000000,1
1531225558540,1531225558531,1352758,0.00002540,2185.00000000,1
1531225558540,1531225558531,1352759,0.00002538,1948.00000000,1
1531225558540,1531225558531,1352760,0.00002537,8356.00000000,1
1531225558540,1531225558531,1352761,0.00002536,87.00000000,1
1531225558540,1531225558531,1352762,0.00002534,424.00000000,1
1531225558540,1531225558531,1352763,0.00002533,235.00000000,1
1531225558540,1531225558531,1352764,0.00002532,3547.00000000,1
1531225558540,1531225558531,1352765,0.00002531,135.00000000,1
1531225558540,1531225558531,1352766,0.00002530,299.00000000,1
1531225558540,1531225558531,1352767,0.00002528,178.00000000,1
1531225558540,1531225558531,1352768,0.00002527,837.00000000,1
1531225558540,1531225558531,1352769,0.00002526,40.00000000,1
1531225558540,1531225558531,1352770,0.00002525,46.00000000,1
1531225558540,1531225558531,1352771,0.00002524,151.00000000,1
1531225558540,1531225558531,1352772,0.00002523,1244.00000000,1
1531225558540,1531225558531,1352773,0.00002522,31602.00000000,1
1531225558563,1531225558562,1352774,0.00002522,277.00000000,0
1531225558645,1531225558641,1352775,0.00002521,92.00000000,1
1531225563609,1531225563606,1352776,0.00002532,6.00000000,1
1531225563643,1531225563638,1352777,0.00002532,7.00000000,1
1531225563695,1531225563692,1352778,0.00002532,7.00000000,1
1531225563732,1531225563730,1352779,0.00002532,7.00000000,1
1531225563861,1531225563857,1352780,0.00002533,5.00000000,1
1531225569072,1531225569068,1352781,0.00002534,2533.00000000,1
1531225580816,1531225580812,1352782,0.00002535,46.00000000,1
1531225585590,1531225585587,1352783,0.00002543,177.00000000,0
1531225586429,1531225586420,1352784,0.00002535,2760.00000000,1
1531225586429,1531225586420,1352785,0.00002534,7519.00000000,1
1531225586429,1531225586420,1352786,0.00002531,134.00000000,1
1531225586429,1531225586420,1352787,0.00002528,3725.00000000,1
1531225586429,1531225586420,1352788,0.00002525,507.00000000,1
1531225586429,1531225586420,1352789,0.00002522,10166.00000000,1
1531225586429,1531225586420,1352790,0.00002521,611.00000000,1
1531225586429,1531225586420,1352791,0.00002520,39682.00000000,1
1531225586429,1531225586420,1352792,0.00002519,296.00000000,1
1531225586429,1531225586420,1352793,0.00002518,2101.00000000,1
1531225586429,1531225586420,1352794,0.00002517,757.00000000,1
1531225586429,1531225586420,1352795,0.00002516,1260.00000000,1
1531225586429,1531225586420,1352796,0.00002515,677.00000000,1
1531225586429,1531225586420,1352797,0.00002514,36376.00000000,1
1531225587346,1531225587342,1352798,0.00002536,132.00000000,1
1531225587346,1531225587342,1352799,0.00002522,811.00000000,1
1531225588020,1531225588017,1352800,0.00002535,315.00000000,0
1531225588023,1531225588019,1352801,0.00002535,1.00000000,0
1531225588023,1531225588019,1352802,0.00002538,315.00000000,0
1531225588395,1531225588391,1352803,0.00002526,77.00000000,1
1531225589525,1531225589520,1352804,0.00002534,138.00000000,0
1531225589525,1531225589520,1352805,0.00002535,245.00000000,0
1531225590161,1531225590157,1352806,0.00002538,55.00000000,0
1531225590192,1531225590189,1352807,0.00002538,51.00000000,0
1531225590220,1531225590217,1352808,0.00002538,178.00000000,0
1531225590258,1531225590254,1352809,0.00002538,51.00000000,0
1531225590377,1531225590376,1352810,0.00002538,51.00000000,0
1531225592616,1531225592618,1352811,0.00002537,80.00000000,1
1531225593680,1531225593678,1352812,0.00002538,1598.00000000,0
1531225599951,1531225599949,1352813,0.00002538,509.00000000,1
1531225602162,1531225602158,1352814,0.00002544,28.00000000,0
1531225602188,1531225602184,1352815,0.00002544,130.00000000,0
1531225602188,1531225602184,1352816,0.00002546,313.00000000,0
1531225602188,1531225602184,1352817,0.00002547,58.00000000,0
1531225602242,1531225602238,1352818,0.00002547,23.00000000,0
1531225602281,1531225602277,1352819,0.00002547,16.00000000,0
1531225602501,1531225602498,1352820,0.00002547,16.00000000,0
1531225602681,1531225602679,1352821,0.00002547,22.00000000,0
1531225602726,1531225602723,1352822,0.00002547,16.00000000,0
1531225602774,1531225602770,1352823,0.00002547,28.00000000,0
1531225602780,1531225602776,1352824,0.00002547,18.00000000,0
1531225602849,1531225602847,1352825,0.00002547,16.00000000,0
1531225602878,1531225602875,1352826,0.00002547,12.00000000,0
1531225602908,1531225602904,1352827,0.00002547,12.00000000,0
1531225602908,1531225602904,1352828,0.00002548,6.00000000,0
1531225603137,1531225603138,1352829,0.00002547,27.00000000,0
1531225607117,1531225607114,1352830,0.00002539,43.00000000,1
1531225609983,1531225609979,1352831,0.00002539,60.00000000,1
1531225610051,1531225610048,1352832,0.00002543,12.00000000,0
1531225610180,1531225610178,1352833,0.00002543,17.00000000,0
1531225610375,1531225610372,1352834,0.00002543,16.00000000,0
1531225610625,1531225610622,1352835,0.00002543,20.00000000,0
1531225610629,1531225610625,1352836,0.00002543,14.00000000,0
1531225610629,1531225610625,1352837,0.00002547,18.00000000,0
1531225610667,1531225610663,1352838,0.00002547,15.00000000,0
1531225610714,1531225610710,1352839,0.00002547,13.00000000,0
1531225610800,1531225610796,1352840,0.00002547,17.00000000,0
1531225610855,1531225610852,1352841,0.00002547,24.00000000,0
1531225610873,1531225610870,1352842,0.00002539,40.00000000,1
1531225611000,1531225610995,1352843,0.00002547,16.00000000,0
1531225611029,1531225611026,1352844,0.00002547,18.00000000,0
1531225611051,1531225611046,1352845,0.00002539,40.00000000,1
1531225611210,1531225611207,1352846,0.00002539,40.00000000,1
1531225611276,1531225611272,1352847,0.00002539,40.00000000,1
1531225611303,1531225611299,1352848,0.00002539,40.00000000,1
1531225611334,1531225611330,1352849,0.00002539,44.00000000,1
1531225613868,1531225613864,1352850,0.00002538,127.00000000,1
1531225615514,1531225615508,1352851,0.00002539,935.00000000,0
1531225616651,1531225616647,1352852,0.00002539,29.00000000,0
1531225617194,1531225617190,1352853,0.00002544,21.00000000,1
1531225617194,1531225617190,1352854,0.00002538,979.00000000,1
1531225619955,1531225619951,1352855,0.00002546,60.00000000,0
1531225620183,1531225620179,1352856,0.00002546,15.00000000,0
1531225620852,1531225620852,1352857,0.00002546,21.00000000,0
1531225621526,1531225621522,1352858,0.00002546,16.00000000,0
1531225632577,1531225632573,1352859,0.00002539,149.00000000,1
1531225632577,1531225632573,1352860,0.00002538,718.00000000,1
1531225632577,1531225632573,1352861,0.00002536,314.00000000,1
1531225652552,1531225652551,1352862,0.00002536,1.00000000,1
1531225654371,1531225654368,1352863,0.00002535,1275.00000000,0
1531225657018,1531225657014,1352864,0.00002534,148.00000000,1
1531225657115,1531225657110,1352865,0.00002534,1.00000000,1
1531225657115,1531225657110,1352866,0.00002533,148.00000000,1
1531225658720,1531225658715,1352867,0.00002535,188.00000000,0
1531225666592,1531225666589,1352868,0.00002535,19.00000000,0
1531225671222,1531225671218,1352869,0.00002533,169.00000000,1
1531225671222,1531225671218,1352870,0.00002530,239.00000000,1
1531225671222,1531225671218,1352871,0.00002529,159.00000000,1
1531225671222,1531225671218,1352872,0.00002528,221.00000000,1
1531225672124,1531225672123,1352873,0.00002528,178.00000000,1
1531225672124,1531225672123,1352874,0.00002527,14.00000000,1
1531225676561,1531225676556,1352875,0.00002534,55.00000000,0
1531225676651,1531225676647,1352876,0.00002534,55.00000000,0
1531225676739,1531225676735,1352877,0.00002534,55.00000000,0
1531225676902,1531225676897,1352878,0.00002534,40.00000000,0
1531225677086,1531225677083,1352879,0.00002534,48.00000000,0
1531225677387,1531225677384,1352880,0.00002534,51.00000000,0
1531225677554,1531225677550,1352881,0.00002534,13.00000000,0
1531225677554,1531225677550,1352882,0.00002535,61.00000000,0
1531225677919,1531225677916,1352883,0.00002532,5.00000000,1
1531225678051,1531225678047,1352884,0.00002532,7.00000000,1
1531225678409,1531225678404,1352885,0.00002532,7.00000000,1
1531225686142,1531225686141,1352886,0.00002534,1.00000000,0
1531225686752,1531225686749,1352887,0.00002534,59.00000000,0
1531225686752,1531225686749,1352888,0.00002535,163.00000000,0
1531225688842,1531225688838,1352889,0.00002526,118.00000000,1
