event_time,trade_time,trade_id,price,quantity,maker
1531210418386,1531210418383,265596,0.00002785,908.00000000,1
1531210487910,1531210487906,265597,0.00002781,46.00000000,1
1531210541787,1531210541782,265598,0.00002781,1.00000000,1
1531210573952,1531210573949,265599,0.00002785,39.00000000,1
1531210614718,1531210614718,265600,0.00002789,2252.00000000,1
1531210625594,1531210625591,265601,0.00002789,813.00000000,1
1531210625610,1531210625610,265602,0.00002789,2656.00000000,1
1531210666849,1531210666844,265603,0.00002789,2684.00000000,1
1531210666865,1531210666861,265604,0.00002789,1610.00000000,1
1531210699853,1531210699849,265605,0.00002778,1754.00000000,1
1531210711406,1531210711403,265606,0.00002777,1078.00000000,1
1531210847037,1531210847033,265607,0.00002778,1530.00000000,1
1531210847054,1531210847050,265608,0.00002778,906.00000000,1
1531210861828,1531210861823,265609,0.00002779,250.00000000,1
1531210908113,1531210908109,265610,0.00002783,1412.00000000,0
1531210908132,1531210908127,265611,0.00002780,1177.00000000,1
1531210949612,1531210949608,265612,0.00002783,2785.00000000,1
1531211018972,1531211018968,265613,0.00002786,117.00000000,0
1531211018972,1531211018968,265614,0.00002806,91.00000000,0
1531211018972,1531211018968,265615,0.00002807,3192.00000000,0
1531211020205,1531211020201,265616,0.00002784,1325.00000000,1
1531211066855,1531211066851,265617,0.00002797,4234.00000000,0
1531211066866,1531211066861,265618,0.00002788,1095.00000000,1
1531211066886,1531211066881,265619,0.00002788,2551.00000000,1
1531211089827,1531211089821,265620,0.00002787,40.00000000,1
1531211098638,1531211098634,265621,0.00002804,134.00000000,0
1531211098638,1531211098634,265622,0.00002805,1322.00000000,0
1531211107513,1531211107508,265623,0.00002788,241.00000000,1
1531211158708,1531211158704,265624,0.00002787,62.00000000,0
1531211162743,1531211162738,265625,0.00002787,196.00000000,0
1531211167718,1531211167714,265626,0.00002803,40.00000000,0
1531211179488,1531211179483,265627,0.00002786,39.00000000,1
1531211287173,1531211287169,265628,0.00002796,4458.00000000,0
1531211287184,1531211287183,265629,0.00002789,1261.00000000,1
1531211287209,1531211287205,265630,0.00002789,2752.00000000,1
1531211307738,1531211307732,265631,0.00002803,201.00000000,0
1531211307738,1531211307732,265632,0.00002806,468.00000000,0
1531211307738,1531211307732,265633,0.00002809,235.00000000,0
1531211307738,1531211307732,265634,0.00002810,913.00000000,0
1531211307738,1531211307732,265635,0.00002815,136.00000000,0
1531211307738,1531211307732,265636,0.00002820,1597.00000000,0
1531211319653,1531211319648,265637,0.00002794,107.00000000,1
1531211321381,1531211321377,265638,0.00002795,1079.00000000,1
1531211322276,1531211322271,265639,0.00002795,42.00000000,1
1531211341787,1531211341783,265640,0.00002796,227.00000000,1
1531211343836,1531211343830,265641,0.00002797,180.00000000,1
1531211382360,1531211382356,265642,0.00002799,106.00000000,1
1531211400279,1531211400276,265643,0.00002799,900.00000000,1
1531211405778,1531211405776,265644,0.00002802,313.00000000,1
1531211409142,1531211409138,265645,0.00002802,5.00000000,1
1531211411797,1531211411792,265646,0.00002810,355.00000000,0
1531211411844,1531211411844,265647,0.00002802,355.00000000,1
1531211411847,1531211411844,265648,0.00002810,552.00000000,0
1531211412151,1531211412145,265649,0.00002810,25.00000000,1
1531211412811,1531211412807,265650,0.00002809,577.00000000,0
1531211432338,1531211432334,265651,0.00002803,1537.00000000,1
1531211447310,1531211447307,265652,0.00002809,556.00000000,0
1531211463351,1531211463346,265653,0.00002803,6.00000000,1
1531211472845,1531211472841,265654,0.00002805,170.00000000,1
1531211480848,1531211480844,265655,0.00002801,1717.00000000,1
1531211480873,1531211480869,265656,0.00002801,1541.00000000,1
1531211507454,1531211507451,265657,0.00002801,1947.00000000,1
1531211515386,1531211515381,265658,0.00002802,103.00000000,1
1531211519037,1531211519034,265659,0.00002805,751.00000000,0
1531211519050,1531211519045,265660,0.00002802,2178.00000000,1
1531211519062,1531211519058,265661,0.00002802,634.00000000,1
1531211523029,1531211523025,265662,0.00002802,103.00000000,0
1531211541236,1531211541232,265663,0.00002809,1172.00000000,0
1531211541276,1531211541271,265664,0.00002809,216.00000000,1
1531211541637,1531211541633,265665,0.00002809,70.00000000,1
1531211545805,1531211545799,265666,0.00002810,101.00000000,1
1531211551286,1531211551281,265667,0.00002809,2.00000000,1
1531211586808,1531211586807,265668,0.00002814,2891.00000000,0
1531211586818,1531211586814,265669,0.00002810,2180.00000000,1
1531211586840,1531211586836,265670,0.00002810,1643.00000000,1
1531211590419,1531211590416,265671,0.00002819,101.00000000,0
1531211591046,1531211591042,265672,0.00002819,3.00000000,1
1531211591061,1531211591056,265673,0.00002819,167.00000000,1
1531211593636,1531211593631,265674,0.00002819,3.00000000,1
1531211595975,1531211595971,265675,0.00002819,3.00000000,1
1531211597765,1531211597761,265676,0.00002819,93.00000000,1
1531211598656,1531211598651,265677,0.00002819,3.00000000,1
1531211602980,1531211602975,265678,0.00002819,3.00000000,1
1531211605064,1531211605060,265679,0.00002819,3.00000000,1
1531211607194,1531211607189,265680,0.00002819,3.00000000,1
1531211609482,1531211609478,265681,0.00002819,3.00000000,1
1531211612976,1531211612971,265682,0.00002819,3.00000000,1
1531211632606,1531211632603,265683,0.00002820,1000.00000000,0
1531211635398,1531211635394,265684,0.00002819,14.00000000,1
1531211664859,1531211664855,265685,0.00002819,3.00000000,1
1531211708705,1531211708702,265686,0.00002819,1.00000000,1
1531211728015,1531211728010,265687,0.00002819,2984.00000000,0
1531211731539,1531211731536,265688,0.00002803,246.00000000,1
1531211731539,1531211731536,265689,0.00002801,165.00000000,1
1531211808166,1531211808159,265690,0.00002800,32.00000000,1
1531211811421,1531211811417,265691,0.00002800,89.00000000,1
1531211817925,1531211817922,265692,0.00002801,307.00000000,0
1531212085440,1531212085436,265693,0.00002803,328.00000000,1
1531212319109,1531212319104,265694,0.00002803,89.00000000,1
1531212333241,1531212333238,265695,0.00002804,2.00000000,1
1531212387389,1531212387383,265696,0.00002801,1108.00000000,1
1531212409105,1531212409100,265697,0.00002803,1756.00000000,1
1531212447161,1531212447159,265698,0.00002805,2117.00000000,1
1531212457623,1531212457618,265699,0.00002805,39.00000000,1
1531212493083,1531212493079,265700,0.00002804,7.00000000,1
1531212507112,1531212507107,265701,0.00002812,2547.00000000,0
1531212507124,1531212507120,265702,0.00002805,1366.00000000,1
1531212507149,1531212507143,265703,0.00002805,2235.00000000,1
1531212529375,1531212529369,265704,0.00002819,807.00000000,0
1531212529375,1531212529369,265705,0.00002820,93.00000000,0
1531212532402,1531212532398,265706,0.00002806,162.00000000,1
1531212578484,1531212578480,265707,0.00002813,93.00000000,0
1531212578500,1531212578496,265708,0.00002808,71.00000000,1
1531212607917,1531212607911,265709,0.00002806,461.00000000,1
1531212628454,1531212628449,265710,0.00002807,2338.00000000,1
1531212668300,1531212668296,265711,0.00002806,2156.00000000,1
1531212668320,1531212668316,265712,0.00002806,892.00000000,1
1531212676562,1531212676558,265713,0.00002806,1832.00000000,1
1531212677731,1531212677722,265714,0.00002819,162.00000000,0
1531212677731,1531212677722,265715,0.00002820,436.00000000,0
1531212677731,1531212677722,265716,0.00002823,63.00000000,0
1531212677731,1531212677722,265717,0.00002831,36.00000000,0
1531212677731,1531212677722,265718,0.00002839,39.00000000,0
1531212677731,1531212677722,265719,0.00002845,906.00000000,0
1531212677731,1531212677722,265720,0.00002848,92.00000000,0
1531212677731,1531212677722,265721,0.00002849,450.00000000,0
1531212677731,1531212677722,265722,0.00002850,2981.00000000,0
1531212677731,1531212677722,265723,0.00002853,36.00000000,0
1531212677731,1531212677722,265724,0.00002858,770.00000000,0
1531212677731,1531212677722,265725,0.00002860,2451.00000000,0
1531212677731,1531212677722,265726,0.00002867,641.00000000,0
1531212677731,1531212677722,265727,0.00002868,3415.00000000,0
1531212677731,1531212677722,265728,0.00002870,11624.00000000,0
1531212677904,1531212677899,265729,0.00002827,577.00000000,1
1531212678054,1531212678050,265730,0.00002829,214.00000000,1
1531212678283,1531212678281,265731,0.00002829,118.00000000,0
1531212678843,1531212678838,265732,0.00002830,54.00000000,1
1531212678872,1531212678867,265733,0.00002829,300.00000000,1
1531212678945,1531212678939,265734,0.00002829,224.00000000,1
1531212679216,1531212679212,265735,0.00002827,3.00000000,1
1531212679294,1531212679289,265736,0.00002827,396.00000000,1
1531212680418,1531212680413,265737,0.00002827,29.00000000,1
1531212681743,1531212681738,265738,0.00002825,128.00000000,0
1531212683863,1531212683857,265739,0.00002825,37.00000000,1
1531212683863,1531212683857,265740,0.00002824,689.00000000,1
1531212689217,1531212689214,265741,0.00002829,221.00000000,0
1531212689217,1531212689214,265742,0.00002842,88.00000000,0
1531212689735,1531212689731,265743,0.00002829,215.00000000,1
1531212689776,1531212689771,265744,0.00002829,40.00000000,1
1531212702178,1531212702173,265745,0.00002818,519.00000000,1
1531212702209,1531212702206,265746,0.00002818,201.00000000,1
1531212716439,1531212716434,265747,0.00002823,244.00000000,1
1531212716961,1531212716957,265748,0.00002813,152.00000000,1
1531212716961,1531212716957,265749,0.00002812,62.00000000,1
1531212717017,1531212717012,265750,0.00002812,152.00000000,1
1531212717883,1531212717880,265751,0.00002810,288.00000000,1
1531212717923,1531212717919,265752,0.00002812,153.00000000,0
1531212720045,1531212720041,265753,0.00002809,216.00000000,1
1531212721332,1531212721327,265754,0.00002808,244.00000000,1
1531212721935,1531212721930,265755,0.00002808,111.00000000,1
1531212725929,1531212725926,265756,0.00002805,41.00000000,1
1531212726926,1531212726923,265757,0.00002805,153.00000000,1
1531212736011,1531212736006,265758,0.00002810,13.00000000,1
1531212741911,1531212741907,265759,0.00002811,250.00000000,1
1531212741911,1531212741907,265760,0.00002809,99.00000000,1
1531212752476,1531212752471,265761,0.00002812,1238.00000000,1
1531212753287,1531212753281,265762,0.00002812,462.00000000,1
1531212771821,1531212771816,265763,0.00002818,79.00000000,0
1531212771821,1531212771816,265764,0.00002819,504.00000000,0
1531212776592,1531212776586,265765,0.00002823,905.00000000,1
1531212778239,1531212778236,265766,0.00002823,544.00000000,1
1531212782494,1531212782489,265767,0.00002823,683.00000000,1
1531212797629,1531212797625,265768,0.00002823,48.00000000,1
1531212804075,1531212804071,265769,0.00002823,8.00000000,1
1531212814221,1531212814216,265770,0.00002823,1441.00000000,1
1531212814688,1531212814682,265771,0.00002823,676.00000000,1
1531212814688,1531212814682,265772,0.00002813,459.00000000,1
1531212814688,1531212814682,265773,0.00002811,1802.00000000,1
1531212815278,1531212815272,265774,0.00002811,584.00000000,1
1531212815576,1531212815571,265775,0.00002811,1083.00000000,1
1531212817912,1531212817907,265776,0.00002824,250.00000000,0
1531212819135,1531212819132,265777,0.00002824,71.00000000,1
1531212822108,1531212822104,265778,0.00002824,2104.00000000,1
1531212822108,1531212822104,265779,0.00002805,306.00000000,1
1531212822108,1531212822104,265780,0.00002804,1097.00000000,1
1531212897209,1531212897205,265781,0.00002815,1219.00000000,0
1531212897221,1531212897216,265782,0.00002810,36.00000000,1
1531212897245,1531212897240,265783,0.00002810,910.00000000,1
1531212921793,1531212921789,265784,0.00002807,3.00000000,1
1531212938174,1531212938169,265785,0.00002815,216.00000000,0
1531212938174,1531212938169,265786,0.00002818,214.00000000,0
1531212938351,1531212938346,265787,0.00002825,288.00000000,0
1531212939758,1531212939753,265788,0.00002830,308.00000000,0
1531212947839,1531212947836,265789,0.00002826,2741.00000000,1
1531212947851,1531212947847,265790,0.00002826,162.00000000,1
1531212949225,1531212949220,265791,0.00002825,430.00000000,1
1531212978413,1531212978408,265792,0.00002817,246.00000000,1
1531212985156,1531212985151,265793,0.00002819,4538.00000000,0
1531212985171,1531212985165,265794,0.00002809,1759.00000000,1
1531212999986,1531212999982,265795,0.00002810,2940.00000000,1
1531213025744,1531213025740,265796,0.00002819,2464.00000000,0
1531213025758,1531213025754,265797,0.00002809,134.00000000,1
1531213025785,1531213025780,265798,0.00002809,1925.00000000,1
1531213038535,1531213038530,265799,0.00002808,119.00000000,1
1531213050836,1531213050831,265800,0.00002816,2823.00000000,0
1531213050851,1531213050846,265801,0.00002808,2139.00000000,1
1531213098844,1531213098840,265802,0.00002809,1614.00000000,1
1531213098861,1531213098857,265803,0.00002809,1966.00000000,1
1531213146098,1531213146093,265804,0.00002814,2198.00000000,0
1531213146112,1531213146107,265805,0.00002808,279.00000000,1
1531213146139,1531213146134,265806,0.00002808,2198.00000000,1
1531213186485,1531213186481,265807,0.00002815,1369.00000000,0
1531213186496,1531213186491,265808,0.00002809,1141.00000000,1
1531213218966,1531213218962,265809,0.00002810,2669.00000000,1
1531213218986,1531213218984,265810,0.00002810,2174.00000000,1
1531213268001,1531213267996,265811,0.00002820,4350.00000000,0
1531213268019,1531213268015,265812,0.00002811,961.00000000,1
1531213268039,1531213268034,265813,0.00002811,2980.00000000,1
1531213290365,1531213290361,265814,0.00002817,1500.00000000,0
1531213290376,1531213290372,265815,0.00002811,2967.00000000,1
1531213290392,1531213290386,265816,0.00002811,1443.00000000,1
1531213327134,1531213327129,265817,0.00002813,2252.00000000,1
1531213366478,1531213366474,265818,0.00002815,1276.00000000,1
1531213410193,1531213410188,265819,0.00002819,2067.00000000,0
1531213410203,1531213410198,265820,0.00002817,1695.00000000,1
1531213422347,1531213422343,265821,0.00002820,119.00000000,0
1531213422347,1531213422343,265822,0.00002821,452.00000000,0
1531213447787,1531213447782,265823,0.00002808,510.00000000,1
1531213447809,1531213447803,265824,0.00002808,2395.00000000,1
1531213483804,1531213483801,265825,0.00002813,835.00000000,0
1531213483818,1531213483813,265826,0.00002810,314.00000000,1
1531213525891,1531213525886,265827,0.00002814,2403.00000000,0
1531213525903,1531213525899,265828,0.00002810,2391.00000000,1
1531213525920,1531213525916,265829,0.00002810,1045.00000000,1
1531213537410,1531213537406,265830,0.00002814,1290.00000000,0
1531213537422,1531213537417,265831,0.00002810,733.00000000,1
1531213567996,1531213567991,265832,0.00002812,937.00000000,1
1531213568011,1531213568007,265833,0.00002812,36.00000000,1
1531213576054,1531213576048,265834,0.00002812,1895.00000000,1
1531213576072,1531213576066,265835,0.00002812,1699.00000000,1
1531213645420,1531213645417,265836,0.00002815,1196.00000000,1
1531213645442,1531213645437,265837,0.00002815,734.00000000,1
1531213672718,1531213672712,265838,0.00002816,2240.00000000,0
1531213672737,1531213672733,265839,0.00002815,974.00000000,1
1531213703977,1531213703971,265840,0.00002817,3799.00000000,1
1531213703977,1531213703971,265841,0.00002816,98.00000000,1
1531213703977,1531213703971,265842,0.00002812,758.00000000,1
1531213703977,1531213703971,265843,0.00002811,972.00000000,1
1531213703977,1531213703971,265844,0.00002807,37.00000000,1
1531213703977,1531213703971,265845,0.00002804,3478.00000000,1
1531213703977,1531213703971,265846,0.00002802,3872.00000000,1
1531213704940,1531213704935,265847,0.00002802,128.00000000,1
1531213704940,1531213704935,265848,0.00002801,198.00000000,1
1531213706502,1531213706496,265849,0.00002802,4000.00000000,1
1531213706502,1531213706496,265850,0.00002801,873.00000000,1
1531213706502,1531213706496,265851,0.00002800,2926.00000000,1
1531213706679,1531213706675,265852,0.00002800,12907.00000000,1
1531213710983,1531213710978,265853,0.00002794,214.00000000,1
1531213710983,1531213710978,265854,0.00002790,217.00000000,1
1531213710983,1531213710978,265855,0.00002786,646.00000000,1
1531213711199,1531213711195,265856,0.00002784,71.00000000,1
1531213711199,1531213711195,265857,0.00002783,36.00000000,1
1531213711199,1531213711195,265858,0.00002782,259.00000000,1
1531213715033,1531213715029,265859,0.00002781,43.00000000,1
1531213715474,1531213715469,265860,0.00002785,26.00000000,0
1531213716127,1531213716123,265861,0.00002779,43.00000000,1
1531213716127,1531213716123,265862,0.00002777,171.00000000,1
1531213717951,1531213717947,265863,0.00002777,22.00000000,1
1531213720189,1531213720183,265864,0.00002771,689.00000000,1
1531213720857,1531213720851,265865,0.00002774,54.00000000,1
1531213720875,1531213720871,265866,0.00002771,214.00000000,1
1531213722011,1531213722005,265867,0.00002771,166.00000000,1
1531213722099,1531213722095,265868,0.00002771,214.00000000,1
1531213723656,1531213723650,265869,0.00002771,2654.00000000,1
1531213725933,1531213725927,265870,0.00002768,72.00000000,1
1531213729449,1531213729443,265871,0.00002769,523.00000000,1
1531213730149,1531213730144,265872,0.00002771,1135.00000000,0
1531213730166,1531213730162,265873,0.00002773,1014.00000000,0
1531213731484,1531213731480,265874,0.00002770,180.00000000,1
1531213736783,1531213736778,265875,0.00002770,140.00000000,1
1531213739611,1531213739607,265876,0.00002770,3.00000000,1
1531213750743,1531213750740,265877,0.00002780,156.00000000,0
1531213750757,1531213750753,265878,0.00002780,24.00000000,0
1531213750757,1531213750753,265879,0.00002781,132.00000000,0
1531213750780,1531213750776,265880,0.00002781,24.00000000,0
1531213769023,1531213769020,265881,0.00002772,52.00000000,1
1531213842513,1531213842508,265882,0.00002779,1080.00000000,0
1531213893688,1531213893683,265883,0.00002774,1653.00000000,1
1531213893708,1531213893703,265884,0.00002774,2188.00000000,1
1531213901642,1531213901637,265885,0.00002773,498.00000000,1
1531213901642,1531213901637,265886,0.00002767,25.00000000,1
1531213926227,1531213926223,265887,0.00002768,1527.00000000,1
1531213951690,1531213951685,265888,0.00002768,2991.00000000,1
1531213956570,1531213956565,265889,0.00002767,52.00000000,1
1531213960479,1531213960473,265890,0.00002768,161.00000000,0
1531213985402,1531213985398,265891,0.00002768,1518.00000000,1
1531214014935,1531214014931,265892,0.00002768,1027.00000000,1
1531214014957,1531214014953,265893,0.00002768,2714.00000000,1
1531214015473,1531214015468,265894,0.00002767,663.00000000,1
1531214015473,1531214015468,265895,0.00002764,239.00000000,1
1531214015473,1531214015468,265896,0.00002762,538.00000000,1
1531214015473,1531214015468,265897,0.00002761,2030.00000000,1
1531214034439,1531214034436,265898,0.00002775,162.00000000,0
1531214034546,1531214034540,265899,0.00002764,2170.00000000,1
1531214038688,1531214038684,265900,0.00002780,46.00000000,0
1531214058499,1531214058493,265901,0.00002763,122.00000000,1
1531214067130,1531214067126,265902,0.00002772,6016.00000000,0
1531214067152,1531214067146,265903,0.00002764,2760.00000000,1
1531214072454,1531214072449,265904,0.00002768,74.00000000,1
1531214100262,1531214100257,265905,0.00002776,1.00000000,0
1531214107874,1531214107868,265906,0.00002763,795.00000000,1
1531214107894,1531214107888,265907,0.00002763,2818.00000000,1
1531214145470,1531214145466,265908,0.00002765,219.00000000,0
1531214145485,1531214145479,265909,0.00002764,139.00000000,1
1531214154669,1531214154664,265910,0.00002766,55.00000000,0
1531214160881,1531214160877,265911,0.00002765,5949.00000000,0
1531214160885,1531214160881,265912,0.00002764,1607.00000000,1
1531214160893,1531214160889,265913,0.00002764,2220.00000000,1
1531214164807,1531214164804,265914,0.00002766,50.00000000,0
1531214195930,1531214195925,265915,0.00002763,72.00000000,1
1531214195930,1531214195925,265916,0.00002761,187.00000000,1
1531214198452,1531214198444,265917,0.00002767,1.00000000,0
1531214206865,1531214206860,265918,0.00002764,3357.00000000,0
1531214206874,1531214206870,265919,0.00002762,2209.00000000,1
1531214249406,1531214249402,265920,0.00002764,58.00000000,0
1531214267331,1531214267327,265921,0.00002762,423.00000000,1
1531214323573,1531214323569,265922,0.00002764,36.00000000,0
1531214324132,1531214324129,265923,0.00002767,22.00000000,0
1531214347060,1531214347055,265924,0.00002765,1652.00000000,0
1531214347079,1531214347075,265925,0.00002764,908.00000000,1
1531214365591,1531214365586,265926,0.00002765,5677.00000000,0
1531214365603,1531214365598,265927,0.00002764,1970.00000000,1
1531214365621,1531214365617,265928,0.00002764,2308.00000000,1
1531214375522,1531214375517,265929,0.00002765,4962.00000000,0
1531214375538,1531214375534,265930,0.00002764,326.00000000,1
1531214375550,1531214375547,265931,0.00002764,2481.00000000,1
1531214406125,1531214406121,265932,0.00002765,2376.00000000,0
1531214406143,1531214406137,265933,0.00002764,900.00000000,1
1531214443513,1531214443509,265934,0.00002765,2697.00000000,0
1531214443523,1531214443518,265935,0.00002764,624.00000000,1
1531214443540,1531214443537,265936,0.00002764,2452.00000000,1
1531214449594,1531214449588,265937,0.00002763,72.00000000,1
1531214486043,1531214486038,265938,0.00002764,1997.00000000,1
1531214486058,1531214486055,265939,0.00002764,2763.00000000,1
1531214488602,1531214488597,265940,0.00002766,640.00000000,0
1531214488602,1531214488597,265941,0.00002767,17.00000000,0
1531214488602,1531214488597,265942,0.00002769,122.00000000,0
1531214488602,1531214488597,265943,0.00002770,1137.00000000,0
1531214488650,1531214488646,265944,0.00002770,354.00000000,0
1531214488691,1531214488687,265945,0.00002770,238.00000000,0
1531214489754,1531214489749,265946,0.00002766,353.00000000,1
1531214489875,1531214489870,265947,0.00002770,259.00000000,0
1531214496014,1531214496009,265948,0.00002771,1235.00000000,1
1531214508417,1531214508413,265949,0.00002772,165.00000000,0
1531214515564,1531214515559,265950,0.00002766,640.00000000,1
1531214515564,1531214515559,265951,0.00002763,9.00000000,1
1531214516365,1531214516360,265952,0.00002764,871.00000000,1
1531214516365,1531214516360,265953,0.00002763,15.00000000,1
1531214516920,1531214516915,265954,0.00002763,941.00000000,1
1531214516920,1531214516915,265955,0.00002761,33.00000000,1
1531214519745,1531214519741,265956,0.00002761,141.00000000,1
1531214524972,1531214524968,265957,0.00002763,250.00000000,1
1531214524972,1531214524968,265958,0.00002762,2923.00000000,1
1531214525632,1531214525628,265959,0.00002761,323.00000000,1
1531214525741,1531214525737,265960,0.00002761,2505.00000000,1
1531214525741,1531214525737,265961,0.00002760,203.00000000,1
1531214525792,1531214525787,265962,0.00002760,2010.00000000,1
1531214536409,1531214536403,265963,0.00002760,598.00000000,1
1531214536409,1531214536403,265964,0.00002759,256.00000000,1
1531214536409,1531214536403,265965,0.00002751,1000.00000000,1
1531214536409,1531214536403,265966,0.00002750,1257.00000000,1
1531214536409,1531214536403,265967,0.00002748,74.00000000,1
1531214536409,1531214536403,265968,0.00002745,222.00000000,1
1531214536409,1531214536403,265969,0.00002744,998.00000000,1
1531214536409,1531214536403,265970,0.00002743,3025.00000000,1
1531214539128,1531214539123,265971,0.00002745,661.00000000,1
1531214539153,1531214539146,265972,0.00002745,10.00000000,1
1531214539153,1531214539146,265973,0.00002742,54.00000000,1
1531214539153,1531214539146,265974,0.00002740,45.00000000,1
1531214539153,1531214539146,265975,0.00002739,1300.00000000,1
1531214539153,1531214539146,265976,0.00002738,42.00000000,1
1531214539888,1531214539884,265977,0.00002754,39.00000000,0
1531214540380,1531214540376,265978,0.00002748,41.00000000,0
1531214540462,1531214540458,265979,0.00002738,164.00000000,1
1531214540462,1531214540458,265980,0.00002737,222.00000000,1
1531214540462,1531214540458,265981,0.00002736,8.00000000,1
1531214541717,1531214541714,265982,0.00002743,206.00000000,0
1531214544046,1531214544042,265983,0.00002737,94.00000000,0
1531214544189,1531214544184,265984,0.00002737,365.00000000,0
1531214544634,1531214544632,265985,0.00002737,168.00000000,0
1531214545335,1531214545330,265986,0.00002736,214.00000000,1
1531214545489,1531214545485,265987,0.00002736,80.00000000,1
1531214546361,1531214546357,265988,0.00002736,43.00000000,1
1531214546551,1531214546546,265989,0.00002736,650.00000000,1
1531214546596,1531214546592,265990,0.00002736,221.00000000,0
1531214546825,1531214546821,265991,0.00002734,214.00000000,1
1531214546876,1531214546873,265992,0.00002737,295.00000000,0
1531214547404,1531214547400,265993,0.00002737,361.00000000,0
1531214547428,1531214547424,265994,0.00002737,189.00000000,0
1531214549712,1531214549708,265995,0.00002737,81.00000000,0
1531214549897,1531214549893,265996,0.00002737,294.00000000,0
1531214549942,1531214549939,265997,0.00002737,333.00000000,0
1531214550181,1531214550177,265998,0.00002737,294.00000000,0
1531214551541,1531214551537,265999,0.00002737,453.00000000,0
1531214559129,1531214559124,266000,0.00002737,325.00000000,0
1531214563241,1531214563236,266001,0.00002737,169.00000000,0
1531214564080,1531214564076,266002,0.00002737,275.00000000,0
1531214576587,1531214576582,266003,0.00002737,219.00000000,0
1531214579485,1531214579481,266004,0.00002731,221.00000000,1
1531214579502,1531214579498,266005,0.00002731,410.00000000,1
1531214579502,1531214579498,266006,0.00002730,13.00000000,1
1531214584052,1531214584049,266007,0.00002733,565.00000000,0
1531214584626,1531214584622,266008,0.00002733,200.00000000,1
1531214585039,1531214585033,266009,0.00002733,116.00000000,0
1531214585039,1531214585033,266010,0.00002734,36.00000000,0
1531214588177,1531214588171,266011,0.00002734,5.00000000,0
1531214588177,1531214588171,266012,0.00002735,143.00000000,0
1531214598436,1531214598433,266013,0.00002730,74.00000000,1
1531214600048,1531214600043,266014,0.00002730,37.00000000,1
1531214610178,1531214610173,266015,0.00002732,254.00000000,0
1531214613509,1531214613505,266016,0.00002734,95.00000000,0
1531214613509,1531214613505,266017,0.00002735,441.00000000,0
1531214619409,1531214619406,266018,0.00002730,43.00000000,1
1531214619465,1531214619460,266019,0.00002734,89.00000000,0
1531214620382,1531214620378,266020,0.00002734,878.00000000,0
1531214620404,1531214620399,266021,0.00002734,1366.00000000,0
1531214653049,1531214653045,266022,0.00002735,5.00000000,0
1531214660719,1531214660715,266023,0.00002735,54.00000000,0
1531214667878,1531214667875,266024,0.00002734,89.00000000,1
1531214693225,1531214693222,266025,0.00002730,73.00000000,1
1531214705594,1531214705590,266026,0.00002734,1455.00000000,0
1531214706311,1531214706307,266027,0.00002734,84.00000000,0
1531214711306,1531214711302,266028,0.00002734,507.00000000,0
1531214727488,1531214727485,266029,0.00002733,165.00000000,0
1531214727949,1531214727946,266030,0.00002733,1370.00000000,0
1531214732718,1531214732715,266031,0.00002734,452.00000000,0
1531214749777,1531214749768,266032,0.00002741,1169.00000000,0
1531214749777,1531214749768,266033,0.00002742,399.00000000,0
1531214749777,1531214749768,266034,0.00002743,164.00000000,0
1531214749777,1531214749768,266035,0.00002744,714.00000000,0
1531214761874,1531214761870,266036,0.00002744,108.00000000,1
1531214762449,1531214762445,266037,0.00002745,1.00000000,0
1531214765208,1531214765203,266038,0.00002745,372.00000000,0
1531214765232,1531214765228,266039,0.00002745,2619.00000000,0
1531214786465,1531214786462,266040,0.00002746,143.00000000,0
1531214794437,1531214794433,266041,0.00002745,1.00000000,1
1531214794437,1531214794433,266042,0.00002732,822.00000000,1
1531214794437,1531214794433,266043,0.00002731,248.00000000,1
1531214805139,1531214805133,266044,0.00002752,859.00000000,0
1531214847495,1531214847491,266045,0.00002746,626.00000000,1
1531214847510,1531214847505,266046,0.00002746,1656.00000000,1
1531214860814,1531214860810,266047,0.00002746,41.00000000,1
1531214868310,1531214868306,266048,0.00002746,55.00000000,1
1531214897469,1531214897465,266049,0.00002746,422.00000000,0
1531214897478,1531214897474,266050,0.00002752,2023.00000000,0
1531214897500,1531214897495,266051,0.00002752,311.00000000,0
1531214909276,1531214909272,266052,0.00002754,60.00000000,0
1531214910382,1531214910377,266053,0.00002754,2692.00000000,1
1531214910546,1531214910543,266054,0.00002754,3.00000000,1
1531214912520,1531214912517,266055,0.00002754,3.00000000,1
1531214915460,1531214915454,266056,0.00002754,3.00000000,1
1531214946138,1531214946134,266057,0.00002757,2973.00000000,0
1531214962781,1531214962776,266058,0.00002747,23.00000000,1
1531214963987,1531214963983,266059,0.00002739,23.00000000,1
1531214969925,1531214969920,266060,0.00002748,3912.00000000,0
1531214969945,1531214969940,266061,0.00002757,50.00000000,0
1531214969962,1531214969958,266062,0.00002757,1428.00000000,0
1531215004571,1531215004566,266063,0.00002750,11.00000000,0
1531215020978,1531215020973,266064,0.00002740,39.00000000,1
1531215023106,1531215023102,266065,0.00002750,363.00000000,0
1531215079614,1531215079609,266066,0.00002747,7.00000000,0
1531215094695,1531215094691,266067,0.00002741,43.00000000,1
1531215107581,1531215107576,266068,0.00002743,3837.00000000,0
1531215107593,1531215107589,266069,0.00002746,1466.00000000,0
1531215107603,1531215107599,266070,0.00002746,1654.00000000,0
1531215142181,1531215142178,266071,0.00002745,1583.00000000,0
1531215142193,1531215142189,266072,0.00002749,649.00000000,0
1531215145851,1531215145848,266073,0.00002750,490.00000000,0
1531215147595,1531215147590,266074,0.00002758,24.00000000,0
1531215166931,1531215166927,266075,0.00002743,39.00000000,1
1531215168218,1531215168215,266076,0.00002752,1090.00000000,0
1531215189848,1531215189843,266077,0.00002757,1.00000000,0
1531215309678,1531215309673,266078,0.00002755,1.00000000,0
1531215320879,1531215320876,266079,0.00002744,38.00000000,1
1531215360616,1531215360611,266080,0.00002744,38.00000000,1
1531215508963,1531215508960,266081,0.00002752,38.00000000,1
1531215530593,1531215530590,266082,0.00002751,37.00000000,0
1531215590183,1531215590180,266083,0.00002757,75.00000000,0
1531215603216,1531215603190,266084,0.00002749,1033.00000000,1
1531215603216,1531215603190,266085,0.00002745,1110.00000000,1
1531215603216,1531215603190,266086,0.00002744,256.00000000,1
1531215603216,1531215603190,266087,0.00002743,1773.00000000,1
1531215666793,1531215666789,266088,0.00002742,312.00000000,1
1531215760356,1531215760351,266089,0.00002751,234.00000000,0
1531215760356,1531215760351,266090,0.00002753,12.00000000,0
1531215786427,1531215786421,266091,0.00002743,78.00000000,1
1531215787436,1531215787432,266092,0.00002742,40.00000000,1
1531215801474,1531215801471,266093,0.00002755,40.00000000,0
1531215826157,1531215826154,266094,0.00002749,4095.00000000,0
1531215826168,1531215826163,266095,0.00002743,1932.00000000,1
1531215866117,1531215866113,266096,0.00002743,91.00000000,1
1531215893541,1531215893537,266097,0.00002743,1371.00000000,1
1531215893541,1531215893537,266098,0.00002742,51.00000000,1
1531215893541,1531215893537,266099,0.00002740,1094.00000000,1
1531215939551,1531215939546,266100,0.00002740,278.00000000,1
1531215939551,1531215939546,266101,0.00002731,728.00000000,1
1531215939551,1531215939546,266102,0.00002730,643.00000000,1
1531215939551,1531215939546,266103,0.00002726,125.00000000,1
1531215939551,1531215939546,266104,0.00002725,50.00000000,1
1531215939551,1531215939546,266105,0.00002724,1646.00000000,1
1531215947963,1531215947960,266106,0.00002733,825.00000000,0
1531215947983,1531215947979,266107,0.00002725,616.00000000,1
1531215957949,1531215957946,266108,0.00002724,31.00000000,1
1531215959546,1531215959539,266109,0.00002720,56.00000000,1
1531215959546,1531215959539,266110,0.00002719,127.00000000,1
1531215959546,1531215959539,266111,0.00002715,221.00000000,1
1531215959546,1531215959539,266112,0.00002714,456.00000000,1
1531215959546,1531215959539,266113,0.00002713,74.00000000,1
1531215959546,1531215959539,266114,0.00002711,1780.00000000,1
1531215959546,1531215959539,266115,0.00002710,805.00000000,1
1531215959546,1531215959539,266116,0.00002708,101.00000000,1
1531215959546,1531215959539,266117,0.00002705,330.00000000,1
1531215959616,1531215959611,266118,0.00002711,276.00000000,0
1531215959619,1531215959615,266119,0.00002711,999.00000000,0
1531215959702,1531215959699,266120,0.00002711,576.00000000,0
1531215959713,1531215959710,266121,0.00002711,147.00000000,0
1531215959837,1531215959833,266122,0.00002719,487.00000000,0
1531215959837,1531215959833,266123,0.00002720,2354.00000000,0
1531215960088,1531215960084,266124,0.00002720,2141.00000000,0
1531215960414,1531215960409,266125,0.00002724,228.00000000,0
1531215960414,1531215960409,266126,0.00002730,129.00000000,0
1531215973120,1531215973116,266127,0.00002724,74.00000000,1
1531215987388,1531215987382,266128,0.00002725,192.00000000,1
1531215987411,1531215987407,266129,0.00002725,2389.00000000,1
1531215997276,1531215997270,266130,0.00002724,426.00000000,1
1531215997276,1531215997270,266131,0.00002711,1851.00000000,1
1531215997276,1531215997270,266132,0.00002710,74.00000000,1
1531215997276,1531215997270,266133,0.00002704,1034.00000000,1
1531216001673,1531216001669,266134,0.00002721,67.00000000,0
1531216008493,1531216008489,266135,0.00002715,148.00000000,0
1531216012122,1531216012118,266136,0.00002705,38.00000000,1
1531216012138,1531216012134,266137,0.00002705,75.00000000,1
1531216012529,1531216012525,266138,0.00002705,228.00000000,1
1531216013367,1531216013364,266139,0.00002711,305.00000000,0
1531216013430,1531216013426,266140,0.00002712,66.00000000,0
1531216013430,1531216013426,266141,0.00002714,197.00000000,0
1531216013458,1531216013454,266142,0.00002714,3.00000000,0
1531216023736,1531216023733,266143,0.00002706,148.00000000,1
1531216027954,1531216027950,266144,0.00002722,63.00000000,0
1531216027954,1531216027950,266145,0.00002723,406.00000000,0
1531216036830,1531216036825,266146,0.00002705,75.00000000,1
1531216047863,1531216047858,266147,0.00002706,74.00000000,1
1531216047865,1531216047860,266148,0.00002711,6336.00000000,0
1531216047878,1531216047875,266149,0.00002706,2392.00000000,1
1531216047882,1531216047879,266150,0.00002706,246.00000000,1
1531216047892,1531216047888,266151,0.00002706,2388.00000000,1
1531216048488,1531216048484,266152,0.00002705,3.00000000,0
1531216048633,1531216048628,266153,0.00002705,145.00000000,0
1531216048633,1531216048628,266154,0.00002706,123.00000000,0
1531216050432,1531216050428,266155,0.00002705,73.00000000,1
1531216050470,1531216050465,266156,0.00002706,3.00000000,0
1531216052002,1531216051996,266157,0.00002706,152.00000000,0
1531216052476,1531216052472,266158,0.00002706,3.00000000,0
1531216054959,1531216054954,266159,0.00002706,3.00000000,0
1531216056978,1531216056974,266160,0.00002706,3.00000000,0
1531216057652,1531216057646,266161,0.00002705,272.00000000,1
1531216057668,1531216057664,266162,0.00002705,1993.00000000,0
1531216057686,1531216057681,266163,0.00002706,33.00000000,0
1531216058537,1531216058533,266164,0.00002707,49.00000000,1
1531216103454,1531216103449,266165,0.00002720,121.00000000,0
1531216107319,1531216107315,266166,0.00002708,865.00000000,1
1531216112032,1531216112028,266167,0.00002720,4.00000000,0
1531216176361,1531216176356,266168,0.00002719,280.00000000,0
1531216179159,1531216179156,266169,0.00002719,38.00000000,0
1531216297270,1531216297264,266170,0.00002719,21.00000000,0
1531216360167,1531216360162,266171,0.00002720,66.00000000,0
1531216366379,1531216366375,266172,0.00002705,147.00000000,1
1531216366488,1531216366483,266173,0.00002705,151.00000000,0
1531216366620,1531216366615,266174,0.00002705,418.00000000,0
1531216368643,1531216368640,266175,0.00002705,3.00000000,0
1531216369405,1531216369401,266176,0.00002705,1704.00000000,0
1531216369846,1531216369842,266177,0.00002705,240.00000000,0
1531216373304,1531216373299,266178,0.00002705,94.00000000,0
1531216374166,1531216374162,266179,0.00002705,37.00000000,0
1531216402975,1531216402970,266180,0.00002705,307.00000000,0
1531216403948,1531216403944,266181,0.00002705,544.00000000,0
1531216420395,1531216420390,266182,0.00002712,3135.00000000,0
1531216420410,1531216420406,266183,0.00002719,1375.00000000,0
1531216445575,1531216445571,266184,0.00002719,2774.00000000,0
1531216459697,1531216459694,266185,0.00002709,400.00000000,1
1531216486582,1531216486578,266186,0.00002719,2612.00000000,0
1531216486598,1531216486594,266187,0.00002719,1385.00000000,0
1531216497701,1531216497695,266188,0.00002720,55.00000000,0
1531216524581,1531216524577,266189,0.00002720,16.00000000,0
1531216544566,1531216544562,266190,0.00002708,85.00000000,1
1531216585762,1531216585757,266191,0.00002709,362.00000000,1
1531216585762,1531216585757,266192,0.00002708,370.00000000,1
1531216587179,1531216587175,266193,0.00002714,642.00000000,0
1531216587193,1531216587189,266194,0.00002708,2699.00000000,1
1531216587208,1531216587203,266195,0.00002708,236.00000000,1
1531216590281,1531216590277,266196,0.00002708,266.00000000,0
1531216609763,1531216609759,266197,0.00002706,415.00000000,0
1531216609781,1531216609776,266198,0.00002707,346.00000000,0
1531216609810,1531216609806,266199,0.00002708,104.00000000,0
1531216623962,1531216623957,266200,0.00002717,38.00000000,0
1531216623962,1531216623957,266201,0.00002718,847.00000000,0
1531216623962,1531216623957,266202,0.00002719,187.00000000,0
1531216626867,1531216626862,266203,0.00002719,69.00000000,0
1531216627516,1531216627512,266204,0.00002713,4614.00000000,0
1531216627530,1531216627527,266205,0.00002719,1786.00000000,0
1531216629087,1531216629084,266206,0.00002706,26.00000000,1
1531216661702,1531216661698,266207,0.00002717,2268.00000000,0
1531216661712,1531216661707,266208,0.00002719,828.00000000,0
1531216688067,1531216688063,266209,0.00002717,3647.00000000,0
1531216688086,1531216688083,266210,0.00002719,1150.00000000,0
1531216688105,1531216688100,266211,0.00002719,2806.00000000,0
1531216723736,1531216723731,266212,0.00002716,1017.00000000,1
1531216748228,1531216748223,266213,0.00002717,1833.00000000,0
1531216748248,1531216748244,266214,0.00002719,46.00000000,0
1531216748270,1531216748267,266215,0.00002719,1118.00000000,0
1531216755308,1531216755303,266216,0.00002718,5189.00000000,0
1531216755320,1531216755316,266217,0.00002716,425.00000000,1
1531216755342,1531216755337,266218,0.00002716,2359.00000000,1
1531216787061,1531216787058,266219,0.00002716,286.00000000,1
1531216815952,1531216815947,266220,0.00002716,1722.00000000,1
1531216846553,1531216846550,266221,0.00002716,2235.00000000,1
1531216851211,1531216851208,266222,0.00002720,8.00000000,0
1531216867499,1531216867494,266223,0.00002718,1461.00000000,0
1531216867510,1531216867506,266224,0.00002717,497.00000000,1
1531216891152,1531216891148,266225,0.00002719,150.00000000,0
1531216907881,1531216907877,266226,0.00002716,1446.00000000,1
1531216907881,1531216907877,266227,0.00002715,50.00000000,1
1531216912534,1531216912531,266228,0.00002714,275.00000000,0
1531216912595,1531216912592,266229,0.00002714,432.00000000,0
1531216913577,1531216913574,266230,0.00002714,482.00000000,0
1531216913892,1531216913888,266231,0.00002714,266.00000000,0
1531216947992,1531216947989,266232,0.00002710,673.00000000,0
1531216948009,1531216948005,266233,0.00002707,37.00000000,1
1531216948024,1531216948020,266234,0.00002707,552.00000000,1
1531216977938,1531216977934,266235,0.00002706,1856.00000000,1
1531217006128,1531217006122,266236,0.00002706,638.00000000,1
1531217006149,1531217006145,266237,0.00002706,595.00000000,1
1531217006172,1531217006166,266238,0.00002706,242.00000000,1
1531217043859,1531217043854,266239,0.00002706,117.00000000,0
1531217063790,1531217063785,266240,0.00002707,89.00000000,0
1531217069114,1531217069109,266241,0.00002707,122.00000000,0
1531217078312,1531217078307,266242,0.00002718,121.00000000,1
1531217122913,1531217122909,266243,0.00002720,201.00000000,0
1531217146134,1531217146131,266244,0.00002721,1623.00000000,1
1531217146147,1531217146143,266245,0.00002721,1462.00000000,1
1531217159206,1531217159202,266246,0.00002727,290.00000000,0
1531217279155,1531217279152,266247,0.00002714,47.00000000,1
1531217291613,1531217291609,266248,0.00002715,229.00000000,1
1531217291617,1531217291612,266249,0.00002714,131.00000000,1
1531217291617,1531217291612,266250,0.00002706,74.00000000,1
1531217291617,1531217291612,266251,0.00002705,24.00000000,1
1531217291627,1531217291623,266252,0.00002705,229.00000000,1
1531217300709,1531217300705,266253,0.00002710,285.00000000,0
1531217301206,1531217301200,266254,0.00002705,1.00000000,1
1531217326369,1531217326364,266255,0.00002713,4453.00000000,0
1531217326385,1531217326380,266256,0.00002721,1687.00000000,0
1531217407866,1531217407860,266257,0.00002709,1082.00000000,1
1531217434473,1531217434467,266258,0.00002726,229.00000000,0
1531217434473,1531217434467,266259,0.00002727,74.00000000,0
1531217434473,1531217434467,266260,0.00002745,63.00000000,0
1531217538822,1531217538816,266261,0.00002735,3.00000000,1
1531217540984,1531217540980,266262,0.00002734,3.00000000,1
1531217542492,1531217542488,266263,0.00002735,109.00000000,1
1531217615940,1531217615935,266264,0.00002734,2716.00000000,1
1531217615940,1531217615935,266265,0.00002733,230.00000000,1
1531217617812,1531217617807,266266,0.00002725,97.00000000,1
1531217642700,1531217642694,266267,0.00002725,5.00000000,1
1531217654984,1531217654979,266268,0.00002706,1.00000000,1
1531217656194,1531217656190,266269,0.00002707,124.00000000,1
1531217656670,1531217656667,266270,0.00002724,3.00000000,0
1531217665150,1531217665145,266271,0.00002707,377.00000000,1
1531217759967,1531217759963,266272,0.00002713,109.00000000,0
1531217761382,1531217761379,266273,0.00002714,501.00000000,0
1531217762283,1531217762279,266274,0.00002715,150.00000000,0
1531217771885,1531217771880,266275,0.00002712,881.00000000,0
1531217771899,1531217771894,266276,0.00002714,2291.00000000,0
1531217771927,1531217771923,266277,0.00002714,658.00000000,0
1531217787668,1531217787663,266278,0.00002712,704.00000000,0
1531217787682,1531217787677,266279,0.00002714,342.00000000,0
1531217812734,1531217812729,266280,0.00002712,509.00000000,0
1531217812746,1531217812742,266281,0.00002714,2465.00000000,0
1531217812764,1531217812758,266282,0.00002714,455.00000000,0
1531217939087,1531217939082,266283,0.00002728,110.00000000,1
1531217939087,1531217939082,266284,0.00002715,1044.00000000,1
1531217998031,1531217998027,266285,0.00002714,154.00000000,1
1531218053356,1531218053348,266286,0.00002714,136.00000000,1
1531218074034,1531218074030,266287,0.00002715,194.00000000,0
1531218077868,1531218077864,266288,0.00002715,50.00000000,0
1531218141778,1531218141773,266289,0.00002714,4762.00000000,1
1531218154122,1531218154119,266290,0.00002714,582.00000000,0
1531218165038,1531218165031,266291,0.00002714,399.00000000,0
1531218165692,1531218165689,266292,0.00002714,2480.00000000,0
1531218226423,1531218226419,266293,0.00002726,92.00000000,0
1531218235371,1531218235366,266294,0.00002726,2619.00000000,0
1531218266895,1531218266891,266295,0.00002720,1524.00000000,0
1531218266909,1531218266905,266296,0.00002726,613.00000000,0
1531218266925,1531218266919,266297,0.00002726,953.00000000,0
1531218278323,1531218278320,266298,0.00002720,1186.00000000,0
1531218278338,1531218278334,266299,0.00002726,1125.00000000,0
1531218278360,1531218278355,266300,0.00002726,645.00000000,0
1531218326913,1531218326909,266301,0.00002722,789.00000000,0
1531218326933,1531218326927,266302,0.00002722,2348.00000000,0
1531218327740,1531218327735,266303,0.00002711,58.00000000,1
1531218331508,1531218331505,266304,0.00002712,50.00000000,1
1531218363360,1531218363356,266305,0.00002724,50.00000000,0
1531218406438,1531218406435,266306,0.00002726,2.00000000,1
1531218556499,1531218556495,266307,0.00002726,458.00000000,1
1531218556499,1531218556495,266308,0.00002712,846.00000000,1
1531218556499,1531218556495,266309,0.00002711,196.00000000,1
1531218611990,1531218611986,266310,0.00002723,74.00000000,0
1531218628017,1531218628013,266311,0.00002711,74.00000000,1
1531218636433,1531218636428,266312,0.00002720,74.00000000,0
1531218646691,1531218646686,266313,0.00002711,74.00000000,1
1531218677884,1531218677880,266314,0.00002717,184.00000000,0
1531218680180,1531218680177,266315,0.00002716,70.00000000,0
1531218700365,1531218700361,266316,0.00002712,70.00000000,1
1531218704488,1531218704484,266317,0.00002713,4.00000000,0
1531218706314,1531218706308,266318,0.00002713,755.00000000,0
1531218709423,1531218709419,266319,0.00002713,194.00000000,0
1531218711953,1531218711949,266320,0.00002713,70.00000000,0
1531218738590,1531218738586,266321,0.00002712,70.00000000,1
1531218753278,1531218753272,266322,0.00002713,564.00000000,0
1531218775700,1531218775696,266323,0.00002713,124.00000000,0
1531218781711,1531218781707,266324,0.00002713,1.00000000,0
1531218785912,1531218785907,266325,0.00002713,70.00000000,0
1531218802742,1531218802738,266326,0.00002712,70.00000000,1
1531218811118,1531218811114,266327,0.00002726,70.00000000,0
1531218818021,1531218818016,266328,0.00002725,6.00000000,0
1531218825636,1531218825631,266329,0.00002714,70.00000000,1
1531218913656,1531218913652,266330,0.00002718,1.00000000,0
1531218917744,1531218917738,266331,0.00002716,1151.00000000,0
1531218917761,1531218917755,266332,0.00002719,484.00000000,0
1531218928779,1531218928774,266333,0.00002724,209.00000000,0
1531218928779,1531218928774,266334,0.00002725,575.00000000,0
1531218928779,1531218928774,266335,0.00002727,218.00000000,0
1531218928779,1531218928774,266336,0.00002736,498.00000000,0
1531218932176,1531218932172,266337,0.00002736,31.00000000,0
1531218968440,1531218968436,266338,0.00002738,1585.00000000,0
1531218968454,1531218968450,266339,0.00002740,605.00000000,0
1531218987787,1531218987781,266340,0.00002740,1335.00000000,0
1531218987801,1531218987796,266341,0.00002740,712.00000000,0
1531219006871,1531219006867,266342,0.00002738,918.00000000,0
1531219006878,1531219006873,266343,0.00002741,328.00000000,0
1531219042673,1531219042668,266344,0.00002741,110.00000000,0
1531219042684,1531219042679,266345,0.00002741,1895.00000000,0
1531219049803,1531219049797,266346,0.00002736,732.00000000,1
1531219089413,1531219089408,266347,0.00002736,630.00000000,1
1531219129752,1531219129747,266348,0.00002740,300.00000000,0
1531219157253,1531219157248,266349,0.00002741,44.00000000,0
1531219167053,1531219167049,266350,0.00002742,376.00000000,0
1531219167080,1531219167077,266351,0.00002742,146.00000000,0
1531219195032,1531219195027,266352,0.00002740,685.00000000,0
1531219225143,1531219225139,266353,0.00002738,368.00000000,0
1531219225162,1531219225157,266354,0.00002740,174.00000000,0
1531219287975,1531219287970,266355,0.00002738,540.00000000,0
1531219287987,1531219287984,266356,0.00002740,276.00000000,0
1531219290222,1531219290216,266357,0.00002741,70.00000000,0
1531219299048,1531219299043,266358,0.00002738,6964.00000000,0
1531219299058,1531219299052,266359,0.00002740,2951.00000000,0
1531219305462,1531219305457,266360,0.00002736,437.00000000,1
1531219307692,1531219307688,266361,0.00002737,239.00000000,1
1531219307692,1531219307688,266362,0.00002736,491.00000000,1
1531219343177,1531219343171,266363,0.00002736,239.00000000,1
1531219371697,1531219371693,266364,0.00002738,364.00000000,0
1531219383273,1531219383268,266365,0.00002737,100.00000000,1
1531219383273,1531219383268,266366,0.00002736,1113.00000000,1
1531219396081,1531219396075,266367,0.00002738,2940.00000000,0
1531219396081,1531219396075,266368,0.00002739,710.00000000,0
1531219480597,1531219480593,266369,0.00002744,2714.00000000,0
1531219480613,1531219480607,266370,0.00002744,2296.00000000,0
1531219489296,1531219489291,266371,0.00002744,200.00000000,1
1531219532984,1531219532979,266372,0.00002745,2755.00000000,0
1531219538054,1531219538049,266373,0.00002744,1.00000000,1
1531219542314,1531219542309,266374,0.00002744,188.00000000,1
1531219606416,1531219606411,266375,0.00002746,3052.00000000,0
1531219606429,1531219606424,266376,0.00002748,1932.00000000,0
1531219655734,1531219655729,266377,0.00002746,267.00000000,0
1531219655748,1531219655743,266378,0.00002748,125.00000000,0
1531219665479,1531219665475,266379,0.00002748,793.00000000,0
1531219678430,1531219678426,266380,0.00002747,91.00000000,0
1531219690403,1531219690399,266381,0.00002729,70.00000000,1
1531219701976,1531219701970,266382,0.00002746,70.00000000,0
1531219701976,1531219701970,266383,0.00002747,31.00000000,0
1531219702461,1531219702455,266384,0.00002729,6.00000000,1
1531219708087,1531219708083,266385,0.00002738,621.00000000,0
1531219708105,1531219708101,266386,0.00002747,407.00000000,0
1531219723646,1531219723642,266387,0.00002748,855.00000000,0
1531219723665,1531219723661,266388,0.00002748,2900.00000000,0
1531219779261,1531219779257,266389,0.00002748,746.00000000,0
1531219779287,1531219779281,266390,0.00002748,2336.00000000,0
1531219826017,1531219826013,266391,0.00002748,2850.00000000,0
1531219830782,1531219830776,266392,0.00002736,200.00000000,1
1531220012724,1531220012720,266393,0.00002736,12.00000000,1
1531220162527,1531220162523,266394,0.00002735,67.00000000,0
1531220166444,1531220166440,266395,0.00002735,2497.00000000,0
1531220205507,1531220205506,266396,0.00002735,67.00000000,1
1531220288475,1531220288469,266397,0.00002732,4085.00000000,0
1531220288489,1531220288484,266398,0.00002735,2495.00000000,0
1531220288509,1531220288507,266399,0.00002735,1964.00000000,0
1531220320927,1531220320923,266400,0.00002732,5175.00000000,0
1531220320946,1531220320942,266401,0.00002735,1418.00000000,0
1531220320968,1531220320964,266402,0.00002735,2614.00000000,0
1531220566915,1531220566908,266403,0.00002732,5318.00000000,0
1531220566931,1531220566927,266404,0.00002735,2631.00000000,0
1531220566954,1531220566949,266405,0.00002735,2273.00000000,0
1531220567966,1531220567960,266406,0.00002736,40.00000000,0
1531220601855,1531220601850,266407,0.00002735,1671.00000000,0
1531220601872,1531220601867,266408,0.00002735,1261.00000000,0
1531220627234,1531220627230,266409,0.00002732,7255.00000000,0
1531220627249,1531220627243,266410,0.00002735,1101.00000000,0
1531220627279,1531220627274,266411,0.00002735,2648.00000000,0
1531220635872,1531220635866,266412,0.00002732,1741.00000000,0
1531220635884,1531220635880,266413,0.00002735,708.00000000,0
1531220688310,1531220688304,266414,0.00002730,200.00000000,1
1531220695374,1531220695370,266415,0.00002730,816.00000000,1
1531220695383,1531220695379,266416,0.00002730,4477.00000000,0
1531220695395,1531220695391,266417,0.00002731,2720.00000000,0
1531220695419,1531220695414,266418,0.00002731,2497.00000000,0
1531220764169,1531220764164,266419,0.00002729,54.00000000,1
1531220789584,1531220789579,266420,0.00002729,480.00000000,1
1531220807220,1531220807215,266421,0.00002732,3044.00000000,0
1531220807229,1531220807223,266422,0.00002735,1834.00000000,0
1531220841604,1531220841599,266423,0.00002732,8397.00000000,0
1531220841618,1531220841614,266424,0.00002735,2837.00000000,0
1531220887858,1531220887852,266425,0.00002735,2945.00000000,0
1531220887880,1531220887876,266426,0.00002735,1049.00000000,0
1531220899667,1531220899663,266427,0.00002735,1844.00000000,0
1531220920754,1531220920749,266428,0.00002736,1.00000000,0
1531220946876,1531220946871,266429,0.00002735,701.00000000,0
1531220946894,1531220946889,266430,0.00002735,669.00000000,0
1531220960482,1531220960478,266431,0.00002732,107.00000000,0
1531220960492,1531220960488,266432,0.00002735,52.00000000,0
1531220986327,1531220986322,266433,0.00002735,2577.00000000,0
1531220986347,1531220986342,266434,0.00002735,2553.00000000,0
1531221024584,1531221024578,266435,0.00002735,1564.00000000,0
1531221065791,1531221065787,266436,0.00002732,3397.00000000,0
1531221065801,1531221065797,266437,0.00002735,2498.00000000,0
1531221098091,1531221098087,266438,0.00002732,1445.00000000,0
1531221098103,1531221098097,266439,0.00002735,1063.00000000,0
1531221128431,1531221128425,266440,0.00002730,1012.00000000,1
1531221128444,1531221128440,266441,0.00002730,2369.00000000,1
1531221154010,1531221154005,266442,0.00002729,7.00000000,1
1531221162087,1531221162081,266443,0.00002735,265.00000000,0
1531221206657,1531221206651,266444,0.00002733,1350.00000000,0
1531221206668,1531221206663,266445,0.00002730,549.00000000,1
1531221243666,1531221243663,266446,0.00002732,378.00000000,0
1531221243678,1531221243672,266447,0.00002735,1199.00000000,0
1531221243688,1531221243684,266448,0.00002735,180.00000000,0
1531221267093,1531221267087,266449,0.00002735,1502.00000000,0
1531221267113,1531221267109,266450,0.00002735,913.00000000,0
1531221285072,1531221285067,266451,0.00002732,4401.00000000,0
1531221285082,1531221285077,266452,0.00002735,1897.00000000,0
1531221327390,1531221327385,266453,0.00002732,733.00000000,0
1531221327404,1531221327399,266454,0.00002735,2429.00000000,0
1531221327430,1531221327424,266455,0.00002735,719.00000000,0
1531221358829,1531221358824,266456,0.00002735,5.00000000,0
1531221358904,1531221358899,266457,0.00002732,8347.00000000,0
1531221358919,1531221358914,266458,0.00002735,44.00000000,0
1531221358936,1531221358932,266459,0.00002735,2955.00000000,0
1531221406801,1531221406797,266460,0.00002735,5.00000000,1
1531221422105,1531221422101,266461,0.00002734,65.00000000,0
1531221422131,1531221422126,266462,0.00002735,2955.00000000,0
1531221438466,1531221438462,266463,0.00002736,53.00000000,0
1531221467644,1531221467638,266464,0.00002735,5.00000000,1
1531221478937,1531221478934,266465,0.00002731,1024.00000000,0
1531221478945,1531221478941,266466,0.00002734,229.00000000,0
1531221478962,1531221478957,266467,0.00002734,420.00000000,0
1531221478978,1531221478974,266468,0.00002735,2955.00000000,0
1531221525586,1531221525582,266469,0.00002735,5.00000000,1
1531221554905,1531221554900,266470,0.00002732,1801.00000000,0
1531221554918,1531221554913,266471,0.00002735,628.00000000,0
1531221554935,1531221554931,266472,0.00002735,1170.00000000,0
1531221599922,1531221599917,266473,0.00002736,301.00000000,0
1531221603168,1531221603163,266474,0.00002730,380.00000000,1
1531221607321,1531221607316,266475,0.00002733,4046.00000000,0
1531221607335,1531221607332,266476,0.00002730,2552.00000000,1
1531221608235,1531221608230,266477,0.00002730,40.00000000,0
1531221615254,1531221615250,266478,0.00002730,340.00000000,0
1531221616076,1531221616071,266479,0.00002736,452.00000000,0
1531221646620,1531221646615,266480,0.00002732,2063.00000000,0
1531221646632,1531221646628,266481,0.00002735,2803.00000000,0
1531221646646,1531221646640,266482,0.00002735,938.00000000,0
1531221672785,1531221672780,266483,0.00002729,155.00000000,0
1531221672802,1531221672798,266484,0.00002735,669.00000000,0
1531221672820,1531221672816,266485,0.00002735,111.00000000,0
1531221706287,1531221706283,266486,0.00002735,1862.00000000,0
1531221706306,1531221706300,266487,0.00002735,2696.00000000,0
1531221714613,1531221714609,266488,0.00002735,1718.00000000,0
1531221714627,1531221714622,266489,0.00002735,994.00000000,0
1531221732712,1531221732708,266490,0.00002734,73.00000000,0
1531221743931,1531221743926,266491,0.00002724,251.00000000,1
1531221744272,1531221744269,266492,0.00002723,333.00000000,0
1531221759756,1531221759750,266493,0.00002733,39.00000000,0
1531221823166,1531221823161,266494,0.00002731,52.00000000,0
1531221835374,1531221835370,266495,0.00002725,189.00000000,1
1531221985959,1531221985955,266496,0.00002731,160.00000000,0
1531221985959,1531221985955,266497,0.00002735,386.00000000,0
1531221985959,1531221985955,266498,0.00002736,2524.00000000,0
1531221988214,1531221988209,266499,0.00002749,37.00000000,0
1531221988214,1531221988209,266500,0.00002757,2606.00000000,0
1531221988214,1531221988209,266501,0.00002758,195.00000000,0
1531221988214,1531221988209,266502,0.00002760,76.00000000,0
1531222001058,1531222001053,266503,0.00002742,250.00000000,1
1531222001058,1531222001053,266504,0.00002739,2650.00000000,1
1531222004982,1531222004978,266505,0.00002759,250.00000000,0
1531222004982,1531222004978,266506,0.00002760,68.00000000,0
1531222004982,1531222004978,266507,0.00002761,2650.00000000,0
1531222069200,1531222069196,266508,0.00002761,2730.00000000,0
1531222100615,1531222100611,266509,0.00002762,375.00000000,0
1531222100667,1531222100662,266510,0.00002762,150.00000000,1
1531222100668,1531222100664,266511,0.00002762,1090.00000000,1
1531222100784,1531222100780,266512,0.00002762,150.00000000,1
1531222106898,1531222106894,266513,0.00002763,509.00000000,1
1531222106939,1531222106936,266514,0.00002763,56.00000000,1
1531222145397,1531222145392,266515,0.00002763,59.00000000,1
1531222164816,1531222164812,266516,0.00002764,53.00000000,0
1531222170981,1531222170978,266517,0.00002764,156.00000000,1
1531222172384,1531222172379,266518,0.00002764,197.00000000,1
1531222175800,1531222175795,266519,0.00002764,348.00000000,1
1531222176854,1531222176850,266520,0.00002764,367.00000000,1
1531222178417,1531222178413,266521,0.00002764,40.00000000,1
1531222178866,1531222178864,266522,0.00002765,42.00000000,0
1531222182217,1531222182212,266523,0.00002766,8.00000000,1
1531222184045,1531222184039,266524,0.00002766,241.00000000,1
1531222184406,1531222184403,266525,0.00002768,188.00000000,0
1531222184420,1531222184415,266526,0.00002768,293.00000000,0
1531222235250,1531222235246,266527,0.00002768,9.00000000,1
1531222255244,1531222255239,266528,0.00002769,207.00000000,0
1531222288779,1531222288774,266529,0.00002769,212.00000000,1
1531222288779,1531222288774,266530,0.00002768,505.00000000,1
1531222294997,1531222294992,266531,0.00002768,1225.00000000,1
1531222294997,1531222294992,266532,0.00002767,436.00000000,1
1531222310760,1531222310757,266533,0.00002769,2805.00000000,0
1531222310771,1531222310767,266534,0.00002768,2977.00000000,1
1531222310790,1531222310787,266535,0.00002768,1446.00000000,1
1531222324974,1531222324970,266536,0.00002766,932.00000000,1
1531222336542,1531222336538,266537,0.00002766,466.00000000,1
1531222345206,1531222345203,266538,0.00002769,458.00000000,0
1531222345233,1531222345229,266539,0.00002769,2685.00000000,0
1531222347954,1531222347950,266540,0.00002764,746.00000000,1
1531222354454,1531222354449,266541,0.00002764,1.00000000,1
1531222384656,1531222384652,266542,0.00002765,415.00000000,1
1531222403565,1531222403562,266543,0.00002764,308.00000000,1
1531222425287,1531222425283,266544,0.00002769,835.00000000,0
1531222437493,1531222437489,266545,0.00002769,2971.00000000,0
1531222437513,1531222437510,266546,0.00002769,1028.00000000,0
1531222466053,1531222466048,266547,0.00002766,1592.00000000,0
1531222466063,1531222466059,266548,0.00002769,971.00000000,0
1531222508056,1531222508052,266549,0.00002769,2040.00000000,0
1531222508082,1531222508078,266550,0.00002769,531.00000000,0
1531222516623,1531222516619,266551,0.00002764,200.00000000,1
1531222545611,1531222545608,266552,0.00002766,2626.00000000,0
1531222545627,1531222545624,266553,0.00002769,1716.00000000,0
1531222545647,1531222545642,266554,0.00002769,1026.00000000,0
1531222622111,1531222622107,266555,0.00002764,1.00000000,1
1531222625889,1531222625885,266556,0.00002764,447.00000000,1
1531222685396,1531222685392,266557,0.00002763,455.00000000,1
1531222685396,1531222685392,266558,0.00002762,446.00000000,1
1531222711023,1531222711019,266559,0.00002755,310.00000000,0
1531222728639,1531222728633,266560,0.00002755,263.00000000,0
1531222734121,1531222734117,266561,0.00002755,250.00000000,0
1531222766479,1531222766476,266562,0.00002743,300.00000000,0
1531222767555,1531222767553,266563,0.00002744,2420.00000000,0
1531222767576,1531222767572,266564,0.00002744,1910.00000000,0
1531222773916,1531222773911,266565,0.00002741,37.00000000,1
1531222774098,1531222774095,266566,0.00002741,1514.00000000,0
1531222799385,1531222799382,266567,0.00002740,461.00000000,0
1531222808017,1531222808014,266568,0.00002731,661.00000000,0
1531222808777,1531222808772,266569,0.00002731,660.00000000,0
1531222814991,1531222814988,266570,0.00002724,1680.00000000,0
1531222815166,1531222815165,266571,0.00002724,286.00000000,0
1531222816104,1531222816100,266572,0.00002724,78.00000000,0
1531222816889,1531222816884,266573,0.00002724,761.00000000,0
1531222826855,1531222826852,266574,0.00002723,861.00000000,0
1531222845392,1531222845390,266575,0.00002723,997.00000000,0
1531222879895,1531222879892,266576,0.00002730,100.00000000,0
1531222903150,1531222903148,266577,0.00002730,359.00000000,0
1531222922293,1531222922289,266578,0.00002732,166.00000000,1
1531222929007,1531222929003,266579,0.00002742,543.00000000,0
1531222970216,1531222970212,266580,0.00002732,233.00000000,0
1531223007555,1531223007554,266581,0.00002731,96.00000000,1
1531223014694,1531223014690,266582,0.00002729,172.00000000,1
1531223037812,1531223037809,266583,0.00002722,1.00000000,1
1531223066816,1531223066813,266584,0.00002726,2580.00000000,0
1531223075239,1531223075234,266585,0.00002727,2338.00000000,0
1531223075259,1531223075256,266586,0.00002727,687.00000000,0
1531223080958,1531223080954,266587,0.00002721,200.00000000,1
1531223080958,1531223080954,266588,0.00002720,142.00000000,1
1531223140196,1531223140192,266589,0.00002726,172.00000000,0
1531223149969,1531223149966,266590,0.00002728,847.00000000,1
1531223150181,1531223150177,266591,0.00002728,518.00000000,0
1531223152533,1531223152529,266592,0.00002728,288.00000000,0
1531223172590,1531223172586,266593,0.00002744,364.00000000,0
1531223177545,1531223177542,266594,0.00002728,220.00000000,1
1531223195785,1531223195782,266595,0.00002724,2745.00000000,0
1531223195797,1531223195794,266596,0.00002727,1064.00000000,0
1531223218642,1531223218637,266597,0.00002726,472.00000000,1
1531223218799,1531223218796,266598,0.00002725,518.00000000,1
1531223229587,1531223229583,266599,0.00002725,4581.00000000,1
1531223304330,1531223304329,266600,0.00002726,140.00000000,0
1531223311722,1531223311718,266601,0.00002725,2.00000000,1
1531223333960,1531223333957,266602,0.00002725,495.00000000,1
1531223333960,1531223333957,266603,0.00002720,76.00000000,1
1531223407451,1531223407446,266604,0.00002720,3.00000000,1
1531223545759,1531223545756,266605,0.00002725,4615.00000000,0
1531223545775,1531223545771,266606,0.00002729,439.00000000,0
1531223545775,1531223545771,266607,0.00002730,2260.00000000,0
1531223545787,1531223545784,266608,0.00002730,2429.00000000,0
1531223555183,1531223555181,266609,0.00002738,800.00000000,0
1531223589929,1531223589924,266610,0.00002720,7.00000000,1
1531223589929,1531223589924,266611,0.00002718,1.00000000,1
1531223645683,1531223645680,266612,0.00002731,796.00000000,0
1531223662720,1531223662716,266613,0.00002721,1509.00000000,1
1531223662720,1531223662716,266614,0.00002718,500.00000000,1
1531223662720,1531223662716,266615,0.00002717,3389.00000000,1
1531223663056,1531223663052,266616,0.00002717,827.00000000,0
1531223665846,1531223665841,266617,0.00002717,826.00000000,0
1531223676901,1531223676897,266618,0.00002717,238.00000000,0
1531223677811,1531223677806,266619,0.00002716,1.00000000,1
1531223678710,1531223678707,266620,0.00002717,1104.00000000,0
1531223678753,1531223678748,266621,0.00002717,1104.00000000,0
1531223707414,1531223707413,266622,0.00002716,43.00000000,1
1531223713216,1531223713212,266623,0.00002717,74.00000000,0
1531223723940,1531223723936,266624,0.00002716,37.00000000,1
1531223732112,1531223732108,266625,0.00002714,10.00000000,0
1531223788989,1531223788986,266626,0.00002715,850.00000000,1
1531223788989,1531223788986,266627,0.00002713,148.00000000,1
1531223788989,1531223788986,266628,0.00002711,5194.00000000,1
1531223849753,1531223849753,266629,0.00002723,2150.00000000,0
1531223868689,1531223868686,266630,0.00002713,47.00000000,0
1531223869196,1531223869191,266631,0.00002713,28.00000000,0
1531223931881,1531223931879,266632,0.00002723,41.00000000,1
1531223945955,1531223945954,266633,0.00002723,131.00000000,1
1531223973056,1531223973057,266634,0.00002721,11.00000000,0
1531223987070,1531223987067,266635,0.00002715,3075.00000000,0
1531223987087,1531223987086,266636,0.00002720,1202.00000000,0
1531223987102,1531223987099,266637,0.00002720,1398.00000000,0
1531224026791,1531224026787,266638,0.00002714,415.00000000,0
1531224026802,1531224026800,266639,0.00002718,187.00000000,0
1531224081538,1531224081535,266640,0.00002718,952.00000000,0
1531224089092,1531224089088,266641,0.00002720,1324.00000000,0
1531224167745,1531224167743,266642,0.00002733,395.00000000,0
1531224187557,1531224187554,266643,0.00002727,4540.00000000,0
1531224187568,1531224187566,266644,0.00002735,1645.00000000,0
1531224210787,1531224210784,266645,0.00002731,2048.00000000,0
1531224210809,1531224210806,266646,0.00002731,295.00000000,0
1531224227861,1531224227858,266647,0.00002732,2279.00000000,0
1531224227886,1531224227883,266648,0.00002732,37.00000000,0
1531224241248,1531224241244,266649,0.00002730,959.00000000,0
1531224270178,1531224270179,266650,0.00002731,366.00000000,0
1531224285185,1531224285181,266651,0.00002730,2796.00000000,0
1531224316029,1531224316026,266652,0.00002730,2001.00000000,0
1531224316072,1531224316043,266653,0.00002730,37.00000000,0
1531224366994,1531224366990,266654,0.00002730,1777.00000000,0
1531224367014,1531224367011,266655,0.00002730,2638.00000000,0
1531224427225,1531224427223,266656,0.00002724,2883.00000000,0
1531224427241,1531224427238,266657,0.00002730,1076.00000000,0
1531224470316,1531224470312,266658,0.00002729,2860.00000000,0
1531224470341,1531224470338,266659,0.00002729,621.00000000,0
1531224507229,1531224507226,266660,0.00002729,363.00000000,0
1531224544825,1531224544822,266661,0.00002724,2585.00000000,0
1531224544845,1531224544841,266662,0.00002729,2561.00000000,0
1531224544866,1531224544866,266663,0.00002729,1821.00000000,0
1531224586268,1531224586264,266664,0.00002729,2813.00000000,0
1531224586279,1531224586275,266665,0.00002729,1352.00000000,0
1531224598190,1531224598187,266666,0.00002729,1078.00000000,0
1531224726876,1531224726873,266667,0.00002729,1879.00000000,0
1531224726893,1531224726889,266668,0.00002729,1286.00000000,0
1531224765641,1531224765637,266669,0.00002729,478.00000000,0
1531224765663,1531224765660,266670,0.00002729,1937.00000000,0
1531224793307,1531224793303,266671,0.00002724,5327.00000000,0
1531224793316,1531224793320,266672,0.00002729,1876.00000000,0
1531224826667,1531224826663,266673,0.00002729,37.00000000,0
1531224836692,1531224836689,266674,0.00002721,2017.00000000,0
1531224836705,1531224836701,266675,0.00002729,820.00000000,0
1531224849524,1531224849521,266676,0.00002730,387.00000000,0
1531224922480,1531224922477,266677,0.00002720,3522.00000000,0
1531224922502,1531224922499,266678,0.00002728,1631.00000000,0
1531224946944,1531224946942,266679,0.00002721,2692.00000000,0
1531224946956,1531224946953,266680,0.00002728,1844.00000000,0
1531225027034,1531225027030,266681,0.00002728,402.00000000,0
1531225086190,1531225086187,266682,0.00002728,2249.00000000,0
1531225126598,1531225126599,266683,0.00002726,1636.00000000,0
1531225126615,1531225126612,266684,0.00002726,2532.00000000,0
1531225133611,1531225133607,266685,0.00002730,3.00000000,0
1531225141650,1531225141645,266686,0.00002717,238.00000000,1
1531225141650,1531225141645,266687,0.00002712,1031.00000000,1
1531225141650,1531225141645,266688,0.00002711,3351.00000000,1
1531225151735,1531225151732,266689,0.00002729,1.00000000,0
1531225222144,1531225222141,266690,0.00002711,116.00000000,1
1531225310365,1531225310362,266691,0.00002719,853.00000000,0
1531225313585,1531225313582,266692,0.00002727,237.00000000,0
1531225313585,1531225313582,266693,0.00002728,306.00000000,0
1531225339090,1531225339086,266694,0.00002728,53.00000000,0
1531225347768,1531225347764,266695,0.00002721,412.00000000,0
1531225347781,1531225347776,266696,0.00002727,1618.00000000,0
1531225347799,1531225347796,266697,0.00002727,333.00000000,0
1531225386572,1531225386568,266698,0.00002727,824.00000000,0
1531225420999,1531225420994,266699,0.00002727,882.00000000,0
1531225420999,1531225420994,266700,0.00002728,116.00000000,0
1531225420999,1531225420994,266701,0.00002729,686.00000000,0
1531225421200,1531225421199,266702,0.00002729,1684.00000000,0
1531225421267,1531225421262,266703,0.00002729,1523.00000000,0
1531225421301,1531225421296,266704,0.00002730,10.00000000,0
1531225421301,1531225421296,266705,0.00002731,34.00000000,0
1531225421301,1531225421296,266706,0.00002737,496.00000000,0
1531225421301,1531225421296,266707,0.00002738,73.00000000,0
1531225421301,1531225421296,266708,0.00002740,47.00000000,0
1531225424713,1531225424710,266709,0.00002748,1.00000000,0
1531225434856,1531225434854,266710,0.00002741,216.00000000,1
1531225525944,1531225525940,266711,0.00002741,1.00000000,1
1531225528646,1531225528642,266712,0.00002741,5.00000000,1
1531225528646,1531225528642,266713,0.00002723,477.00000000,1
1531225637955,1531225637951,266714,0.00002734,3.00000000,0
1531225693134,1531225693136,266715,0.00002728,110.00000000,0
1531225732312,1531225732302,266716,0.00002722,627.00000000,0
1531225732316,1531225732313,266717,0.00002727,221.00000000,0
1531225846806,1531225846802,266718,0.00002735,5358.00000000,0
1531225846813,1531225846810,266719,0.00002731,2586.00000000,1
1531225846822,1531225846818,266720,0.00002731,2944.00000000,1
1531225848789,1531225848783,266721,0.00002740,5.00000000,0
1531225891767,1531225891763,266722,0.00002740,6.00000000,0
1531225922045,1531225922042,266723,0.00002739,37.00000000,0
1531225922045,1531225922042,266724,0.00002742,56.00000000,0
1531225922045,1531225922042,266725,0.00002751,40.00000000,0
1531225963057,1531225963053,266726,0.00002737,160.00000000,1
1531226288267,1531226288262,266727,0.00002725,2578.00000000,1
1531226313545,1531226313541,266728,0.00002743,554.00000000,0
1531226482066,1531226482061,266729,0.00002750,43.00000000,0
1531226503608,1531226503604,266730,0.00002750,255.00000000,0
1531226623714,1531226623711,266731,0.00002727,256.00000000,1
1531226787042,1531226787037,266732,0.00002737,4268.00000000,0
1531226787063,1531226787060,266733,0.00002730,1721.00000000,1
1531226805360,1531226805357,266734,0.00002735,8245.00000000,0
1531226805376,1531226805373,266735,0.00002726,946.00000000,1
1531226805396,1531226805392,266736,0.00002726,2966.00000000,1
1531226892866,1531226892861,266737,0.00002730,1.00000000,0
1531226904007,1531226904004,266738,0.00002730,2.00000000,0
1531226937150,1531226937147,266739,0.00002730,963.00000000,0
1531227091360,1531227091357,266740,0.00002733,187.00000000,1
1531227376699,1531227376696,266741,0.00002737,610.00000000,0
1531227376715,1531227376712,266742,0.00002743,359.00000000,0
1531227405626,1531227405621,266743,0.00002733,2544.00000000,1
1531227446817,1531227446814,266744,0.00002736,2525.00000000,0
1531227446832,1531227446828,266745,0.00002742,1954.00000000,0
1531227446847,1531227446842,266746,0.00002742,1226.00000000,0
1531227526880,1531227526876,266747,0.00002739,179.00000000,0
1531227767171,1531227767167,266748,0.00002735,2680.00000000,1
1531227767188,1531227767183,266749,0.00002735,77.00000000,1
1531227846696,1531227846691,266750,0.00002742,618.00000000,0
1531227926906,1531227926902,266751,0.00002740,1950.00000000,0
1531227926921,1531227926918,266752,0.00002735,920.00000000,1
1531227926940,1531227926935,266753,0.00002735,1219.00000000,1
1531227950306,1531227950303,266754,0.00002736,248.00000000,1
1531227956569,1531227956565,266755,0.00002737,2822.00000000,1
1531227956582,1531227956579,266756,0.00002737,337.00000000,1
1531228006924,1531228006921,266757,0.00002738,983.00000000,0
1531228006936,1531228006932,266758,0.00002740,2886.00000000,0
1531228006946,1531228006943,266759,0.00002740,683.00000000,0
1531228022742,1531228022738,266760,0.00002736,203.00000000,1
1531228022742,1531228022738,266761,0.00002735,3051.00000000,1
1531228150767,1531228150762,266762,0.00002734,80.00000000,1
1531228150767,1531228150762,266763,0.00002733,508.00000000,1
1531228150767,1531228150762,266764,0.00002731,265.00000000,1
1531228150767,1531228150762,266765,0.00002730,2275.00000000,1
1531228166185,1531228166180,266766,0.00002731,136.00000000,1
1531228176744,1531228176741,266767,0.00002731,2555.00000000,1
1531228176766,1531228176763,266768,0.00002731,37.00000000,1
1531228267458,1531228267454,266769,0.00002738,2069.00000000,0
1531228267473,1531228267468,266770,0.00002738,382.00000000,0
1531228306552,1531228306548,266771,0.00002736,256.00000000,0
1531228306552,1531228306548,266772,0.00002739,231.00000000,0
1531228383907,1531228383904,266773,0.00002731,1278.00000000,1
1531228428129,1531228428125,266774,0.00002733,1579.00000000,0
1531228428143,1531228428140,266775,0.00002731,2323.00000000,1
1531228428162,1531228428159,266776,0.00002731,1549.00000000,1
1531228439325,1531228439322,266777,0.00002734,241.00000000,0
1531228439345,1531228439342,266778,0.00002734,579.00000000,0
1531228440276,1531228440273,266779,0.00002730,716.00000000,1
1531228479091,1531228479087,266780,0.00002731,5087.00000000,0
1531228479113,1531228479108,266781,0.00002732,730.00000000,0
1531228479133,1531228479129,266782,0.00002732,2035.00000000,0
1531228525357,1531228525352,266783,0.00002733,3726.00000000,0
1531228525375,1531228525372,266784,0.00002731,1725.00000000,1
1531228618600,1531228618596,266785,0.00002730,354.00000000,1
1531228630302,1531228630297,266786,0.00002731,544.00000000,0
1531228644663,1531228644658,266787,0.00002735,3.00000000,0
1531228655727,1531228655721,266788,0.00002730,164.00000000,1
1531228655727,1531228655721,266789,0.00002717,7064.00000000,1
1531228655727,1531228655721,266790,0.00002716,3055.00000000,1
1531228655727,1531228655721,266791,0.00002711,5710.00000000,1
1531228655740,1531228655736,266792,0.00002711,3463.00000000,0
1531228691785,1531228691782,266793,0.00002723,1691.00000000,0
1531228708685,1531228708679,266794,0.00002720,814.00000000,0
1531228708693,1531228708689,266795,0.00002721,993.00000000,0
1531228713738,1531228713732,266796,0.00002718,217.00000000,1
1531228716699,1531228716695,266797,0.00002721,5.00000000,0
1531228719030,1531228719025,266798,0.00002721,366.00000000,0
1531228728049,1531228728045,266799,0.00002734,735.00000000,0
1531228751931,1531228751922,266800,0.00002732,1021.00000000,0
1531228751931,1531228751922,266801,0.00002735,65.00000000,0
1531228751931,1531228751922,266802,0.00002737,2611.00000000,0
1531228751931,1531228751922,266803,0.00002738,451.00000000,0
1531228751931,1531228751922,266804,0.00002740,217.00000000,0
1531228751931,1531228751922,266805,0.00002756,53.00000000,0
1531228751931,1531228751922,266806,0.00002757,301.00000000,0
1531228751931,1531228751922,266807,0.00002764,289.00000000,0
1531228751931,1531228751922,266808,0.00002765,690.00000000,0
1531228751931,1531228751922,266809,0.00002768,73.00000000,0
1531228751931,1531228751922,266810,0.00002770,219.00000000,0
1531228751931,1531228751922,266811,0.00002772,222.00000000,0
1531228751931,1531228751922,266812,0.00002778,40.00000000,0
1531228751931,1531228751922,266813,0.00002787,71.00000000,0
1531228751931,1531228751922,266814,0.00002790,54.00000000,0
1531228751931,1531228751922,266815,0.00002792,36.00000000,0
1531228751931,1531228751922,266816,0.00002797,224.00000000,0
1531228753093,1531228753089,266817,0.00002747,2277.00000000,1
1531228754541,1531228754538,266818,0.00002747,64.00000000,1
1531228761677,1531228761673,266819,0.00002757,162.00000000,1
1531228762999,1531228762995,266820,0.00002759,217.00000000,1
1531228763005,1531228763001,266821,0.00002747,217.00000000,1
1531228779051,1531228779045,266822,0.00002746,94.00000000,1
1531228779176,1531228779172,266823,0.00002746,37.00000000,1
1531228781051,1531228781046,266824,0.00002745,93.00000000,1
1531228806116,1531228806113,266825,0.00002738,1497.00000000,0
1531228806127,1531228806124,266826,0.00002745,149.00000000,0
1531228806151,1531228806146,266827,0.00002745,713.00000000,0
1531228845435,1531228845431,266828,0.00002745,2442.00000000,0
1531228866579,1531228866574,266829,0.00002745,2414.00000000,0
1531228866594,1531228866589,266830,0.00002745,2141.00000000,0
1531229074681,1531229074676,266831,0.00002746,364.00000000,0
1531229074870,1531229074867,266832,0.00002746,1510.00000000,0
1531229075684,1531229075679,266833,0.00002746,364.00000000,0
1531229075871,1531229075867,266834,0.00002746,12.00000000,0
1531229078508,1531229078504,266835,0.00002747,40.00000000,0
1531229107089,1531229107086,266836,0.00002751,54.00000000,1
1531229243730,1531229243726,266837,0.00002756,162.00000000,1
1531229267574,1531229267569,266838,0.00002759,64.00000000,0
1531229275586,1531229275581,266839,0.00002762,131.00000000,0
1531229275594,1531229275589,266840,0.00002764,93.00000000,0
1531229275594,1531229275589,266841,0.00002776,162.00000000,0
1531229275594,1531229275589,266842,0.00002787,217.00000000,0
1531229275594,1531229275589,266843,0.00002791,280.00000000,0
1531229275594,1531229275589,266844,0.00002792,3385.00000000,0
1531229275625,1531229275621,266845,0.00002800,2406.00000000,0
1531229275625,1531229275621,266846,0.00002806,201.00000000,0
1531229275625,1531229275621,266847,0.00002807,1530.00000000,0
1531229275635,1531229275632,266848,0.00002807,23.00000000,0
1531229275635,1531229275632,266849,0.00002814,106.00000000,0
1531229276423,1531229276418,266850,0.00002770,55.00000000,1
1531229276423,1531229276418,266851,0.00002768,180.00000000,1
1531229276816,1531229276812,266852,0.00002775,215.00000000,0
1531229276818,1531229276814,266853,0.00002773,80.00000000,1
1531229276829,1531229276824,266854,0.00002773,12.00000000,1
1531229276829,1531229276824,266855,0.00002767,288.00000000,1
1531229277014,1531229277008,266856,0.00002767,3.00000000,1
1531229293453,1531229293447,266857,0.00002772,90.00000000,1
1531229303793,1531229303787,266858,0.00002773,168.00000000,1
1531229312147,1531229312143,266859,0.00002767,93.00000000,1
1531229312863,1531229312860,266860,0.00002765,93.00000000,1
1531229316873,1531229316869,266861,0.00002765,90.00000000,1
1531229317875,1531229317870,266862,0.00002766,28.00000000,0
1531229354103,1531229354099,266863,0.00002770,193.00000000,1
1531229389741,1531229389736,266864,0.00002769,96.00000000,1
1531229399373,1531229399365,266865,0.00002769,5.00000000,1
1531229487455,1531229487450,266866,0.00002769,168.00000000,1
1531229546145,1531229546140,266867,0.00002768,97.00000000,0
1531229626344,1531229626338,266868,0.00002771,1296.00000000,0
1531229626355,1531229626351,266869,0.00002776,1121.00000000,0
1531229626375,1531229626371,266870,0.00002776,953.00000000,0
1531229654923,1531229654917,266871,0.00002772,3389.00000000,0
1531229654944,1531229654939,266872,0.00002768,1614.00000000,1
1531229686855,1531229686851,266873,0.00002776,362.00000000,0
1531229686866,1531229686860,266874,0.00002776,1190.00000000,0
1531229717547,1531229717544,266875,0.00002776,2273.00000000,0
1531229747902,1531229747897,266876,0.00002775,750.00000000,0
1531229775891,1531229775886,266877,0.00002774,1162.00000000,0
1531229808002,1531229807997,266878,0.00002774,459.00000000,0
1531229823960,1531229823956,266879,0.00002771,97.00000000,1
1531229856759,1531229856755,266880,0.00002771,22.00000000,1
1531229860313,1531229860308,266881,0.00002771,496.00000000,1
1531229865539,1531229865534,266882,0.00002771,102.00000000,1
1531229898825,1531229898822,266883,0.00002770,3149.00000000,0
1531229898836,1531229898833,266884,0.00002772,2540.00000000,0
1531229904326,1531229904322,266885,0.00002769,2504.00000000,1
1531229904326,1531229904322,266886,0.00002768,982.00000000,1
1531230035425,1531230035421,266887,0.00002769,489.00000000,1
1531230035425,1531230035421,266888,0.00002766,2000.00000000,1
1531230035492,1531230035488,266889,0.00002755,75.00000000,0
1531230035500,1531230035498,266890,0.00002755,414.00000000,0
1531230035621,1531230035616,266891,0.00002755,75.00000000,1
1531230035621,1531230035616,266892,0.00002754,339.00000000,1
1531230035661,1531230035652,266893,0.00002754,75.00000000,1
1531230035981,1531230035976,266894,0.00002752,271.00000000,1
1531230035981,1531230035976,266895,0.00002751,217.00000000,1
1531230037212,1531230037171,266896,0.00002752,268.00000000,1
1531230037212,1531230037171,266897,0.00002751,949.00000000,1
1531230037212,1531230037171,266898,0.00002750,181.00000000,1
1531230060878,1531230060875,266899,0.00002750,491.00000000,1
1531230061405,1531230061400,266900,0.00002750,3696.00000000,1
1531230105262,1531230105259,266901,0.00002750,3148.00000000,1
1531230144772,1531230144767,266902,0.00002743,37.00000000,1
1531230149426,1531230149421,266903,0.00002738,3.00000000,0
1531230150818,1531230150813,266904,0.00002736,92.00000000,1
1531230150955,1531230150951,266905,0.00002738,346.00000000,0
1531230150977,1531230150974,266906,0.00002738,246.00000000,0
1531230150981,1531230150976,266907,0.00002738,346.00000000,0
1531230151023,1531230151019,266908,0.00002738,191.00000000,0
1531230152051,1531230152046,266909,0.00002738,55.00000000,1
1531230163807,1531230163803,266910,0.00002739,835.00000000,0
1531230187033,1531230187028,266911,0.00002741,1.00000000,0
1531230193273,1531230193268,266912,0.00002741,53.00000000,0
1531230208061,1531230208057,266913,0.00002740,896.00000000,1
1531230208061,1531230208057,266914,0.00002738,100.00000000,1
1531230210370,1531230210368,266915,0.00002737,521.00000000,0
1531230226190,1531230226185,266916,0.00002733,521.00000000,1
1531230228994,1531230228990,266917,0.00002733,977.00000000,1
1531230229017,1531230229013,266918,0.00002733,1405.00000000,1
1531230229045,1531230229040,266919,0.00002733,520.00000000,0
1531230229106,1531230229102,266920,0.00002732,161.00000000,1
1531230233861,1531230233857,266921,0.00002732,3.00000000,0
1531230234177,1531230234172,266922,0.00002732,16.00000000,0
1531230242533,1531230242529,266923,0.00002732,22984.00000000,1
1531230243354,1531230243349,266924,0.00002733,1.00000000,0
1531230276040,1531230276035,266925,0.00002748,1835.00000000,1
1531230276053,1531230276049,266926,0.00002748,2752.00000000,0
1531230276073,1531230276071,266927,0.00002748,1835.00000000,1
1531230327028,1531230327024,266928,0.00002738,3174.00000000,0
1531230327038,1531230327032,266929,0.00002744,1671.00000000,0
1531230330746,1531230330741,266930,0.00002745,41.00000000,0
1531230330746,1531230330741,266931,0.00002748,323.00000000,0
1531230382595,1531230382590,266932,0.00002745,2.00000000,0
1531230408230,1531230408227,266933,0.00002740,5287.00000000,0
1531230408243,1531230408239,266934,0.00002736,790.00000000,1
1531230408265,1531230408261,266935,0.00002736,1973.00000000,1
1531230431329,1531230431325,266936,0.00002744,146.00000000,0
1531230442535,1531230442529,266937,0.00002745,1921.00000000,0
1531230445783,1531230445777,266938,0.00002736,251.00000000,1
1531230445783,1531230445777,266939,0.00002732,849.00000000,1
1531230445783,1531230445777,266940,0.00002731,447.00000000,1
1531230445783,1531230445777,266941,0.00002730,374.00000000,1
1531230467287,1531230467283,266942,0.00002734,1707.00000000,1
1531230467308,1531230467303,266943,0.00002734,2979.00000000,1
1531230477023,1531230477018,266944,0.00002733,45.00000000,1
1531230480493,1531230480490,266945,0.00002730,469.00000000,0
1531230480730,1531230480725,266946,0.00002730,367.00000000,0
1531230480894,1531230480893,266947,0.00002723,98.00000000,1
1531230480898,1531230480893,266948,0.00002723,110.00000000,1
1531230480923,1531230480919,266949,0.00002723,89.00000000,1
1531230481101,1531230481097,266950,0.00002730,3.00000000,0
1531230483446,1531230483442,266951,0.00002721,5.00000000,1
1531230483446,1531230483442,266952,0.00002720,84.00000000,1
1531230483447,1531230483442,266953,0.00002720,64.00000000,1
1531230483447,1531230483442,266954,0.00002716,25.00000000,1
1531230483448,1531230483443,266955,0.00002716,89.00000000,1
1531230483457,1531230483453,266956,0.00002716,89.00000000,1
1531230493957,1531230493953,266957,0.00002722,3.00000000,0
1531230495971,1531230495966,266958,0.00002722,3.00000000,0
1531230497979,1531230497974,266959,0.00002719,3.00000000,0
1531230500173,1531230500168,266960,0.00002718,3.00000000,0
1531230500905,1531230500899,266961,0.00002717,38.00000000,1
1531230502362,1531230502358,266962,0.00002717,282.00000000,1
1531230503389,1531230503383,266963,0.00002718,2255.00000000,0
1531230507605,1531230507601,266964,0.00002717,2161.00000000,1
1531230507804,1531230507800,266965,0.00002716,3480.00000000,0
1531230507814,1531230507808,266966,0.00002718,1758.00000000,0
1531230512525,1531230512522,266967,0.00002718,874.00000000,0
1531230516557,1531230516552,266968,0.00002715,172.00000000,1
1531230520389,1531230520384,266969,0.00002714,41.00000000,1
1531230521792,1531230521788,266970,0.00002718,704.00000000,0
1531230524390,1531230524385,266971,0.00002713,46.00000000,1
1531230527970,1531230527966,266972,0.00002712,1843.00000000,1
1531230531127,1531230531124,266973,0.00002718,297.00000000,0
1531230531727,1531230531721,266974,0.00002711,4158.00000000,1
1531230538913,1531230538910,266975,0.00002710,230.00000000,1
1531230538928,1531230538925,266976,0.00002704,2465.00000000,0
1531230538931,1531230538927,266977,0.00002704,2098.00000000,0
1531230538944,1531230538940,266978,0.00002704,293.00000000,0
1531230539597,1531230539593,266979,0.00002711,75.00000000,0
1531230542968,1531230542965,266980,0.00002715,3.00000000,0
1531230545199,1531230545194,266981,0.00002714,251.00000000,0
1531230545199,1531230545194,266982,0.00002716,396.00000000,0
1531230545199,1531230545194,266983,0.00002717,914.00000000,0
1531230545199,1531230545194,266984,0.00002718,293.00000000,0
1531230548774,1531230548767,266985,0.00002725,1.00000000,0
1531230548939,1531230548935,266986,0.00002720,370.00000000,1
1531230553955,1531230553950,266987,0.00002721,262.00000000,1
1531230554318,1531230554314,266988,0.00002723,59.00000000,0
1531230555099,1531230555094,266989,0.00002721,491.00000000,1
1531230557593,1531230557588,266990,0.00002721,2283.00000000,1
1531230561170,1531230561165,266991,0.00002720,716.00000000,1
1531230588114,1531230588110,266992,0.00002715,72.00000000,0
1531230597018,1531230597010,266993,0.00002714,76.00000000,1
1531230616063,1531230616058,266994,0.00002711,130.00000000,0
1531230616063,1531230616058,266995,0.00002712,170.00000000,0
1531230618214,1531230618210,266996,0.00002712,228.00000000,0
1531230626716,1531230626713,266997,0.00002712,163.00000000,1
1531230635923,1531230635919,266998,0.00002712,170.00000000,1
1531230636634,1531230636631,266999,0.00002712,75.00000000,1
1531230640606,1531230640603,267000,0.00002713,41.00000000,0
1531230641114,1531230641110,267001,0.00002723,6.00000000,0
1531230644671,1531230644666,267002,0.00002714,222.00000000,1
1531230644671,1531230644666,267003,0.00002712,41.00000000,1
1531230644671,1531230644666,267004,0.00002710,201.00000000,1
1531230652764,1531230652759,267005,0.00002716,4180.00000000,0
1531230652776,1531230652771,267006,0.00002711,1802.00000000,1
1531230659388,1531230659383,267007,0.00002722,8.00000000,0
1531230685165,1531230685161,267008,0.00002711,1926.00000000,1
1531230700535,1531230700530,267009,0.00002710,186.00000000,1
1531230701300,1531230701298,267010,0.00002710,128.00000000,0
1531230712260,1531230712255,267011,0.00002710,27.00000000,0
1531230719117,1531230719113,267012,0.00002712,345.00000000,1
1531230726619,1531230726614,267013,0.00002713,637.00000000,1
1531230726634,1531230726629,267014,0.00002713,1529.00000000,1
1531230766229,1531230766224,267015,0.00002714,4555.00000000,1
1531230766229,1531230766224,267016,0.00002713,1088.00000000,1
1531230766667,1531230766663,267017,0.00002713,21.00000000,0
1531230766800,1531230766795,267018,0.00002713,300.00000000,0
1531230771160,1531230771155,267019,0.00002713,300.00000000,0
1531230773742,1531230773739,267020,0.00002713,1245.00000000,0
1531230774646,1531230774641,267021,0.00002718,214.00000000,0
1531230774646,1531230774641,267022,0.00002720,508.00000000,0
1531230775828,1531230775823,267023,0.00002712,336.00000000,0
1531230777070,1531230777066,267024,0.00002712,315.00000000,0
1531230779829,1531230779825,267025,0.00002711,490.00000000,0
1531230780344,1531230780342,267026,0.00002711,973.00000000,0
1531230782114,1531230782110,267027,0.00002712,47.00000000,0
1531230782648,1531230782644,267028,0.00002712,390.00000000,0
1531230782648,1531230782644,267029,0.00002720,47.00000000,0
1531230786586,1531230786583,267030,0.00002720,7.00000000,0
1531230825553,1531230825549,267031,0.00002716,685.00000000,0
1531230825560,1531230825556,267032,0.00002719,1659.00000000,0
1531230825582,1531230825577,267033,0.00002719,519.00000000,0
1531230844180,1531230844176,267034,0.00002716,7482.00000000,0
1531230844193,1531230844190,267035,0.00002719,2878.00000000,0
1531230866628,1531230866622,267036,0.00002715,708.00000000,0
1531230866640,1531230866635,267037,0.00002719,466.00000000,0
1531230881852,1531230881848,267038,0.00002715,5012.00000000,0
1531230881861,1531230881857,267039,0.00002719,2005.00000000,0
1531230907118,1531230907114,267040,0.00002716,1264.00000000,0
1531230907128,1531230907124,267041,0.00002719,545.00000000,0
1531230931969,1531230931965,267042,0.00002716,4577.00000000,0
1531230931982,1531230931979,267043,0.00002719,2719.00000000,0
1531230932006,1531230932001,267044,0.00002719,1734.00000000,0
1531230945294,1531230945291,267045,0.00002716,5562.00000000,0
1531230945307,1531230945303,267046,0.00002719,1905.00000000,0
1531230951172,1531230951168,267047,0.00002719,1.00000000,0
1531230954877,1531230954873,267048,0.00002715,2164.00000000,0
1531230954894,1531230954888,267049,0.00002719,2474.00000000,0
1531230954920,1531230954916,267050,0.00002719,1833.00000000,0
1531230986983,1531230986979,267051,0.00002719,1.00000000,1
1531230986993,1531230986990,267052,0.00002719,663.00000000,0
1531230987010,1531230987005,267053,0.00002719,1.00000000,1
1531231031000,1531231030996,267054,0.00002719,467.00000000,0
1531231051904,1531231051900,267055,0.00002720,297.00000000,0
1531231053253,1531231053248,267056,0.00002723,106.00000000,0
1531231053254,1531231053248,267057,0.00002732,474.00000000,0
1531231053254,1531231053248,267058,0.00002734,70.00000000,0
1531231087767,1531231087763,267059,0.00002724,3582.00000000,0
1531231087777,1531231087774,267060,0.00002731,854.00000000,0
1531231087799,1531231087795,267061,0.00002731,2799.00000000,0
1531231197402,1531231197398,267062,0.00002730,23.00000000,0
1531231200749,1531231200745,267063,0.00002730,1.00000000,0
1531231338597,1531231338594,267064,0.00002729,10.00000000,0
1531231407576,1531231407572,267065,0.00002723,1431.00000000,0
1531231407585,1531231407581,267066,0.00002728,497.00000000,0
1531231421051,1531231421047,267067,0.00002728,2790.00000000,0
1531231421071,1531231421067,267068,0.00002728,439.00000000,0
1531231466170,1531231466166,267069,0.00002728,2341.00000000,0
1531231478478,1531231478474,267070,0.00002728,2514.00000000,0
1531231508127,1531231508122,267071,0.00002728,611.00000000,0
1531231508144,1531231508140,267072,0.00002728,232.00000000,0
1531231536403,1531231536399,267073,0.00002728,2398.00000000,0
1531231545574,1531231545569,267074,0.00002729,150.00000000,0
1531231695989,1531231695984,267075,0.00002730,50.00000000,1
1531231695989,1531231695984,267076,0.00002719,9.00000000,1
1531231723003,1531231722998,267077,0.00002720,294.00000000,0
1531231729969,1531231729965,267078,0.00002719,481.00000000,1
1531231729980,1531231729976,267079,0.00002719,2813.00000000,0
1531231729997,1531231729993,267080,0.00002720,295.00000000,0
1531231730012,1531231730007,267081,0.00002720,2546.00000000,0
1531231757696,1531231757691,267082,0.00002721,56.00000000,0
1531231757696,1531231757691,267083,0.00002731,26.00000000,0
1531231767023,1531231767019,267084,0.00002730,865.00000000,0
1531231806153,1531231806149,267085,0.00002730,1427.00000000,0
1531231806175,1531231806171,267086,0.00002730,1410.00000000,0
1531231831507,1531231831502,267087,0.00002724,974.00000000,0
1531231831514,1531231831511,267088,0.00002730,2243.00000000,0
1531231831523,1531231831519,267089,0.00002730,393.00000000,0
1531231867737,1531231867734,267090,0.00002722,1596.00000000,0
1531231867751,1531231867746,267091,0.00002730,719.00000000,0
1531231904395,1531231904390,267092,0.00002728,3776.00000000,0
1531231904395,1531231904390,267093,0.00002729,5012.00000000,0
1531231919672,1531231919668,267094,0.00002730,3682.00000000,1
1531231944138,1531231944133,267095,0.00002731,3500.00000000,0
1531231971686,1531231971681,267096,0.00002731,611.00000000,0
1531232008629,1531232008624,267097,0.00002733,3953.00000000,0
1531232008645,1531232008640,267098,0.00002732,1781.00000000,1
1531232049139,1531232049134,267099,0.00002732,169.00000000,1
1531232072614,1531232072608,267100,0.00002735,2.00000000,0
1531232086409,1531232086405,267101,0.00002732,1660.00000000,1
1531232086429,1531232086424,267102,0.00002732,331.00000000,1
1531232094804,1531232094799,267103,0.00002735,40.00000000,0
1531232114041,1531232114037,267104,0.00002732,1021.00000000,1
1531232114064,1531232114060,267105,0.00002732,999.00000000,1
1531232146444,1531232146440,267106,0.00002732,1838.00000000,1
1531232147483,1531232147478,267107,0.00002732,72.00000000,1
1531232153724,1531232153719,267108,0.00002732,2283.00000000,1
1531232160737,1531232160733,267109,0.00002732,4.00000000,0
1531232185803,1531232185799,267110,0.00002732,68.00000000,0
1531232187069,1531232187064,267111,0.00002735,2.00000000,0
1531232195157,1531232195153,267112,0.00002734,692.00000000,0
1531232195174,1531232195169,267113,0.00002733,2147.00000000,1
1531232195199,1531232195195,267114,0.00002733,502.00000000,1
1531232195218,1531232195213,267115,0.00002732,2287.00000000,1
1531232227567,1531232227564,267116,0.00002733,604.00000000,0
1531232227581,1531232227577,267117,0.00002732,2455.00000000,1
1531232227594,1531232227589,267118,0.00002732,263.00000000,1
1531232231873,1531232231867,267119,0.00002735,330.00000000,0
1531232231873,1531232231867,267120,0.00002736,194.00000000,0
1531232239211,1531232239206,267121,0.00002734,258.00000000,0
1531232239230,1531232239224,267122,0.00002732,257.00000000,1
1531232239257,1531232239252,267123,0.00002732,100.00000000,1
1531232266197,1531232266192,267124,0.00002732,2864.00000000,1
1531232304080,1531232304075,267125,0.00002732,166.00000000,1
1531232307025,1531232307021,267126,0.00002732,2593.00000000,1
1531232348241,1531232348238,267127,0.00002731,74.00000000,1
1531232348255,1531232348251,267128,0.00002731,3900.00000000,0
1531232348265,1531232348260,267129,0.00002732,166.00000000,0
1531232371810,1531232371807,267130,0.00002733,2185.00000000,1
1531232371832,1531232371828,267131,0.00002733,1052.00000000,1
1531232371847,1531232371842,267132,0.00002732,2593.00000000,1
1531232371865,1531232371861,267133,0.00002731,74.00000000,1
1531232387957,1531232387952,267134,0.00002731,3900.00000000,0
1531232407000,1531232406995,267135,0.00002732,1862.00000000,1
1531232407011,1531232407007,267136,0.00002731,3974.00000000,1
1531232446624,1531232446620,267137,0.00002734,4117.00000000,0
1531232446632,1531232446629,267138,0.00002732,1838.00000000,1
1531232477186,1531232477182,267139,0.00002732,2065.00000000,1
1531232507074,1531232507070,267140,0.00002732,2008.00000000,1
1531232548998,1531232548993,267141,0.00002734,2308.00000000,0
1531232549006,1531232549002,267142,0.00002732,1176.00000000,1
1531232549021,1531232549016,267143,0.00002732,1228.00000000,1
1531232587072,1531232587069,267144,0.00002732,1638.00000000,1
1531232587093,1531232587088,267145,0.00002732,378.00000000,1
1531232607967,1531232607963,267146,0.00002734,7419.00000000,0
1531232607981,1531232607977,267147,0.00002732,2921.00000000,1
1531232610157,1531232610153,267148,0.00002736,2.00000000,0
1531232631474,1531232631472,267149,0.00002736,30.00000000,0
1531232631474,1531232631472,267150,0.00002739,84.00000000,0
1531232631522,1531232631518,267151,0.00002741,133.00000000,0
1531232631547,1531232631541,267152,0.00002742,619.00000000,0
1531232633476,1531232633475,267153,0.00002742,2.00000000,0
1531232633492,1531232633488,267154,0.00002744,736.00000000,0
1531232646905,1531232646901,267155,0.00002742,2964.00000000,1
1531232646921,1531232646917,267156,0.00002742,2239.00000000,1
1531232649336,1531232649332,267157,0.00002744,1.00000000,0
1531232649698,1531232649694,267158,0.00002747,364.00000000,0
1531232661788,1531232661784,267159,0.00002745,200.00000000,1
1531232674542,1531232674538,267160,0.00002741,2393.00000000,1
1531232674552,1531232674548,267161,0.00002741,479.00000000,1
1531232693295,1531232693289,267162,0.00002747,741.00000000,0
1531232727641,1531232727637,267163,0.00002743,2330.00000000,1
1531232731672,1531232731669,267164,0.00002742,40.00000000,1
1531232768438,1531232768434,267165,0.00002746,1569.00000000,1
1531232768458,1531232768455,267166,0.00002746,1429.00000000,1
1531232797489,1531232797485,267167,0.00002746,876.00000000,1
1531232797505,1531232797502,267168,0.00002746,385.00000000,0
1531232797514,1531232797510,267169,0.00002746,876.00000000,1
1531232802049,1531232802045,267170,0.00002742,276.00000000,1
1531232811045,1531232811043,267171,0.00002744,39.00000000,1
1531232827542,1531232827540,267172,0.00002745,266.00000000,1
1531232867720,1531232867716,267173,0.00002746,95.00000000,0
1531232867740,1531232867736,267174,0.00002745,37.00000000,1
1531232886439,1531232886435,267175,0.00002745,59.00000000,1
1531232896863,1531232896859,267176,0.00002745,276.00000000,1
1531232905953,1531232905948,267177,0.00002746,2729.00000000,1
1531232938227,1531232938223,267178,0.00002746,984.00000000,1
1531233008395,1531233008391,267179,0.00002747,1.00000000,0
1531233008395,1531233008391,267180,0.00002759,8.00000000,0
1531233026511,1531233026507,267181,0.00002747,266.00000000,1
1531233043104,1531233043099,267182,0.00002744,539.00000000,1
1531233053221,1531233053218,267183,0.00002747,462.00000000,1
1531233086041,1531233086038,267184,0.00002751,1260.00000000,0
1531233086060,1531233086057,267185,0.00002743,1612.00000000,1
1531233086080,1531233086076,267186,0.00002743,481.00000000,1
1531233098912,1531233098908,267187,0.00002760,5.00000000,0
1531233124964,1531233124955,267188,0.00002743,280.00000000,1
1531233124982,1531233124979,267189,0.00002743,952.00000000,1
1531233146763,1531233146760,267190,0.00002752,5349.00000000,0
1531233146779,1531233146776,267191,0.00002744,2157.00000000,1
1531233157725,1531233157721,267192,0.00002744,2059.00000000,1
1531233188082,1531233188079,267193,0.00002743,2668.00000000,1
1531233216092,1531233216089,267194,0.00002743,1762.00000000,1
1531233248525,1531233248523,267195,0.00002752,5777.00000000,0
1531233248539,1531233248537,267196,0.00002745,2222.00000000,1
1531233259211,1531233259205,267197,0.00002760,261.00000000,0
1531233259211,1531233259205,267198,0.00002761,37.00000000,0
1531233259211,1531233259205,267199,0.00002766,73.00000000,0
1531233259211,1531233259205,267200,0.00002768,40.00000000,0
1531233259211,1531233259205,267201,0.00002769,53.00000000,0
1531233259211,1531233259205,267202,0.00002774,37.00000000,0
1531233259211,1531233259205,267203,0.00002783,36.00000000,0
1531233259211,1531233259205,267204,0.00002796,40.00000000,0
1531233259211,1531233259205,267205,0.00002802,2617.00000000,0
1531233259211,1531233259205,267206,0.00002803,215.00000000,0
1531233259211,1531233259205,267207,0.00002816,992.00000000,0
1531233259981,1531233259977,267208,0.00002765,93.00000000,0
1531233260125,1531233260121,267209,0.00002765,54.00000000,0
1531233260137,1531233260137,267210,0.00002765,130.00000000,0
1531233284792,1531233284788,267211,0.00002765,1367.00000000,0
1531233308168,1531233308164,267212,0.00002755,38.00000000,1
1531233322243,1531233322240,267213,0.00002758,38.00000000,0
1531233322250,1531233322247,267214,0.00002753,37.00000000,1
1531233361118,1531233361115,267215,0.00002760,57.00000000,1
1531233361412,1531233361409,267216,0.00002760,3587.00000000,1
1531233392880,1531233392876,267217,0.00002755,737.00000000,1
1531233392893,1531233392890,267218,0.00002755,1934.00000000,1
1531233446080,1531233446076,267219,0.00002757,1035.00000000,0
1531233446092,1531233446088,267220,0.00002755,1037.00000000,1
1531233446112,1531233446109,267221,0.00002755,639.00000000,1
1531233463412,1531233463409,267222,0.00002755,40.00000000,1
1531233463693,1531233463691,267223,0.00002755,1836.00000000,1
1531233471641,1531233471638,267224,0.00002754,40.00000000,1
1531233478264,1531233478261,267225,0.00002755,3629.00000000,0
1531233486364,1531233486360,267226,0.00002755,10.00000000,0
1531233506714,1531233506711,267227,0.00002747,190.00000000,1
1531233549892,1531233549889,267228,0.00002751,3569.00000000,0
1531233549909,1531233549905,267229,0.00002747,1463.00000000,1
1531233561138,1531233561133,267230,0.00002758,42.00000000,0
1531233566654,1531233566650,267231,0.00002749,291.00000000,1
1531233566677,1531233566674,267232,0.00002749,908.00000000,1
1531233655159,1531233655156,267233,0.00002758,50.00000000,0
