event_time,trade_time,trade_id,price,quantity,maker
1531210354226,1531210354222,1871345,0.00023300,1.60000000,1
1531210482073,1531210482067,1871346,0.00023310,106.96000000,1
1531210482073,1531210482067,1871347,0.00023300,88.88000000,1
1531210502646,1531210502641,1871348,0.00023390,0.27000000,0
1531210543592,1531210543587,1871349,0.00023300,34.65000000,1
1531210543755,1531210543755,1871350,0.00023300,30.00000000,1
1531210543794,1531210543789,1871351,0.00023300,34.65000000,1
1531210543912,1531210543908,1871352,0.00023300,34.20000000,1
1531210544815,1531210544811,1871353,0.00023300,35.00000000,1
1531210551092,1531210551087,1871354,0.00023300,0.59000000,1
1531210551668,1531210551665,1871355,0.00023270,45.61000000,0
1531210646701,1531210646696,1871356,0.00023360,0.27000000,0
1531210683703,1531210683699,1871357,0.00023260,32.38000000,1
1531210684605,1531210684602,1871358,0.00023260,7.62000000,0
1531210741094,1531210741090,1871359,0.00023300,6.88000000,0
1531210741094,1531210741090,1871360,0.00023310,27.52000000,0
1531210741094,1531210741090,1871361,0.00023350,4.72000000,0
1531210741094,1531210741090,1871362,0.00023380,3.79000000,0
1531210790195,1531210790195,1871363,0.00023380,0.19000000,0
1531210833996,1531210833992,1871364,0.00023370,12.00000000,0
1531210833996,1531210833992,1871365,0.00023380,77.09000000,0
1531210835823,1531210835819,1871366,0.00023260,29.72000000,1
1531210835823,1531210835819,1871367,0.00023250,11.41000000,1
1531210899978,1531210899973,1871368,0.00023370,0.04000000,0
1531210928223,1531210928220,1871369,0.00023370,0.06000000,0
1531211025379,1531211025373,1871370,0.00023370,0.02000000,0
1531211166198,1531211166193,1871371,0.00023260,10.75000000,1
1531211166198,1531211166193,1871372,0.00023250,53.48000000,1
1531211281958,1531211281954,1871373,0.00023370,5.00000000,0
1531211310204,1531211310200,1871374,0.00023370,0.15000000,0
1531211436287,1531211436282,1871375,0.00023310,0.24000000,0
1531211471692,1531211471689,1871376,0.00023310,30.00000000,0
1531211492705,1531211492700,1871377,0.00023310,4.89000000,0
1531211538411,1531211538407,1871378,0.00023310,10.00000000,1
1531211545236,1531211545231,1871379,0.00023310,4.34000000,1
1531211566394,1531211566390,1871380,0.00023370,0.03000000,0
1531211577746,1531211577741,1871381,0.00023370,0.73000000,0
1531211590199,1531211590188,1871382,0.00023370,0.05000000,0
1531211636868,1531211636863,1871383,0.00023370,0.07000000,0
1531211760097,1531211760093,1871384,0.00023370,0.05000000,0
1531211767440,1531211767435,1871385,0.00023370,23.52000000,0
1531211767440,1531211767435,1871386,0.00023380,36.64000000,0
1531211767440,1531211767435,1871387,0.00023390,4.02000000,0
1531212016703,1531212016699,1871388,0.00023290,0.03000000,1
1531212017893,1531212017888,1871389,0.00023260,0.03000000,1
1531212034044,1531212034040,1871390,0.00023270,0.38000000,1
1531212063506,1531212063500,1871391,0.00023280,0.01000000,1
1531212065340,1531212065335,1871392,0.00023260,0.01000000,1
1531212088905,1531212088901,1871393,0.00023290,0.03000000,1
1531212090464,1531212090462,1871394,0.00023280,0.03000000,1
1531212150251,1531212150245,1871395,0.00023260,134.77000000,1
1531212150251,1531212150245,1871396,0.00023250,332.38000000,1
1531212150251,1531212150245,1871397,0.00023240,6.45000000,1
1531212150251,1531212150245,1871398,0.00023210,258.80000000,1
1531212150251,1531212150245,1871399,0.00023200,756.57000000,1
1531212191545,1531212191541,1871400,0.00023200,40.86000000,1
1531212191923,1531212191919,1871401,0.00023200,41.75000000,1
1531212217478,1531212217473,1871402,0.00023200,0.45000000,1
1531212222772,1531212222767,1871403,0.00023330,0.02000000,0
1531212366645,1531212366640,1871404,0.00023200,60.51000000,1
1531212366645,1531212366640,1871405,0.00023160,3.68000000,1
1531212369554,1531212369551,1871406,0.00023320,0.03000000,0
1531212372149,1531212372145,1871407,0.00023310,0.01000000,0
1531212390571,1531212390568,1871408,0.00023160,2.80000000,1
1531212390571,1531212390568,1871409,0.00023150,10.74000000,1
1531212390571,1531212390568,1871410,0.00023120,28.30000000,1
1531212406496,1531212406491,1871411,0.00023140,14.29000000,1
1531212407834,1531212407829,1871412,0.00023360,0.01000000,0
1531212413699,1531212413695,1871413,0.00023140,14.37000000,1
1531212448812,1531212448808,1871414,0.00023300,30.02000000,0
1531212449813,1531212449811,1871415,0.00023320,23.22000000,1
1531212563554,1531212563550,1871416,0.00023250,15.00000000,0
1531212566578,1531212566573,1871417,0.00023250,0.04000000,0
1531212566744,1531212566740,1871418,0.00023250,0.46000000,0
1531212572878,1531212572874,1871419,0.00023250,0.01000000,0
1531212618369,1531212618363,1871420,0.00023210,0.18000000,0
1531212723880,1531212723876,1871421,0.00023190,12.93000000,0
1531212744072,1531212744067,1871422,0.00023170,0.15000000,0
1531212769971,1531212769967,1871423,0.00023170,8.63000000,0
1531212790973,1531212790968,1871424,0.00023170,221.37000000,0
1531212791926,1531212791923,1871425,0.00023170,10.80000000,0
1531212792344,1531212792340,1871426,0.00023380,0.03000000,0
1531212930984,1531212930979,1871427,0.00023150,0.10000000,1
1531213101340,1531213101334,1871428,0.00023180,12.91000000,1
1531213109728,1531213109723,1871429,0.00023380,0.07000000,0
1531213444725,1531213444721,1871430,0.00023370,7.80000000,0
1531213444725,1531213444721,1871431,0.00023380,113.31000000,0
1531213445027,1531213445021,1871432,0.00023380,19.90000000,1
1531213445121,1531213445116,1871433,0.00023380,84.50000000,1
1531213445224,1531213445219,1871434,0.00023160,10.79000000,1
1531213445224,1531213445219,1871435,0.00023150,9.16000000,1
1531213512297,1531213512292,1871436,0.00023370,11.27000000,0
1531213512297,1531213512292,1871437,0.00023380,54.73000000,0
1531213519116,1531213519112,1871438,0.00023380,64.16000000,0
1531213589428,1531213589424,1871439,0.00023380,5.46000000,0
1531213589578,1531213589573,1871440,0.00023380,226.21000000,1
1531213629440,1531213629436,1871441,0.00023320,0.01000000,1
1531213697435,1531213697430,1871442,0.00023250,0.01000000,1
1531213802132,1531213802128,1871443,0.00023270,8.25000000,1
1531213808059,1531213808055,1871444,0.00023180,0.01000000,1
1531213886354,1531213886350,1871445,0.00023220,10.77000000,1
1531213985640,1531213985636,1871446,0.00023230,9.18000000,1
1531213989712,1531213989706,1871447,0.00023220,10.07000000,1
1531213996469,1531213996465,1871448,0.00023220,42.00000000,0
1531214026969,1531214026963,1871449,0.00023220,43.06000000,0
1531214036371,1531214036367,1871450,0.00023220,5.72000000,0
1531214130036,1531214130032,1871451,0.00023220,30.21000000,1
1531214135423,1531214135418,1871452,0.00023170,61.04000000,1
1531214135423,1531214135418,1871453,0.00023160,3.12000000,1
1531214200557,1531214200554,1871454,0.00023170,0.15000000,1
1531214205198,1531214205193,1871455,0.00023170,14.73000000,1
1531214205198,1531214205193,1871456,0.00023150,57.52000000,1
1531214207262,1531214207256,1871457,0.00023220,2.03000000,0
1531214207262,1531214207256,1871458,0.00023340,9.18000000,0
1531214207262,1531214207256,1871459,0.00023350,19.04000000,0
1531214207262,1531214207256,1871460,0.00023390,12.81000000,0
1531214293988,1531214293984,1871461,0.00023280,0.64000000,1
1531214298281,1531214298276,1871462,0.00023180,0.64000000,1
1531214313686,1531214313682,1871463,0.00023170,10.79000000,1
1531214313686,1531214313682,1871464,0.00023160,104.54000000,1
1531214313686,1531214313682,1871465,0.00023150,8.03000000,1
1531214313686,1531214313682,1871466,0.00023130,76.64000000,1
1531214433279,1531214433273,1871467,0.00023160,11.01000000,1
1531214478487,1531214478484,1871468,0.00023160,15.48000000,1
1531214522070,1531214522067,1871469,0.00023160,0.02000000,0
1531214525364,1531214525360,1871470,0.00023160,6.00000000,0
1531214528639,1531214528636,1871471,0.00023160,5.16000000,0
1531214535024,1531214535021,1871472,0.00023160,0.10000000,0
1531214637859,1531214637854,1871473,0.00023160,43.17000000,0
1531214681048,1531214681045,1871474,0.00023340,0.06000000,0
1531214686709,1531214686704,1871475,0.00023130,12.97000000,1
1531214686709,1531214686704,1871476,0.00023120,1050.83000000,1
1531214686709,1531214686704,1871477,0.00023110,33.49000000,1
1531214686709,1531214686704,1871478,0.00023100,578.54000000,1
1531214686709,1531214686704,1871479,0.00023090,4.72000000,1
1531214686709,1531214686704,1871480,0.00023070,108.38000000,1
1531214686709,1531214686704,1871481,0.00023060,14.64000000,1
1531214686709,1531214686704,1871482,0.00023060,103.05000000,1
1531214687508,1531214687504,1871483,0.00023060,0.03000000,1
1531214711686,1531214711682,1871484,0.00023100,9.87000000,0
1531214789079,1531214789074,1871485,0.00023100,8.65000000,1
1531214789124,1531214789121,1871486,0.00023100,4.43000000,0
1531214790046,1531214790042,1871487,0.00023100,49.92000000,0
1531214793711,1531214793707,1871488,0.00023070,26.49000000,1
1531214901260,1531214901256,1871489,0.00023200,34.00000000,0
1531214902058,1531214902054,1871490,0.00023070,44.05000000,1
1531214902058,1531214902054,1871491,0.00023060,105.95000000,1
1531214904614,1531214904609,1871492,0.00023200,60.27000000,0
1531214924312,1531214924308,1871493,0.00023280,5.41000000,0
1531215013865,1531215013860,1871494,0.00023280,42.96000000,0
1531215043223,1531215043219,1871495,0.00023280,0.07000000,0
1531215101489,1531215101485,1871496,0.00023080,0.18000000,1
1531215102669,1531215102664,1871497,0.00023060,0.18000000,1
1531215175115,1531215175109,1871498,0.00023080,27.82000000,1
1531215175115,1531215175109,1871499,0.00023060,91.51000000,1
1531215267867,1531215267864,1871500,0.00023270,0.05000000,0
1531215270895,1531215270890,1871501,0.00023270,0.01000000,0
1531215274807,1531215274801,1871502,0.00023270,21.00000000,0
1531215305123,1531215305119,1871503,0.00023270,6.76000000,0
1531215305123,1531215305119,1871504,0.00023280,36.21000000,0
1531215383650,1531215383645,1871505,0.00023280,0.84000000,0
1531215386644,1531215386640,1871506,0.00023280,0.01000000,0
1531215448473,1531215448468,1871507,0.00023080,0.07000000,1
1531215452487,1531215452483,1871508,0.00023060,0.07000000,1
1531215479269,1531215479265,1871509,0.00023270,42.97000000,1
1531215495448,1531215495445,1871510,0.00023060,20.00000000,1
1531215506433,1531215506429,1871511,0.00023060,5.16000000,1
1531215617083,1531215617078,1871512,0.00023070,110.36000000,1
1531215617083,1531215617078,1871513,0.00023060,262.15000000,1
1531215617083,1531215617078,1871514,0.00023050,4620.06000000,1
1531215618185,1531215618180,1871515,0.00023070,40.57000000,1
1531215618185,1531215618180,1871516,0.00023050,37.43000000,1
1531215625212,1531215625209,1871517,0.00023050,101.70000000,1
1531215628580,1531215628575,1871518,0.00023050,225.28000000,1
1531215630111,1531215630105,1871519,0.00023050,250.00000000,1
1531215688343,1531215688338,1871520,0.00023230,4.33000000,0
1531215735447,1531215735441,1871521,0.00023200,107.66000000,0
1531215735447,1531215735441,1871522,0.00023280,26.91000000,0
1531215735447,1531215735441,1871523,0.00023300,10.79000000,0
1531215735447,1531215735441,1871524,0.00023370,7.80000000,0
1531215735447,1531215735441,1871525,0.00023390,75.33000000,0
1531215735447,1531215735441,1871526,0.00023400,24.60000000,0
1531215735447,1531215735441,1871527,0.00023460,185.06000000,0
1531215736298,1531215736295,1871528,0.00023190,22.00000000,0
1531215737120,1531215737117,1871529,0.00023190,7.80000000,0
1531215738484,1531215738480,1871530,0.00023190,76.23000000,0
1531215801816,1531215801812,1871531,0.00023410,7.80000000,0
1531215804815,1531215804810,1871532,0.00023410,5.90000000,0
1531215807853,1531215807848,1871533,0.00023410,0.02000000,0
1531215813755,1531215813751,1871534,0.00023410,0.02000000,0
1531215842285,1531215842281,1871535,0.00023150,0.91000000,1
1531215869937,1531215869932,1871536,0.00023150,0.05000000,1
1531215920918,1531215920914,1871537,0.00023190,0.06000000,1
1531215928088,1531215928085,1871538,0.00023410,7.76000000,0
1531215928088,1531215928085,1871539,0.00023420,56.32000000,0
1531215950532,1531215950529,1871540,0.00023410,7.80000000,0
1531215950710,1531215950706,1871541,0.00023420,34.00000000,1
1531215950871,1531215950868,1871542,0.00023420,40.27000000,1
1531215950872,1531215950868,1871543,0.00023170,28.11000000,1
1531215950872,1531215950868,1871544,0.00023150,5.62000000,1
1531215979037,1531215979032,1871545,0.00023190,10.78000000,1
1531215981033,1531215981029,1871546,0.00023190,32.90000000,0
1531215999362,1531215999357,1871547,0.00023190,0.30000000,1
1531216030675,1531216030671,1871548,0.00023140,68.19000000,1
1531216088365,1531216088360,1871549,0.00023190,10.05000000,1
1531216088365,1531216088360,1871550,0.00023060,229.83000000,1
1531216088365,1531216088360,1871551,0.00023050,203.66000000,1
1531216089174,1531216089170,1871552,0.00023050,43.41000000,0
1531216150564,1531216150561,1871553,0.00023100,16.82000000,1
1531216180194,1531216180190,1871554,0.00023100,8.65000000,1
1531216180194,1531216180190,1871555,0.00023050,6.56000000,1
1531216180194,1531216180190,1871556,0.00023040,84.69000000,1
1531216216924,1531216216920,1871557,0.00023020,0.31000000,1
1531216230414,1531216230409,1871558,0.00023260,0.16000000,0
1531216239272,1531216239268,1871559,0.00023030,41.28000000,1
1531216319921,1531216319916,1871560,0.00023160,4.34000000,0
1531216347255,1531216347251,1871561,0.00023160,0.01000000,0
1531216357193,1531216357189,1871562,0.00023150,21.58000000,1
1531216457623,1531216457618,1871563,0.00023130,0.02000000,0
1531216466224,1531216466220,1871564,0.00023150,0.01000000,0
1531216466994,1531216466991,1871565,0.00023140,52.36000000,0
1531216476425,1531216476422,1871566,0.00023150,0.37000000,0
1531216491876,1531216491872,1871567,0.00023150,43.23000000,0
1531216492009,1531216492004,1871568,0.00023150,38.38000000,0
1531216492009,1531216492004,1871569,0.00023300,4.85000000,0
1531216534890,1531216534884,1871570,0.00023220,0.01000000,0
1531216540814,1531216540809,1871571,0.00023030,64.08000000,1
1531216589875,1531216589871,1871572,0.00023030,168.80000000,1
1531216589875,1531216589871,1871573,0.00023020,646.71000000,1
1531216652565,1531216652561,1871574,0.00023020,0.38000000,1
1531216711934,1531216711931,1871575,0.00023180,4.34000000,0
1531216751992,1531216751988,1871576,0.00023180,0.30000000,0
1531216755630,1531216755625,1871577,0.00023180,3.98000000,0
1531216782979,1531216782974,1871578,0.00023020,100.00000000,1
1531216864885,1531216864880,1871579,0.00023020,100.00000000,1
1531216864892,1531216864888,1871580,0.00023020,288.79000000,1
1531216865393,1531216865389,1871581,0.00023020,60.76000000,0
1531216995600,1531216995596,1871582,0.00023020,19.60000000,1
1531216996259,1531216996254,1871583,0.00023020,173.20000000,0
1531217042115,1531217042111,1871584,0.00023020,3.33000000,1
1531217059010,1531217059006,1871585,0.00023030,3.33000000,1
1531217060547,1531217060543,1871586,0.00023020,3.33000000,1
1531217073399,1531217073394,1871587,0.00023030,3.33000000,1
1531217074915,1531217074912,1871588,0.00023010,3.33000000,1
1531217184292,1531217184286,1871589,0.00023020,28.35000000,1
1531217184292,1531217184286,1871590,0.00023010,125.83000000,1
1531217185124,1531217185119,1871591,0.00023120,11.00000000,0
1531217218054,1531217218050,1871592,0.00023130,2.00000000,0
1531217218084,1531217218079,1871593,0.00023130,1.82000000,0
1531217218148,1531217218143,1871594,0.00023130,1.48000000,0
1531217218197,1531217218193,1871595,0.00023130,37.54000000,0
1531217218257,1531217218252,1871596,0.00023130,1.59000000,0
1531217218383,1531217218378,1871597,0.00023130,1.56000000,0
1531217218459,1531217218453,1871598,0.00023130,3.34000000,0
1531217218560,1531217218556,1871599,0.00023130,1.82000000,0
1531217218634,1531217218630,1871600,0.00023130,0.94000000,0
1531217218714,1531217218709,1871601,0.00023130,1.39000000,0
1531217218760,1531217218755,1871602,0.00023130,1.41000000,0
1531217218827,1531217218821,1871603,0.00023130,1.92000000,0
1531217218869,1531217218863,1871604,0.00023130,1.60000000,0
1531217218921,1531217218918,1871605,0.00023130,2.91000000,0
1531217218987,1531217218983,1871606,0.00023130,1.86000000,0
1531217219345,1531217219342,1871607,0.00023130,1.86000000,0
1531217219375,1531217219370,1871608,0.00023130,1.83000000,0
1531217219389,1531217219385,1871609,0.00023130,1.78000000,0
1531217219447,1531217219443,1871610,0.00023130,1.72000000,0
1531217219626,1531217219622,1871611,0.00023130,0.99000000,0
1531217219676,1531217219672,1871612,0.00023130,1.33000000,0
1531217219694,1531217219690,1871613,0.00023130,3.58000000,0
1531217219745,1531217219741,1871614,0.00023130,1.78000000,0
1531217219862,1531217219859,1871615,0.00023130,1.88000000,0
1531217219945,1531217219940,1871616,0.00023130,1.52000000,0
1531217219945,1531217219940,1871617,0.00023140,2.13000000,0
1531217219948,1531217219943,1871618,0.00023140,1.24000000,0
1531217220000,1531217219994,1871619,0.00023140,1.20000000,0
1531217220056,1531217220050,1871620,0.00023140,3.08000000,0
1531217220111,1531217220107,1871621,0.00023140,1.59000000,0
1531217220158,1531217220155,1871622,0.00023140,1.57000000,0
1531217220158,1531217220155,1871623,0.00023190,1.37000000,0
1531217220240,1531217220235,1871624,0.00023190,1.35000000,0
1531217220389,1531217220383,1871625,0.00023190,1.67000000,0
1531217220428,1531217220425,1871626,0.00023190,1.79000000,0
1531217220555,1531217220552,1871627,0.00023190,1.54000000,0
1531217220635,1531217220631,1871628,0.00023190,1.09000000,0
1531217220829,1531217220825,1871629,0.00023190,1.75000000,0
1531217220863,1531217220859,1871630,0.00023190,1.52000000,0
1531217220946,1531217220941,1871631,0.00023190,1.40000000,0
1531217221480,1531217221476,1871632,0.00023190,1.40000000,0
1531217221720,1531217221717,1871633,0.00023190,1.73000000,0
1531217228613,1531217228609,1871634,0.00023310,0.47000000,0
1531217233259,1531217233255,1871635,0.00023280,12.87000000,0
1531217265259,1531217265254,1871636,0.00023020,1.39000000,1
1531217265961,1531217265956,1871637,0.00023020,1.33000000,1
1531217266505,1531217266500,1871638,0.00023020,1.78000000,1
1531217267015,1531217267011,1871639,0.00023020,1.56000000,1
1531217267589,1531217267584,1871640,0.00023020,1.09000000,1
1531217268111,1531217268108,1871641,0.00023020,0.99000000,1
1531217268846,1531217268842,1871642,0.00023020,1.41000000,1
1531217268846,1531217268842,1871643,0.00023010,2.17000000,1
1531217269562,1531217269557,1871644,0.00023010,17.53000000,1
1531217269562,1531217269557,1871645,0.00023000,20.01000000,1
1531217269564,1531217269557,1871646,0.00023000,1711.59000000,1
1531217269565,1531217269557,1871647,0.00023000,16.47000000,1
1531217269565,1531217269557,1871648,0.00023000,31.06000000,1
1531217269566,1531217269557,1871649,0.00023000,23.00000000,1
1531217269608,1531217269603,1871650,0.00023000,1.59000000,1
1531217270131,1531217270127,1871651,0.00023000,1.35000000,1
1531217270754,1531217270750,1871652,0.00023000,1.48000000,1
1531217271326,1531217271323,1871653,0.00023000,3.34000000,1
1531217272303,1531217272299,1871654,0.00023000,3.08000000,1
1531217273190,1531217273187,1871655,0.00023000,1.24000000,1
1531217274491,1531217274487,1871656,0.00023000,1.40000000,1
1531217275765,1531217275762,1871657,0.00023000,1.82000000,1
1531217276955,1531217276950,1871658,0.00023000,1.40000000,1
1531217277821,1531217277818,1871659,0.00023000,1.52000000,1
1531217278165,1531217278161,1871660,0.00023000,1.54000000,1
1531217278620,1531217278616,1871661,0.00023000,1.82000000,1
1531217279185,1531217279181,1871662,0.00023000,0.94000000,1
1531217279724,1531217279714,1871663,0.00023000,1.92000000,1
1531217280337,1531217280333,1871664,0.00023000,1.73000000,1
1531217280862,1531217280859,1871665,0.00023000,3.65000000,1
1531217281180,1531217281176,1871666,0.00023000,1.75000000,1
1531217281882,1531217281878,1871667,0.00023000,1.59000000,1
1531217282360,1531217282356,1871668,0.00023000,2.00000000,1
1531217283009,1531217283005,1871669,0.00023000,2.94000000,1
1531217283323,1531217283318,1871670,0.00023000,1.20000000,1
1531217283921,1531217283918,1871671,0.00023000,1.72000000,1
1531217284582,1531217284577,1871672,0.00023000,1.88000000,1
1531217285132,1531217285128,1871673,0.00023000,1.78000000,1
1531217285738,1531217285733,1871674,0.00023000,1.86000000,1
1531217286373,1531217286370,1871675,0.00023000,1.83000000,1
1531217286860,1531217286856,1871676,0.00023000,1.86000000,1
1531217287563,1531217287559,1871677,0.00023000,2.91000000,1
1531217288395,1531217288390,1871678,0.00023000,1.41000000,1
1531217289038,1531217289035,1871679,0.00023000,1.79000000,1
1531217289843,1531217289838,1871680,0.00023000,1.67000000,1
1531217290189,1531217290185,1871681,0.00023000,1.60000000,1
1531217316438,1531217316434,1871682,0.00023000,15.16000000,1
1531217345520,1531217345516,1871683,0.00023160,4.34000000,0
1531217475778,1531217475773,1871684,0.00023160,7.79000000,0
1531217483314,1531217483309,1871685,0.00023160,64.77000000,0
1531217592044,1531217592040,1871686,0.00023160,0.03000000,0
1531217599715,1531217599711,1871687,0.00023150,64.79000000,0
1531217612681,1531217612676,1871688,0.00023120,0.15000000,0
1531217622455,1531217622451,1871689,0.00023120,43.25000000,0
1531217710244,1531217710240,1871690,0.00023140,2.45000000,0
1531217710311,1531217710306,1871691,0.00023140,1.11000000,0
1531217710399,1531217710393,1871692,0.00023140,1.62000000,0
1531217710436,1531217710432,1871693,0.00023140,1.81000000,0
1531217710490,1531217710486,1871694,0.00023140,1.77000000,0
1531217710562,1531217710558,1871695,0.00023140,1.92000000,0
1531217710610,1531217710605,1871696,0.00023140,1.64000000,0
1531217710769,1531217710764,1871697,0.00023140,1.83000000,0
1531217710907,1531217710902,1871698,0.00023140,1.64000000,0
1531217710992,1531217710987,1871699,0.00023140,1.52000000,0
1531217711038,1531217711034,1871700,0.00023140,1.37000000,0
1531217711190,1531217711186,1871701,0.00023140,1.75000000,0
1531217711255,1531217711250,1871702,0.00023140,1.67000000,0
1531217711492,1531217711487,1871703,0.00023140,8.28000000,0
1531217711572,1531217711567,1871704,0.00023140,3.01000000,0
1531217711725,1531217711721,1871705,0.00023140,2.58000000,0
1531217711779,1531217711775,1871706,0.00023140,1.78000000,0
1531217711801,1531217711798,1871707,0.00023140,1.56000000,0
1531217711886,1531217711882,1871708,0.00023140,1.10000000,0
1531217712045,1531217712041,1871709,0.00023140,1.83000000,0
1531217712107,1531217712103,1871710,0.00023140,1.69000000,0
1531217712209,1531217712205,1871711,0.00023140,1.60000000,0
1531217712273,1531217712270,1871712,0.00023140,1.58000000,0
1531217712308,1531217712304,1871713,0.00023140,1.22000000,0
1531217712460,1531217712456,1871714,0.00023140,1.72000000,0
1531217712557,1531217712553,1871715,0.00023140,1.58000000,0
1531217712608,1531217712604,1871716,0.00023140,3.18000000,0
1531217712686,1531217712682,1871717,0.00023140,5.37000000,0
1531217712728,1531217712724,1871718,0.00023140,2.47000000,0
1531217712728,1531217712724,1871719,0.00023150,2.87000000,0
1531217800358,1531217800353,1871720,0.00023130,43.23000000,0
1531217818599,1531217818594,1871721,0.00023130,0.05000000,0
1531217841089,1531217841084,1871722,0.00023130,8.00000000,0
1531217923631,1531217923627,1871723,0.00023130,70.00000000,0
1531218011785,1531218011780,1871724,0.00023020,29.14000000,1
1531218012562,1531218012558,1871725,0.00023020,14.86000000,0
1531218014081,1531218014078,1871726,0.00023010,0.37000000,1
1531218015533,1531218015530,1871727,0.00023010,0.03000000,1
1531218016729,1531218016726,1871728,0.00023010,0.03000000,1
1531218017357,1531218017353,1871729,0.00023010,129.56000000,1
1531218156507,1531218156503,1871730,0.00023010,110.04000000,0
1531218161750,1531218161746,1871731,0.00023000,39.02000000,1
1531218174889,1531218174884,1871732,0.00023080,0.04000000,0
1531218192053,1531218192047,1871733,0.00023120,1.97000000,0
1531218195252,1531218195248,1871734,0.00023100,0.01000000,0
1531218241079,1531218241075,1871735,0.00023010,0.07000000,1
1531218284601,1531218284596,1871736,0.00023090,0.05000000,0
1531218354031,1531218354025,1871737,0.00023070,29.09000000,0
1531218354410,1531218354404,1871738,0.00023090,16.96000000,1
1531218400699,1531218400694,1871739,0.00023090,0.04000000,0
1531218433712,1531218433707,1871740,0.00023120,43.30000000,0
1531218435709,1531218435705,1871741,0.00023100,43.30000000,0
1531218533229,1531218533223,1871742,0.00023090,0.09000000,0
1531218610892,1531218610888,1871743,0.00023010,12.50000000,1
1531218644035,1531218644031,1871744,0.00023020,36.17000000,0
1531218644420,1531218644412,1871745,0.00023020,164.60000000,0
1531218706259,1531218706254,1871746,0.00023060,0.71000000,0
1531218741396,1531218741392,1871747,0.00023000,0.06000000,1
1531218751783,1531218751779,1871748,0.00023000,146.29000000,1
1531218772602,1531218772598,1871749,0.00023060,0.01000000,0
1531218830363,1531218830358,1871750,0.00023000,45.55000000,1
1531218937126,1531218937120,1871751,0.00023060,0.11000000,0
1531218953686,1531218953681,1871752,0.00023060,11.67000000,0
1531219022348,1531219022345,1871753,0.00023120,0.03000000,0
1531219066222,1531219066217,1871754,0.00023090,0.27000000,0
1531219087051,1531219087046,1871755,0.00023090,127.92000000,0
1531219087051,1531219087046,1871756,0.00023110,207.82000000,0
1531219087051,1531219087046,1871757,0.00023120,99.90000000,0
1531219087051,1531219087046,1871758,0.00023130,264.36000000,0
1531219177071,1531219177065,1871759,0.00023130,71.59000000,0
1531219218940,1531219218936,1871760,0.00023130,38.91000000,0
1531219225395,1531219225390,1871761,0.00023130,64.85000000,0
1531219287211,1531219287206,1871762,0.00023130,0.09000000,0
1531219293941,1531219293936,1871763,0.00023130,64.85000000,0
1531219317540,1531219317535,1871764,0.00023010,50.00000000,1
1531219347325,1531219347321,1871765,0.00023020,27.89000000,1
1531219347325,1531219347321,1871766,0.00023000,28.72000000,1
1531219403081,1531219403077,1871767,0.00023010,50.00000000,1
1531219435711,1531219435706,1871768,0.00023090,0.36000000,0
1531219463123,1531219463119,1871769,0.00023090,27.53000000,0
1531219463123,1531219463119,1871770,0.00023120,15.77000000,0
1531219480994,1531219480989,1871771,0.00023080,0.10000000,0
1531219517342,1531219517336,1871772,0.00023130,0.46000000,0
1531219545672,1531219545669,1871773,0.00023130,1.16000000,0
1531219554290,1531219554284,1871774,0.00023130,43.23000000,0
1531219615074,1531219615070,1871775,0.00023040,25.00000000,1
1531219634231,1531219634226,1871776,0.00023100,0.01000000,0
1531219649406,1531219649401,1871777,0.00023100,0.14000000,0
1531219673757,1531219673751,1871778,0.00023100,24.85000000,0
1531219673757,1531219673751,1871779,0.00023130,47.18000000,0
1531219673757,1531219673751,1871780,0.00023140,254.17000000,0
1531219689617,1531219689611,1871781,0.00023040,18.77000000,1
1531219705282,1531219705277,1871782,0.00023110,0.14000000,0
1531219797214,1531219797209,1871783,0.00023100,0.01000000,0
1531219815048,1531219815043,1871784,0.00023010,25.15000000,1
1531219821608,1531219821604,1871785,0.00023010,129.69000000,1
1531219821694,1531219821691,1871786,0.00023100,0.03000000,0
1531219917417,1531219917412,1871787,0.00023100,0.03000000,0
1531219934743,1531219934737,1871788,0.00023100,0.75000000,0
1531220064554,1531220064549,1871789,0.00023100,3.91000000,0
1531220067571,1531220067567,1871790,0.00023100,0.01000000,0
1531220069776,1531220069772,1871791,0.00023100,13.89000000,0
1531220108110,1531220108105,1871792,0.00023130,0.01000000,0
1531220115990,1531220115986,1871793,0.00023130,64.85000000,0
1531220127983,1531220127978,1871794,0.00023130,30.03000000,0
1531220223164,1531220223160,1871795,0.00023100,100.00000000,1
1531220230026,1531220230021,1871796,0.00023130,59.95000000,0
1531220230026,1531220230021,1871797,0.00023150,4.90000000,0
1531220240598,1531220240593,1871798,0.00023100,0.02000000,1
1531220258233,1531220258228,1871799,0.00023150,0.50000000,0
1531220267356,1531220267352,1871800,0.00023120,34.99000000,1
1531220268257,1531220268253,1871801,0.00023120,46.80000000,1
1531220416020,1531220416015,1871802,0.00023120,0.03000000,1
1531220460773,1531220460768,1871803,0.00023150,0.04000000,0
1531220468978,1531220468972,1871804,0.00023120,25.42000000,1
1531220701593,1531220701588,1871805,0.00023120,30.57000000,1
1531220702329,1531220702324,1871806,0.00023120,31.08000000,1
1531220725362,1531220725358,1871807,0.00023120,8.87000000,1
1531220781588,1531220781584,1871808,0.00023120,0.03000000,1
1531220910207,1531220910202,1871809,0.00023120,0.10000000,1
1531221016976,1531221016971,1871810,0.00023130,0.03000000,1
1531221131639,1531221131633,1871811,0.00023130,60.40000000,0
1531221149707,1531221149703,1871812,0.00023150,34.68000000,0
1531221165626,1531221165621,1871813,0.00023120,0.20000000,1
1531221366271,1531221366265,1871814,0.00023150,43.19000000,0
1531221377383,1531221377378,1871815,0.00023120,1.64000000,1
1531221377974,1531221377969,1871816,0.00023120,1.22000000,1
1531221378948,1531221378944,1871817,0.00023120,1.58000000,1
1531221379368,1531221379364,1871818,0.00023120,1.11000000,1
1531221379868,1531221379864,1871819,0.00023120,1.37000000,1
1531221380905,1531221380899,1871820,0.00023120,5.37000000,1
1531221381776,1531221381771,1871821,0.00023120,5.34000000,1
1531221382016,1531221382011,1871822,0.00023120,103.19000000,1
1531221382431,1531221382426,1871823,0.00023120,1.60000000,1
1531221383458,1531221383452,1871824,0.00023120,1.58000000,1
1531221384027,1531221384024,1871825,0.00023120,1.72000000,1
1531221384681,1531221384677,1871826,0.00023120,1.69000000,1
1531221385920,1531221385914,1871827,0.00023120,1.83000000,1
1531221386687,1531221386682,1871828,0.00023120,1.77000000,1
1531221387944,1531221387940,1871829,0.00023120,5.91000000,1
1531221387944,1531221387940,1871830,0.00023100,905.91000000,1
1531221388151,1531221388147,1871831,0.00023100,1.92000000,1
1531221388817,1531221388811,1871832,0.00023100,1.10000000,1
1531221389512,1531221389509,1871833,0.00023100,1.81000000,1
1531221390137,1531221390131,1871834,0.00023100,1.56000000,1
1531221390765,1531221390761,1871835,0.00023100,1.62000000,1
1531221391338,1531221391333,1871836,0.00023100,2.58000000,1
1531221391929,1531221391925,1871837,0.00023100,1.78000000,1
1531221392995,1531221392989,1871838,0.00023100,1.64000000,1
1531221393492,1531221393486,1871839,0.00023100,3.01000000,1
1531221394160,1531221394154,1871840,0.00023100,8.28000000,1
1531221394460,1531221394458,1871841,0.00023100,3.18000000,1
1531221394504,1531221394501,1871842,0.00023150,0.06000000,0
1531221395236,1531221395232,1871843,0.00023100,1.67000000,1
1531221396609,1531221396603,1871844,0.00023100,1.75000000,1
1531221397428,1531221397423,1871845,0.00023100,1.83000000,1
1531221398299,1531221398294,1871846,0.00023100,1.52000000,1
1531221398874,1531221398868,1871847,0.00023100,2.45000000,1
1531221539404,1531221539398,1871848,0.00023100,0.72000000,1
1531221646144,1531221646139,1871849,0.00023100,176.53000000,1
1531221652622,1531221652618,1871850,0.00023100,83.56000000,1
1531221652622,1531221652618,1871851,0.00023020,46.15000000,1
1531221683174,1531221683170,1871852,0.00023040,0.03000000,1
1531221728501,1531221728497,1871853,0.00023150,0.02000000,0
1531221802109,1531221802106,1871854,0.00023040,0.01000000,1
1531222129575,1531222129571,1871855,0.00023000,94.98000000,1
1531222132720,1531222132716,1871856,0.00023040,29.94000000,0
1531222187704,1531222187700,1871857,0.00023000,20.31000000,1
1531222265379,1531222265375,1871858,0.00023040,0.03000000,0
1531222265379,1531222265375,1871859,0.00023120,0.13000000,0
1531222307934,1531222307930,1871860,0.00023120,20.00000000,0
1531222308921,1531222308916,1871861,0.00023120,0.02000000,0
1531222312877,1531222312872,1871862,0.00023120,6.42000000,0
1531222315518,1531222315517,1871863,0.00023120,20.00000000,0
1531222316159,1531222316154,1871864,0.00023120,0.02000000,0
1531222318489,1531222318485,1871865,0.00023120,20.00000000,0
1531222319905,1531222319900,1871866,0.00023120,0.02000000,0
1531222323738,1531222323733,1871867,0.00023120,20.00000000,0
1531222325077,1531222325072,1871868,0.00023120,0.02000000,0
1531222327313,1531222327309,1871869,0.00023120,0.01000000,0
1531222327811,1531222327806,1871870,0.00023120,20.00000000,0
1531222329243,1531222329237,1871871,0.00023120,0.02000000,0
1531222331743,1531222331740,1871872,0.00023120,4.41000000,0
1531222432832,1531222432828,1871873,0.00023000,0.07000000,1
1531222512563,1531222512559,1871874,0.00023000,0.11000000,1
1531222615271,1531222615267,1871875,0.00023120,7.80000000,0
1531222639242,1531222639237,1871876,0.00023120,5.77000000,0
1531222653510,1531222653507,1871877,0.00023120,0.14000000,0
1531222766466,1531222766465,1871878,0.00023000,13.00000000,1
1531222772311,1531222772307,1871879,0.00023000,20.00000000,1
1531222781222,1531222781218,1871880,0.00023000,148.46000000,1
1531222804485,1531222804482,1871881,0.00023000,5.77000000,1
1531222811973,1531222811970,1871882,0.00023000,160.77000000,1
1531222883950,1531222883947,1871883,0.00023000,0.34000000,1
1531222913592,1531222913588,1871884,0.00023000,1.25000000,1
1531222992918,1531222992915,1871885,0.00023010,31.29000000,1
1531223035189,1531223035186,1871886,0.00023000,261.29000000,1
1531223040729,1531223040726,1871887,0.00023000,0.02000000,1
1531223046610,1531223046608,1871888,0.00023000,0.45000000,1
1531223075858,1531223075855,1871889,0.00023010,0.03000000,1
1531223079687,1531223079684,1871890,0.00023010,99.97000000,1
1531223126997,1531223126990,1871891,0.00023000,1153.86000000,1
1531223135849,1531223135846,1871892,0.00022990,51.61000000,1
1531223166484,1531223166480,1871893,0.00022930,0.16000000,1
1531223166590,1531223166586,1871894,0.00022930,6.39000000,1
1531223183300,1531223183296,1871895,0.00022930,13.04000000,0
1531223197893,1531223197887,1871896,0.00022900,41.47000000,1
1531223197893,1531223197887,1871897,0.00022900,200.00000000,1
1531223197986,1531223197982,1871898,0.00022900,670.34000000,1
1531223198284,1531223198280,1871899,0.00022890,41.51000000,1
1531223198284,1531223198280,1871900,0.00022890,34.43000000,1
1531223216914,1531223216911,1871901,0.00022890,38.79000000,1
1531223246447,1531223246444,1871902,0.00022890,14.34000000,1
1531223250823,1531223250820,1871903,0.00022890,41.49000000,1
1531223252895,1531223252891,1871904,0.00022890,354.83000000,1
1531223252895,1531223252891,1871905,0.00022880,21.86000000,1
1531223252896,1531223252891,1871906,0.00022830,18.50000000,1
1531223252896,1531223252891,1871907,0.00022810,4.39000000,1
1531223252896,1531223252891,1871908,0.00022800,15.07000000,1
1531223252898,1531223252891,1871909,0.00022800,334.02000000,1
1531223252898,1531223252891,1871910,0.00022790,431.03000000,1
1531223252898,1531223252891,1871911,0.00022780,4.39000000,1
1531223252898,1531223252891,1871912,0.00022770,4.40000000,1
1531223252913,1531223252910,1871913,0.00022770,149.49000000,0
1531223252914,1531223252911,1871914,0.00022770,149.49000000,0
1531223252918,1531223252913,1871915,0.00022770,515.87000000,0
1531223252918,1531223252913,1871916,0.00022780,11.90000000,0
1531223252955,1531223252950,1871917,0.00022760,80.71000000,1
1531223252955,1531223252950,1871918,0.00022750,10.98000000,1
1531223252955,1531223252950,1871919,0.00022730,57.80000000,1
1531223253160,1531223253155,1871920,0.00022780,22.30000000,0
1531223253160,1531223253155,1871921,0.00022800,667.45000000,0
1531223253160,1531223253155,1871922,0.00022870,0.25000000,0
1531223253961,1531223253957,1871923,0.00022870,343.56000000,0
1531223253961,1531223253957,1871924,0.00022890,26.44000000,0
1531223254435,1531223254431,1871925,0.00022870,31.29000000,1
1531223254858,1531223254855,1871926,0.00022870,81.92000000,1
1531223254979,1531223254975,1871927,0.00022890,15.45000000,0
1531223256040,1531223256037,1871928,0.00022870,0.03000000,1
1531223262869,1531223262868,1871929,0.00022880,23.54000000,0
1531223262869,1531223262868,1871930,0.00022890,20.16000000,0
1531223266674,1531223266669,1871931,0.00022870,230.32000000,1
1531223266674,1531223266669,1871932,0.00022790,23.40000000,1
1531223266674,1531223266669,1871933,0.00022780,22.00000000,1
1531223266674,1531223266669,1871934,0.00022730,435.82000000,1
1531223266674,1531223266669,1871935,0.00022720,512.46000000,1
1531223269362,1531223269358,1871936,0.00022740,44.36000000,1
1531223269362,1531223269358,1871937,0.00022730,55.64000000,1
1531223273500,1531223273494,1871938,0.00022730,8.57000000,1
1531223283519,1531223283515,1871939,0.00022720,11.68000000,1
1531223283520,1531223283516,1871940,0.00022730,12.70000000,0
1531223283603,1531223283599,1871941,0.00022730,1.47000000,0
1531223284964,1531223284961,1871942,0.00022730,12.65000000,1
1531223284964,1531223284961,1871943,0.00022720,28.87000000,1
1531223290661,1531223290660,1871944,0.00022730,20.06000000,1
1531223291912,1531223291908,1871945,0.00022740,20.06000000,1
1531223297457,1531223297454,1871946,0.00022860,0.02000000,0
1531223299541,1531223299537,1871947,0.00022720,35.94000000,1
1531223299541,1531223299537,1871948,0.00022710,5.72000000,1
1531223300249,1531223300245,1871949,0.00022710,22.39000000,1
1531223300249,1531223300245,1871950,0.00022700,19.41000000,1
1531223300249,1531223300245,1871951,0.00022700,51.41000000,1
1531223304971,1531223304968,1871952,0.00022730,10.00000000,0
1531223305205,1531223305202,1871953,0.00022730,0.01000000,0
1531223314207,1531223314203,1871954,0.00022800,8.77000000,0
1531223318051,1531223318048,1871955,0.00022730,10.00000000,1
1531223318051,1531223318048,1871956,0.00022700,32.58000000,1
1531223325996,1531223325993,1871957,0.00022730,20.06000000,0
1531223339473,1531223339469,1871958,0.00022710,16.08000000,1
1531223339816,1531223339812,1871959,0.00022710,18.53000000,0
1531223340624,1531223340581,1871960,0.00022720,10.02000000,1
1531223351916,1531223351913,1871961,0.00022750,46.90000000,0
1531223356020,1531223356015,1871962,0.00022760,13.18000000,0
1531223358299,1531223358294,1871963,0.00022760,43.93000000,0
1531223358795,1531223358792,1871964,0.00022760,34.42000000,0
1531223370119,1531223370115,1871965,0.00022880,3.18000000,0
1531223370444,1531223370441,1871966,0.00022880,1.52000000,0
1531223370683,1531223370679,1871967,0.00022880,1.83000000,0
1531223370718,1531223370712,1871968,0.00022880,1.75000000,0
1531223370768,1531223370766,1871969,0.00022880,1.67000000,0
1531223371170,1531223371166,1871970,0.00022880,0.98000000,0
1531223371170,1531223371166,1871971,0.00022900,1.47000000,0
1531223371194,1531223371191,1871972,0.00022900,3.01000000,0
1531223371470,1531223371466,1871973,0.00022900,1.64000000,0
1531223384264,1531223384260,1871974,0.00022760,22.70000000,1
1531223386154,1531223386152,1871975,0.00022890,8.28000000,0
1531223386210,1531223386205,1871976,0.00022890,1.78000000,0
1531223386554,1531223386551,1871977,0.00022890,2.58000000,0
1531223386625,1531223386620,1871978,0.00022890,1.62000000,0
1531223386679,1531223386676,1871979,0.00022890,1.56000000,0
1531223386734,1531223386731,1871980,0.00022890,1.81000000,0
1531223386778,1531223386774,1871981,0.00022890,1.10000000,0
1531223386856,1531223386852,1871982,0.00022890,1.92000000,0
1531223387465,1531223387463,1871983,0.00022890,1.77000000,0
1531223422988,1531223422984,1871984,0.00022890,0.28000000,0
1531223422988,1531223422984,1871985,0.00022900,0.13000000,0
1531223422988,1531223422984,1871986,0.00022990,3.95000000,0
1531223446978,1531223446974,1871987,0.00022990,0.67000000,0
1531223450816,1531223450809,1871988,0.00022990,0.03000000,0
1531223487454,1531223487450,1871989,0.00022770,31.49000000,1
1531223497776,1531223497773,1871990,0.00022980,13.04000000,0
1531223561302,1531223561297,1871991,0.00022980,0.12000000,0
1531223563397,1531223563394,1871992,0.00022980,0.98000000,0
1531223566423,1531223566420,1871993,0.00022980,0.01000000,0
1531223593875,1531223593873,1871994,0.00022960,1.69000000,0
1531223593915,1531223593912,1871995,0.00022960,1.72000000,0
1531223593970,1531223593967,1871996,0.00022960,1.83000000,0
1531223594118,1531223594114,1871997,0.00022960,1.58000000,0
1531223594375,1531223594372,1871998,0.00022960,1.60000000,0
1531223594406,1531223594402,1871999,0.00022960,5.34000000,0
1531223594465,1531223594462,1872000,0.00022960,3.58000000,0
1531223594465,1531223594462,1872001,0.00022970,1.79000000,0
1531223594537,1531223594532,1872002,0.00022970,1.37000000,0
1531223594591,1531223594587,1872003,0.00022970,1.11000000,0
1531223594728,1531223594725,1872004,0.00022970,1.58000000,0
1531223594757,1531223594753,1872005,0.00022970,1.22000000,0
1531223594802,1531223594799,1872006,0.00022970,1.64000000,0
1531223628053,1531223628049,1872007,0.00022770,77.86000000,1
1531223644626,1531223644622,1872008,0.00022970,15.00000000,1
1531223644820,1531223644816,1872009,0.00022970,6.75000000,1
1531223680984,1531223680978,1872010,0.00022970,0.03000000,0
1531223687705,1531223687702,1872011,0.00022760,4.22000000,1
1531223696719,1531223696715,1872012,0.00022760,0.22000000,1
1531223696719,1531223696715,1872013,0.00022740,10.93000000,1
1531223696719,1531223696715,1872014,0.00022720,34.76000000,1
1531223696719,1531223696715,1872015,0.00022700,204.09000000,1
1531223702290,1531223702287,1872016,0.00022790,1.40000000,0
1531223702327,1531223702325,1872017,0.00022790,2.00000000,0
1531223702740,1531223702737,1872018,0.00022790,1.60000000,0
1531223702875,1531223702871,1872019,0.00022790,1.67000000,0
1531223702919,1531223702914,1872020,0.00022790,1.79000000,0
1531223720626,1531223720622,1872021,0.00022790,0.43000000,0
1531223720626,1531223720622,1872022,0.00022960,4.76000000,0
1531223734195,1531223734192,1872023,0.00022730,5.93000000,1
1531223734212,1531223734211,1872024,0.00022730,6.92000000,0
1531223734236,1531223734233,1872025,0.00022730,41.93000000,0
1531223734927,1531223734923,1872026,0.00022730,32.86000000,0
1531223735719,1531223735716,1872027,0.00022730,32.85000000,0
1531223736231,1531223736228,1872028,0.00022730,33.00000000,0
1531223738210,1531223738206,1872029,0.00022730,91.60000000,0
1531223743694,1531223743690,1872030,0.00022960,20.04000000,0
1531223743694,1531223743690,1872031,0.00022980,4.44000000,0
1531223770751,1531223770746,1872032,0.00022830,10.00000000,1
1531223787437,1531223787432,1872033,0.00022830,13.14000000,1
1531223789169,1531223789166,1872034,0.00022820,1.41000000,0
1531223789215,1531223789216,1872035,0.00022820,2.91000000,0
1531223789285,1531223789281,1872036,0.00022820,0.47000000,0
1531223789285,1531223789281,1872037,0.00022830,1.39000000,0
1531223789323,1531223789320,1872038,0.00022830,1.83000000,0
1531223789403,1531223789399,1872039,0.00022830,1.86000000,0
1531223789464,1531223789460,1872040,0.00022830,1.78000000,0
1531223789805,1531223789802,1872041,0.00022830,1.88000000,0
1531223789855,1531223789850,1872042,0.00022830,1.72000000,0
1531223790157,1531223790152,1872043,0.00022830,2.94000000,0
1531223790220,1531223790217,1872044,0.00022830,1.59000000,0
1531223790361,1531223790357,1872045,0.00022830,1.20000000,0
1531223790474,1531223790471,1872046,0.00022830,1.75000000,0
1531223790787,1531223790783,1872047,0.00022830,1.73000000,0
1531223790894,1531223790889,1872048,0.00022830,3.65000000,0
1531223791864,1531223791861,1872049,0.00022830,1.92000000,0
1531223792274,1531223792273,1872050,0.00022830,0.94000000,0
1531223792395,1531223792391,1872051,0.00022830,1.82000000,0
1531223792453,1531223792449,1872052,0.00022830,0.86000000,0
1531223792453,1531223792449,1872053,0.00022950,0.68000000,0
1531223792515,1531223792512,1872054,0.00022950,1.52000000,0
1531223792720,1531223792717,1872055,0.00022950,1.40000000,0
1531223851362,1531223851359,1872056,0.00022950,4.35000000,0
1531223854462,1531223854458,1872057,0.00022950,0.04000000,0
1531223894534,1531223894530,1872058,0.00022950,8.12000000,0
1531223897464,1531223897463,1872059,0.00022950,1.99000000,1
1531223948269,1531223948264,1872060,0.00022840,29.06000000,1
1531223951995,1531223951992,1872061,0.00022840,1.82000000,0
1531223952094,1531223952091,1872062,0.00022840,1.24000000,0
1531223954348,1531223954347,1872063,0.00022840,0.88000000,0
1531223994902,1531223994898,1872064,0.00022920,0.05000000,0
1531224102460,1531224102457,1872065,0.00022970,0.36000000,0
1531224106521,1531224106517,1872066,0.00022970,21.77000000,0
1531224109413,1531224109407,1872067,0.00022970,6.88000000,0
1531224109413,1531224109407,1872068,0.00023000,58.42000000,0
1531224120518,1531224120517,1872069,0.00022850,30.00000000,1
1531224124094,1531224124090,1872070,0.00023000,35.18000000,0
1531224168944,1531224168939,1872071,0.00022860,29.20000000,1
1531224168944,1531224168939,1872072,0.00022810,10.90000000,1
1531224168944,1531224168939,1872073,0.00022770,16.68000000,1
1531224168944,1531224168939,1872074,0.00022750,318.36000000,1
1531224260614,1531224260612,1872075,0.00022810,3.08000000,0
1531224260870,1531224260866,1872076,0.00022810,3.34000000,0
1531224260983,1531224260985,1872077,0.00022810,1.48000000,0
1531224261249,1531224261244,1872078,0.00022810,1.35000000,0
1531224261324,1531224261321,1872079,0.00022810,19.95000000,0
1531224261325,1531224261321,1872080,0.00022830,14.26000000,0
1531224261325,1531224261321,1872081,0.00022840,3.33000000,0
1531224261430,1531224261425,1872082,0.00022840,1.59000000,0
1531224261497,1531224261494,1872083,0.00022840,3.58000000,0
1531224261543,1531224261540,1872084,0.00022840,0.99000000,0
1531224261872,1531224261868,1872085,0.00022840,1.09000000,0
1531224261934,1531224261929,1872086,0.00022840,1.56000000,0
1531224265961,1531224265958,1872087,0.00022840,1.78000000,0
1531224266036,1531224266032,1872088,0.00022840,1.33000000,0
1531224266386,1531224266382,1872089,0.00022840,1.39000000,0
1531224276862,1531224276859,1872090,0.00022820,56.11000000,0
1531224279866,1531224279863,1872091,0.00022810,28.07000000,0
1531224280864,1531224280860,1872092,0.00022830,88.39000000,0
1531224312860,1531224312858,1872093,0.00022880,10.93000000,0
1531224320673,1531224320667,1872094,0.00023000,65.22000000,0
1531224360503,1531224360505,1872095,0.00023000,43.47000000,0
1531224400006,1531224400003,1872096,0.00022830,29.64000000,1
1531224463615,1531224463611,1872097,0.00022830,121.38000000,1
1531224486698,1531224486695,1872098,0.00022840,109.17000000,1
1531224495099,1531224495095,1872099,0.00022830,153.40000000,1
1531224575551,1531224575547,1872100,0.00022750,44.41000000,1
1531224577113,1531224577110,1872101,0.00022740,10.93000000,1
1531224585122,1531224585119,1872102,0.00022680,19.74000000,1
1531224586446,1531224586442,1872103,0.00022720,29.61000000,0
1531224611002,1531224610998,1872104,0.00022720,0.03000000,1
1531224618346,1531224618343,1872105,0.00022740,0.13000000,0
1531224619349,1531224619350,1872106,0.00022740,86.01000000,0
1531224628906,1531224628907,1872107,0.00022740,134.06000000,0
1531224692467,1531224692465,1872108,0.00022780,0.12000000,0
1531224692636,1531224692633,1872109,0.00022780,0.85000000,0
1531224706253,1531224706248,1872110,0.00022780,14.81000000,0
1531224714004,1531224714001,1872111,0.00022780,45.82000000,1
1531224746110,1531224746105,1872112,0.00022810,0.73000000,0
1531224876503,1531224876500,1872113,0.00022730,7.85000000,1
1531224968687,1531224968685,1872114,0.00022720,9.70000000,1
1531224969312,1531224969309,1872115,0.00022680,7.66000000,0
1531224972022,1531224972018,1872116,0.00022680,182.64000000,0
1531224972615,1531224972611,1872117,0.00022800,7.85000000,0
1531224972615,1531224972611,1872118,0.00022830,2.96000000,0
1531224983659,1531224983657,1872119,0.00022670,21.58000000,1
1531225134661,1531225134657,1872120,0.00022830,0.77000000,0
1531225169238,1531225169235,1872121,0.00022830,0.65000000,0
1531225271319,1531225271315,1872122,0.00022730,30.75000000,1
1531225271319,1531225271315,1872123,0.00022660,70.00000000,1
1531225271319,1531225271315,1872124,0.00022660,18.76000000,1
1531225289146,1531225289144,1872125,0.00022720,1.87000000,1
1531225338326,1531225338323,1872126,0.00022820,3.28000000,0
1531225366493,1531225366490,1872127,0.00022720,41.92000000,1
1531225501448,1531225501443,1872128,0.00022790,6.36000000,0
1531225524230,1531225524226,1872129,0.00022790,0.28000000,0
1531225525655,1531225525652,1872130,0.00022790,0.12000000,0
1531225546963,1531225546960,1872131,0.00022790,0.10000000,0
1531225695242,1531225695239,1872132,0.00022790,20.61000000,0
1531225695242,1531225695239,1872133,0.00022830,3.42000000,0
1531225695242,1531225695239,1872134,0.00022880,19.84000000,0
1531225703982,1531225703979,1872135,0.00022730,2.80000000,1
1531225704461,1531225704458,1872136,0.00022730,2.68000000,1
1531225704863,1531225704858,1872137,0.00022720,3.11000000,1
1531225705137,1531225705135,1872138,0.00022720,3.16000000,1
1531225705580,1531225705577,1872139,0.00022720,2.64000000,1
1531225706033,1531225706034,1872140,0.00022720,5.79000000,1
1531225706314,1531225706310,1872141,0.00022720,10.60000000,1
1531225706746,1531225706744,1872142,0.00022720,2.78000000,1
1531225707159,1531225707155,1872143,0.00022720,3.49000000,1
1531225707734,1531225707730,1872144,0.00022720,3.01000000,1
1531225708140,1531225708136,1872145,0.00022720,6.11000000,1
1531225708526,1531225708528,1872146,0.00022720,2.94000000,1
1531225709058,1531225709055,1872147,0.00022720,3.54000000,1
1531225709339,1531225709335,1872148,0.00022720,3.17000000,1
1531225709785,1531225709781,1872149,0.00022720,2.47000000,1
1531225709785,1531225709781,1872150,0.00022650,4.77000000,1
1531225710173,1531225710167,1872151,0.00022650,5.84000000,1
1531225710798,1531225710795,1872152,0.00022670,3.97000000,1
1531225711216,1531225711214,1872153,0.00022670,5.12000000,1
1531225711544,1531225711539,1872154,0.00022670,3.03000000,1
1531225712091,1531225712087,1872155,0.00022670,3.62000000,1
1531225712982,1531225712979,1872156,0.00022670,7.00000000,1
1531225713174,1531225713171,1872157,0.00022670,3.57000000,1
1531225713631,1531225713626,1872158,0.00022670,10.90000000,1
1531225714211,1531225714207,1872159,0.00022670,3.61000000,1
1531225714832,1531225714828,1872160,0.00022670,3.70000000,1
1531225715221,1531225715217,1872161,0.00022670,3.48000000,1
1531225715878,1531225715874,1872162,0.00022670,3.22000000,1
1531225716458,1531225716457,1872163,0.00022670,3.53000000,1
1531225716608,1531225716604,1872164,0.00022670,5.74000000,1
1531225717173,1531225717170,1872165,0.00022670,3.07000000,1
1531225717530,1531225717527,1872166,0.00022670,3.83000000,1
1531225718095,1531225718092,1872167,0.00022670,2.78000000,1
1531225718532,1531225718528,1872168,0.00022670,16.42000000,1
1531225719073,1531225719070,1872169,0.00022670,21.23000000,1
1531225719625,1531225719622,1872170,0.00022670,3.08000000,1
1531225719923,1531225719923,1872171,0.00022670,3.16000000,1
1531225720146,1531225720144,1872172,0.00022670,37.54000000,1
1531225720492,1531225720488,1872173,0.00022670,3.73000000,1
1531225720492,1531225720488,1872174,0.00022640,1.10000000,1
1531225720951,1531225720948,1872175,0.00022660,2.47000000,1
1531225721466,1531225721462,1872176,0.00022660,2.17000000,1
1531225731180,1531225731177,1872177,0.00022690,41.87000000,1
1531225748294,1531225748291,1872178,0.00022810,0.15000000,0
1531225861657,1531225861652,1872179,0.00022800,0.73000000,0
1531225909199,1531225909195,1872180,0.00022720,4.56000000,1
1531225909199,1531225909195,1872181,0.00022690,2.39000000,1
1531226023731,1531226023731,1872182,0.00022690,11.70000000,1
1531226043523,1531226043520,1872183,0.00022770,0.64000000,0
1531226046554,1531226046549,1872184,0.00022770,0.01000000,0
1531226084733,1531226084729,1872185,0.00022820,0.14000000,0
1531226129721,1531226129718,1872186,0.00022710,1086.04000000,1
1531226133049,1531226133045,1872187,0.00022710,10.07000000,1
1531226133376,1531226133373,1872188,0.00022710,1.98000000,1
1531226133803,1531226133795,1872189,0.00022710,3.11000000,1
1531226134260,1531226134255,1872190,0.00022710,3.65000000,1
1531226135061,1531226135059,1872191,0.00022710,3.13000000,1
1531226135284,1531226135280,1872192,0.00022710,2.22000000,1
1531226135614,1531226135610,1872193,0.00022710,1.98000000,1
1531226135941,1531226135937,1872194,0.00022710,3.60000000,1
1531226136355,1531226136351,1872195,0.00022710,7.93000000,1
1531226136355,1531226136351,1872196,0.00022700,122.59000000,1
1531226136365,1531226136361,1872197,0.00022700,2.73000000,1
1531226136886,1531226136889,1872198,0.00022700,2.42000000,1
1531226137589,1531226137583,1872199,0.00022700,9.57000000,1
1531226138089,1531226138082,1872200,0.00022700,6.42000000,1
1531226138808,1531226138803,1872201,0.00022700,2.42000000,1
1531226139225,1531226139220,1872202,0.00022700,2.70000000,1
1531226139531,1531226139528,1872203,0.00022700,1.98000000,1
1531226140031,1531226140026,1872204,0.00022700,7.59000000,1
1531226140513,1531226140509,1872205,0.00022700,3.27000000,1
1531226141029,1531226141025,1872206,0.00022700,3.63000000,1
1531226141461,1531226141457,1872207,0.00022700,3.15000000,1
1531226142012,1531226142008,1872208,0.00022700,3.74000000,1
1531226142213,1531226142209,1872209,0.00022700,2.38000000,1
1531226142673,1531226142670,1872210,0.00022700,3.17000000,1
1531226143037,1531226143034,1872211,0.00022700,3.62000000,1
1531226143374,1531226143371,1872212,0.00022700,3.55000000,1
1531226143785,1531226143782,1872213,0.00022700,3.65000000,1
1531226144180,1531226144179,1872214,0.00022700,5.98000000,1
1531226144495,1531226144491,1872215,0.00022700,3.37000000,1
1531226144965,1531226144963,1872216,0.00022700,3.43000000,1
1531226145628,1531226145622,1872217,0.00022700,7.38000000,1
1531226145859,1531226145856,1872218,0.00022700,6.31000000,1
1531226146219,1531226146215,1872219,0.00022700,2.55000000,1
1531226146544,1531226146540,1872220,0.00022700,3.33000000,1
1531226146894,1531226146891,1872221,0.00022700,3.44000000,1
1531226147247,1531226147243,1872222,0.00022700,3.65000000,1
1531226147935,1531226147932,1872223,0.00022700,3.42000000,1
1531226148153,1531226148149,1872224,0.00022700,3.71000000,1
1531226148709,1531226148705,1872225,0.00022700,3.83000000,1
1531226149075,1531226149072,1872226,0.00022700,10.66000000,1
1531226149370,1531226149366,1872227,0.00022700,6.03000000,1
1531226157224,1531226157224,1872228,0.00022700,13.89000000,1
1531226206717,1531226206714,1872229,0.00022700,6.56000000,1
1531226217997,1531226217994,1872230,0.00022700,6.57000000,1
1531226230763,1531226230760,1872231,0.00022800,4.46000000,0
1531226230763,1531226230760,1872232,0.00022830,7.80000000,0
1531226230763,1531226230760,1872233,0.00022880,21.47000000,0
1531226231852,1531226231847,1872234,0.00022870,0.61000000,0
1531226261148,1531226261145,1872235,0.00022710,2.75000000,1
1531226261417,1531226261414,1872236,0.00022700,3.27000000,1
1531226261784,1531226261779,1872237,0.00022700,3.54000000,1
1531226262255,1531226262250,1872238,0.00022700,7.11000000,1
1531226262342,1531226262338,1872239,0.00022700,2.75000000,1
1531226262886,1531226262883,1872240,0.00022700,6.62000000,1
1531226263174,1531226263172,1872241,0.00022700,3.18000000,1
1531226263628,1531226263623,1872242,0.00022700,12.28000000,1
1531226264109,1531226264106,1872243,0.00022700,2.19000000,1
1531226264445,1531226264441,1872244,0.00022700,18.31000000,1
1531226264879,1531226264873,1872245,0.00022700,1.89000000,1
1531226265259,1531226265254,1872246,0.00022700,3.65000000,1
1531226265588,1531226265585,1872247,0.00022700,3.32000000,1
1531226266002,1531226265997,1872248,0.00022700,3.18000000,1
1531226266509,1531226266506,1872249,0.00022700,4.85000000,1
1531226284662,1531226284659,1872250,0.00022830,0.62000000,0
1531226373273,1531226373270,1872251,0.00022780,6.96000000,0
1531226480597,1531226480594,1872252,0.00022820,0.12000000,0
1531226504810,1531226504807,1872253,0.00022710,5.10000000,1
1531226535502,1531226535498,1872254,0.00022830,2.59000000,0
1531226538502,1531226538498,1872255,0.00022830,0.01000000,0
1531226583401,1531226583396,1872256,0.00022830,0.74000000,0
1531226645542,1531226645539,1872257,0.00022830,3.84000000,0
1531226645572,1531226645566,1872258,0.00022830,30.12000000,1
1531226646193,1531226646189,1872259,0.00022720,30.12000000,0
1531226647765,1531226647762,1872260,0.00022870,0.51000000,0
1531226706828,1531226706824,1872261,0.00022810,14.38000000,0
1531226799480,1531226799476,1872262,0.00022800,0.02000000,0
1531226846825,1531226846822,1872263,0.00022800,0.01000000,0
1531226925225,1531226925221,1872264,0.00022800,0.59000000,0
1531226993166,1531226993161,1872265,0.00022710,25.42000000,1
1531226993166,1531226993161,1872266,0.00022670,88.00000000,1
1531226993166,1531226993161,1872267,0.00022660,59.55000000,1
1531226993166,1531226993161,1872268,0.00022640,31.97000000,1
1531226993166,1531226993161,1872269,0.00022630,50.00000000,1
1531226993166,1531226993161,1872270,0.00022600,75.85000000,1
1531227005112,1531227005107,1872271,0.00022620,5.13000000,1
1531227006058,1531227006054,1872272,0.00022620,8.61000000,1
1531227010550,1531227010545,1872273,0.00022790,65.82000000,0
1531227021204,1531227021201,1872274,0.00022640,10.07000000,1
1531227028686,1531227028682,1872275,0.00022790,1.40000000,0
1531227028730,1531227028727,1872276,0.00022660,41.49000000,1
1531227031710,1531227031709,1872277,0.00022790,0.01000000,0
1531227095728,1531227095724,1872278,0.00022830,0.04000000,0
1531227098326,1531227098321,1872279,0.00022810,0.23000000,0
1531227101353,1531227101350,1872280,0.00022830,0.01000000,0
1531227140910,1531227140905,1872281,0.00022650,41.37000000,1
1531227140910,1531227140905,1872282,0.00022600,46.63000000,1
1531227152839,1531227152839,1872283,0.00022620,5.96000000,1
1531227155317,1531227155314,1872284,0.00022620,0.64000000,0
1531227155317,1531227155314,1872285,0.00022800,2.70000000,0
1531227172230,1531227172225,1872286,0.00022600,132.10000000,1
1531227172230,1531227172225,1872287,0.00022570,8.88000000,1
1531227172230,1531227172225,1872288,0.00022560,44.32000000,1
1531227172230,1531227172225,1872289,0.00022540,145.48000000,1
1531227172230,1531227172225,1872290,0.00022540,16.20000000,1
1531227172231,1531227172225,1872291,0.00022540,24.97000000,1
1531227179136,1531227179128,1872292,0.00022780,0.08000000,0
1531227186985,1531227186981,1872293,0.00022550,5.81000000,1
1531227187504,1531227187500,1872294,0.00022780,6.18000000,0
1531227190502,1531227190496,1872295,0.00022780,0.01000000,0
1531227192078,1531227192073,1872296,0.00022620,10.05000000,1
1531227206719,1531227206715,1872297,0.00022780,4.42000000,0
1531227231516,1531227231512,1872298,0.00022620,34.05000000,1
1531227231560,1531227231555,1872299,0.00022540,34.05000000,1
1531227245171,1531227245166,1872300,0.00022640,6.23000000,1
1531227288048,1531227288042,1872301,0.00022780,0.05000000,0
1531227348404,1531227348401,1872302,0.00022760,1.04000000,0
1531227351405,1531227351401,1872303,0.00022760,0.01000000,0
1531227370264,1531227370261,1872304,0.00022740,13.19000000,0
1531227467494,1531227467491,1872305,0.00022620,2.84000000,1
1531227485606,1531227485602,1872306,0.00022790,4.42000000,0
1531227488512,1531227488508,1872307,0.00022620,15.70000000,1
1531227561489,1531227561485,1872308,0.00022810,0.12000000,0
1531227596136,1531227596131,1872309,0.00022800,0.75000000,0
1531227598330,1531227598327,1872310,0.00022800,0.01000000,0
1531227609826,1531227609821,1872311,0.00022820,0.03000000,0
1531227616005,1531227616001,1872312,0.00022820,21.90000000,0
1531227647868,1531227647864,1872313,0.00022820,0.16000000,0
1531227740777,1531227740772,1872314,0.00022650,20.89000000,1
1531227740778,1531227740772,1872315,0.00022650,26.31000000,1
1531227740778,1531227740772,1872316,0.00022640,10.42000000,1
1531227740778,1531227740772,1872317,0.00022620,885.14000000,1
1531227740787,1531227740782,1872318,0.00022620,46.81000000,1
1531227740790,1531227740790,1872319,0.00022620,47.20000000,1
1531227740844,1531227740813,1872320,0.00022620,0.31000000,1
1531227740844,1531227740813,1872321,0.00022600,42.73000000,1
1531227742825,1531227742820,1872322,0.00022600,161.69000000,1
1531227742825,1531227742820,1872323,0.00022560,0.16000000,1
1531227744107,1531227744101,1872324,0.00022560,88.50000000,1
1531227744107,1531227744101,1872325,0.00022540,73.19000000,1
1531227748408,1531227748403,1872326,0.00022540,47.20000000,1
1531227750744,1531227750738,1872327,0.00022580,4.54000000,0
1531227754325,1531227754321,1872328,0.00022570,41.18000000,0
1531227760437,1531227760434,1872329,0.00022540,16.76000000,1
1531227762571,1531227762567,1872330,0.00022810,4.43000000,0
1531227785995,1531227785991,1872331,0.00022590,22.59000000,1
1531227871033,1531227871029,1872332,0.00022590,22.97000000,1
1531227871033,1531227871029,1872333,0.00022580,5.89000000,1
1531227871033,1531227871029,1872334,0.00022540,2.64000000,1
1531227891295,1531227891290,1872335,0.00022650,26.50000000,0
1531227891326,1531227891322,1872336,0.00022650,21.50000000,1
1531228031056,1531228031053,1872337,0.00022760,4.41000000,0
1531228043794,1531228043789,1872338,0.00022760,0.29000000,0
1531228130497,1531228130493,1872339,0.00022710,0.38000000,0
1531228199608,1531228199603,1872340,0.00022700,0.10000000,0
1531228209538,1531228209533,1872341,0.00022680,17.79000000,0
1531228209538,1531228209533,1872342,0.00022690,15.93000000,0
1531228209538,1531228209533,1872343,0.00022760,75.13000000,0
1531228209538,1531228209533,1872344,0.00022810,5.89000000,0
1531228209538,1531228209533,1872345,0.00022820,31.12000000,0
1531228209538,1531228209533,1872346,0.00022830,10.91000000,0
1531228209538,1531228209533,1872347,0.00022860,282.26000000,0
1531228215503,1531228215499,1872348,0.00022560,65.81000000,1
1531228217598,1531228217595,1872349,0.00022560,88.66000000,1
1531228249889,1531228249886,1872350,0.00022650,29.07000000,1
1531228254433,1531228254432,1872351,0.00022880,0.58000000,0
1531228257523,1531228257516,1872352,0.00022850,0.01000000,0
1531228305471,1531228305467,1872353,0.00022690,10.96000000,1
1531228391473,1531228391468,1872354,0.00022760,36.00000000,0
1531228542360,1531228542359,1872355,0.00022660,0.56000000,1
1531228544541,1531228544537,1872356,0.00022600,0.56000000,1
1531228550177,1531228550172,1872357,0.00022760,4.06000000,0
1531228550177,1531228550172,1872358,0.00022880,0.36000000,0
1531228584480,1531228584475,1872359,0.00022800,7.19000000,0
1531228584518,1531228584514,1872360,0.00022810,5.96000000,1
1531228584837,1531228584833,1872361,0.00022810,5.15000000,0
1531228659747,1531228659743,1872362,0.00022780,14.47000000,0
1531228660271,1531228660266,1872363,0.00022780,0.59000000,0
1531228666899,1531228666895,1872364,0.00022690,32.15000000,1
1531228819146,1531228819142,1872365,0.00022760,4.40000000,0
1531228834708,1531228834703,1872366,0.00022740,1.20000000,0
1531228932808,1531228932804,1872367,0.00022700,0.09000000,0
1531228991472,1531228991467,1872368,0.00022690,8.58000000,0
1531229089708,1531229089704,1872369,0.00022680,4.40000000,0
1531229125442,1531229125437,1872370,0.00022680,5.04000000,0
1531229132557,1531229132553,1872371,0.00022660,120.58000000,1
1531229132557,1531229132553,1872372,0.00022650,12.11000000,1
1531229132571,1531229132566,1872373,0.00022650,12.50000000,0
1531229132597,1531229132592,1872374,0.00022650,5.96000000,0
1531229132622,1531229132618,1872375,0.00022650,12.50000000,0
1531229133594,1531229133590,1872376,0.00022650,61.08000000,0
1531229150130,1531229150126,1872377,0.00022630,11.05000000,1
1531229150130,1531229150126,1872378,0.00022620,10.99000000,1
1531229150190,1531229150188,1872379,0.00022620,4.76000000,0
1531229150192,1531229150188,1872380,0.00022620,4.76000000,0
1531229150211,1531229150207,1872381,0.00022620,6.52000000,0
1531229150457,1531229150451,1872382,0.00022620,1001.10000000,0
1531229170704,1531229170700,1872383,0.00022740,0.13000000,0
1531229386876,1531229386873,1872384,0.00022720,11.01000000,0
1531229395587,1531229395583,1872385,0.00022720,20.00000000,1
1531229396695,1531229396689,1872386,0.00022720,0.49000000,1
1531229401482,1531229401476,1872387,0.00022710,26.46000000,0
1531229401482,1531229401476,1872388,0.00022720,19.40000000,0
1531229401482,1531229401476,1872389,0.00022740,7.19000000,0
1531229401482,1531229401476,1872390,0.00022780,5.57000000,0
1531229415509,1531229415503,1872391,0.00022740,7.19000000,0
1531229415509,1531229415503,1872392,0.00022750,58.74000000,0
1531229417459,1531229417455,1872393,0.00022730,0.58000000,0
1531229561541,1531229561536,1872394,0.00022690,0.97000000,0
1531229619570,1531229619566,1872395,0.00022690,4.51000000,0
1531229639600,1531229639596,1872396,0.00022690,8.71000000,1
1531229687760,1531229687756,1872397,0.00022670,0.16000000,0
1531229690050,1531229690045,1872398,0.00022630,4.42000000,1
1531229691640,1531229691635,1872399,0.00022630,27.58000000,0
1531229731657,1531229731653,1872400,0.00022670,11.45000000,0
1531229734197,1531229734192,1872401,0.00022700,12.57000000,0
1531229771156,1531229771153,1872402,0.00022650,0.72000000,0
1531229816305,1531229816292,1872403,0.00022650,0.72000000,0
1531229840396,1531229840392,1872404,0.00022650,6.08000000,0
1531229937602,1531229937597,1872405,0.00022650,30.66000000,0
1531229948913,1531229948907,1872406,0.00022620,380.39000000,1
1531229948913,1531229948907,1872407,0.00022610,19.61000000,1
1531229948913,1531229948907,1872408,0.00022600,9.44000000,1
1531229948946,1531229948941,1872409,0.00022600,169.34000000,0
1531229951167,1531229951162,1872410,0.00022600,11.05000000,0
1531229961368,1531229961364,1872411,0.00022590,380.40000000,0
1531229971400,1531229971396,1872412,0.00022600,229.24000000,0
1531230010478,1531230010473,1872413,0.00022600,420.35000000,0
1531230039356,1531230039350,1872414,0.00022600,89.68000000,0
1531230039382,1531230039378,1872415,0.00022600,92.00000000,0
1531230039417,1531230039412,1872416,0.00022600,91.78000000,0
1531230041530,1531230041525,1872417,0.00022600,2497.49000000,0
1531230043516,1531230043510,1872418,0.00022730,0.30000000,0
1531230092590,1531230092586,1872419,0.00022730,0.09000000,0
1531230141793,1531230141789,1872420,0.00022690,50.00000000,1
1531230173926,1531230173925,1872421,0.00022750,0.35000000,0
1531230197415,1531230197411,1872422,0.00022750,1.48000000,0
1531230230798,1531230230792,1872423,0.00022690,132.00000000,1
1531230231577,1531230231572,1872424,0.00022690,0.33000000,1
1531230232686,1531230232682,1872425,0.00022690,49.67000000,0
1531230234455,1531230234450,1872426,0.00022670,50.00000000,1
1531230237414,1531230237410,1872427,0.00022670,50.00000000,1
1531230240488,1531230240482,1872428,0.00022670,50.00000000,1
1531230250648,1531230250644,1872429,0.00022670,23.98000000,1
1531230252552,1531230252548,1872430,0.00022670,23.42000000,0
1531230313688,1531230313683,1872431,0.00022760,1.06000000,0
1531230452940,1531230452936,1872432,0.00022700,158.88000000,1
1531230503359,1531230503354,1872433,0.00022720,31.74000000,1
1531230516369,1531230516365,1872434,0.00022760,0.63000000,0
1531230565943,1531230565938,1872435,0.00022760,0.08000000,0
1531230572856,1531230572853,1872436,0.00022760,1.40000000,0
1531230614215,1531230614210,1872437,0.00022700,60.04000000,1
1531230620765,1531230620761,1872438,0.00022700,65.94000000,1
1531230623144,1531230623137,1872439,0.00022760,0.08000000,0
1531230679225,1531230679222,1872440,0.00022700,42.05000000,1
1531230686035,1531230686031,1872441,0.00022760,0.12000000,0
1531230709393,1531230709391,1872442,0.00022700,89.86000000,1
1531230732425,1531230732421,1872443,0.00022760,3.24000000,0
1531230735450,1531230735445,1872444,0.00022760,0.01000000,0
1531230764754,1531230764750,1872445,0.00022760,0.01000000,0
1531230885739,1531230885735,1872446,0.00022750,0.42000000,0
1531230895699,1531230895695,1872447,0.00022750,10.00000000,0
1531230918615,1531230918611,1872448,0.00022750,13.57000000,0
1531230952281,1531230952279,1872449,0.00022750,16.89000000,0
1531230955306,1531230955301,1872450,0.00022760,4.42000000,0
1531230958556,1531230958552,1872451,0.00022770,4.40000000,0
1531230958556,1531230958552,1872452,0.00022780,2.82000000,0
1531230961342,1531230961337,1872453,0.00022780,0.01000000,0
1531231046304,1531231046300,1872454,0.00022780,0.41000000,0
1531231057666,1531231057661,1872455,0.00022710,20.74000000,1
1531231060393,1531231060389,1872456,0.00022710,132.10000000,1
1531231068617,1531231068611,1872457,0.00022700,47.40000000,1
1531231075248,1531231075243,1872458,0.00022780,0.42000000,0
1531231108860,1531231108857,1872459,0.00022780,26.31000000,0
1531231248275,1531231248268,1872460,0.00022700,240.00000000,1
1531231248299,1531231248294,1872461,0.00022700,188.18000000,1
1531231248784,1531231248780,1872462,0.00022700,62.00000000,1
1531231249188,1531231249183,1872463,0.00022700,47.40000000,1
1531231249590,1531231249586,1872464,0.00022700,50.00000000,1
1531231250020,1531231250017,1872465,0.00022700,9.00000000,1
1531231251221,1531231251213,1872466,0.00022700,366.98000000,1
1531231299221,1531231299216,1872467,0.00022750,0.09000000,0
1531231417124,1531231417119,1872468,0.00022750,0.10000000,0
1531231419748,1531231419744,1872469,0.00022680,5.11000000,1
1531231459633,1531231459628,1872470,0.00022670,37.63000000,1
1531231459633,1531231459628,1872471,0.00022630,77.06000000,1
1531231459633,1531231459628,1872472,0.00022600,40.69000000,1
1531231459633,1531231459628,1872473,0.00022590,671.79000000,1
1531231566580,1531231566574,1872474,0.00022610,33.30000000,1
1531231566580,1531231566574,1872475,0.00022590,48.06000000,1
1531231643474,1531231643472,1872476,0.00022680,0.42000000,0
1531231715631,1531231715627,1872477,0.00022610,17.93000000,1
1531231715631,1531231715627,1872478,0.00022590,12.09000000,1
1531231788848,1531231788843,1872479,0.00022680,4.69000000,0
1531231788848,1531231788843,1872480,0.00022710,82.81000000,0
1531231825885,1531231825884,1872481,0.00022710,0.20000000,0
1531231829651,1531231829643,1872482,0.00022710,0.09000000,0
1531232008771,1531232008766,1872483,0.00022710,0.21000000,0
1531232058421,1531232058416,1872484,0.00022620,28.50000000,1
1531232058454,1531232058448,1872485,0.00022620,40.01000000,0
1531232073966,1531232073962,1872486,0.00022590,32.33000000,1
1531232104273,1531232104268,1872487,0.00022590,54.77000000,1
1531232104273,1531232104268,1872488,0.00022580,11.01000000,1
1531232104273,1531232104268,1872489,0.00022550,44.22000000,1
1531232104273,1531232104268,1872490,0.00022540,73.95000000,1
1531232104273,1531232104268,1872491,0.00022520,5.00000000,1
1531232104273,1531232104268,1872492,0.00022510,238.56000000,1
1531232104274,1531232104268,1872493,0.00022510,409.96000000,1
1531232104274,1531232104268,1872494,0.00022500,304.97000000,1
1531232104274,1531232104268,1872495,0.00022500,26.97000000,1
1531232104275,1531232104268,1872496,0.00022500,157.32000000,1
1531232104275,1531232104268,1872497,0.00022500,70.84000000,1
1531232104275,1531232104268,1872498,0.00022500,104.41000000,1
1531232104276,1531232104268,1872499,0.00022500,822.55000000,1
1531232130962,1531232130957,1872500,0.00022500,8.65000000,1
1531232132652,1531232132647,1872501,0.00022500,8.65000000,1
1531232134756,1531232134752,1872502,0.00022500,43.23000000,1
1531232244591,1531232244586,1872503,0.00022650,0.11000000,0
1531232254461,1531232254455,1872504,0.00022650,0.51000000,0
1531232355680,1531232355676,1872505,0.00022530,9.00000000,1
1531232355680,1531232355676,1872506,0.00022520,30.11000000,1
1531232355964,1531232355960,1872507,0.00022640,165.05000000,0
1531232360247,1531232360243,1872508,0.00022640,1.84000000,0
1531232363258,1531232363254,1872509,0.00022640,0.01000000,0
1531232470500,1531232470496,1872510,0.00022570,29.99000000,1
1531232504254,1531232504250,1872511,0.00022620,0.11000000,0
1531232605745,1531232605740,1872512,0.00022620,10.55000000,0
1531232620608,1531232620602,1872513,0.00022510,63.00000000,1
1531232621176,1531232621174,1872514,0.00022510,31.91000000,1
1531232621196,1531232621193,1872515,0.00022500,31.91000000,1
1531232621338,1531232621335,1872516,0.00022500,14.82000000,1
1531232629307,1531232629303,1872517,0.00022510,0.03000000,0
1531232629307,1531232629303,1872518,0.00022560,18.96000000,0
1531232635611,1531232635607,1872519,0.00022560,14.41000000,0
1531232635611,1531232635607,1872520,0.00022620,4.27000000,0
1531232667265,1531232667261,1872521,0.00022620,0.12000000,0
1531232670368,1531232670363,1872522,0.00022500,64.92000000,1
1531232728732,1531232728728,1872523,0.00022600,19.89000000,0
1531232818167,1531232818165,1872524,0.00022600,9.41000000,0
1531232819103,1531232819098,1872525,0.00022600,0.08000000,0
1531232819846,1531232819844,1872526,0.00022600,5.08000000,1
1531232870256,1531232870252,1872527,0.00022640,5.27000000,0
1531232892822,1531232892817,1872528,0.00022640,6.17000000,0
1531232907916,1531232907912,1872529,0.00022640,0.14000000,0
1531232910793,1531232910788,1872530,0.00022560,31.95000000,1
1531232910793,1531232910788,1872531,0.00022550,8.74000000,1
1531232969029,1531232969026,1872532,0.00022550,24.65000000,1
1531232973713,1531232973710,1872533,0.00022550,26.54000000,0
1531232973803,1531232973800,1872534,0.00022550,48.81000000,0
1531232973803,1531232973800,1872535,0.00022580,0.23000000,0
1531232973937,1531232973936,1872536,0.00022580,33.11000000,0
1531232973937,1531232973936,1872537,0.00022610,14.44000000,0
1531233059739,1531233059734,1872538,0.00022610,0.49000000,0
1531233077320,1531233077316,1872539,0.00022610,4.29000000,0
1531233080340,1531233080336,1872540,0.00022610,0.01000000,0
1531233144969,1531233144965,1872541,0.00022500,175.50000000,1
1531233146159,1531233146155,1872542,0.00022500,20.48000000,0
1531233146192,1531233146186,1872543,0.00022500,46.35000000,0
1531233146306,1531233146302,1872544,0.00022500,42.77000000,0
1531233146409,1531233146404,1872545,0.00022500,23.06000000,0
1531233146487,1531233146483,1872546,0.00022500,193.05000000,0
1531233146588,1531233146585,1872547,0.00022500,1.79000000,0
1531233155686,1531233155681,1872548,0.00022610,1.30000000,0
1531233161891,1531233161889,1872549,0.00022610,0.09000000,0
1531233215584,1531233215578,1872550,0.00022510,79.50000000,1
1531233216910,1531233216906,1872551,0.00022610,0.40000000,0
1531233219240,1531233219235,1872552,0.00022510,0.01000000,1
1531233260605,1531233260602,1872553,0.00022590,5.28000000,0
1531233263253,1531233263249,1872554,0.00022590,0.03000000,0
1531233296350,1531233296345,1872555,0.00022590,80.69000000,0
1531233314120,1531233314115,1872556,0.00022610,2.34000000,0
1531233317153,1531233317150,1872557,0.00022610,0.01000000,0
1531233480683,1531233480680,1872558,0.00022610,44.22000000,0
1531233493408,1531233493402,1872559,0.00022610,0.07000000,0
1531233686954,1531233686950,1872560,0.00022610,15.85000000,0
1531233686954,1531233686950,1872561,0.00022620,33.29000000,0
1531233686954,1531233686950,1872562,0.00022630,17.20000000,0
1531233765790,1531233765786,1872563,0.00022520,0.05000000,1
1531233767544,1531233767542,1872564,0.00022520,0.09000000,1
1531233773229,1531233773225,1872565,0.00022520,0.09000000,1
1531233774916,1531233774915,1872566,0.00022630,65.00000000,1
1531233915692,1531233915689,1872567,0.00022630,5.27000000,0
1531233917680,1531233917677,1872568,0.00022630,0.22000000,0
1531233935378,1531233935374,1872569,0.00022580,0.02000000,1
1531233940809,1531233940805,1872570,0.00022630,24.97000000,0
1531233943002,1531233942996,1872571,0.00022640,33.71000000,0
1531233943002,1531233942996,1872572,0.00022650,10.42000000,0
1531233943002,1531233942996,1872573,0.00022680,0.05000000,0
1531233959173,1531233959169,1872574,0.00022630,375.03000000,1
1531233969122,1531233969119,1872575,0.00022620,0.62000000,0
1531234042672,1531234042670,1872576,0.00022620,5.27000000,0
1531234155403,1531234155400,1872577,0.00022620,0.02000000,0
1531234162710,1531234162707,1872578,0.00022540,0.42000000,1
1531234191609,1531234191609,1872579,0.00022620,0.02000000,0
1531234228153,1531234228150,1872580,0.00022620,85.26000000,0
1531234230137,1531234230134,1872581,0.00022630,176.03000000,0
1531234230667,1531234230663,1872582,0.00022640,33.26000000,0
1531234252473,1531234252470,1872583,0.00022690,33.18000000,0
1531234286997,1531234286994,1872584,0.00022720,77.06000000,0
1531234290436,1531234290432,1872585,0.00022750,0.16000000,0
1531234291199,1531234291194,1872586,0.00022690,127.54000000,1
1531234291199,1531234291194,1872587,0.00022650,33.24000000,1
1531234291660,1531234291657,1872588,0.00022620,110.24000000,1
1531234291660,1531234291657,1872589,0.00022610,80.97000000,1
1531234291679,1531234291675,1872590,0.00022590,157.79000000,0
1531234292004,1531234292001,1872591,0.00022590,21.15000000,1
1531234293001,1531234292998,1872592,0.00022590,15.86000000,1
1531234296890,1531234296888,1872593,0.00022590,80.97000000,1
1531234312825,1531234312821,1872594,0.00022590,11.89000000,1
1531234351196,1531234351192,1872595,0.00022590,3.13000000,1
1531234351196,1531234351192,1872596,0.00022580,18.85000000,1
1531234364232,1531234364227,1872597,0.00022580,14.49000000,1
1531234364232,1531234364227,1872598,0.00022530,37.85000000,1
1531234400615,1531234400611,1872599,0.00022650,0.68000000,0
1531234404977,1531234404974,1872600,0.00022650,37.40000000,0
1531234404977,1531234404974,1872601,0.00022660,6.75000000,0
1531234419211,1531234419207,1872602,0.00022570,19.89000000,1
1531234423628,1531234423624,1872603,0.00022650,0.01000000,0
1531234531913,1531234531911,1872604,0.00022650,0.24000000,0
1531234669934,1531234669931,1872605,0.00022570,4.44000000,1
1531234669934,1531234669931,1872606,0.00022560,42.96000000,1
1531234689955,1531234689951,1872607,0.00022580,64.83000000,1
1531234689955,1531234689951,1872608,0.00022560,1482.28000000,1
1531234690983,1531234690980,1872609,0.00022570,47.40000000,0
1531234722921,1531234722918,1872610,0.00022540,9.00000000,1
1531234723559,1531234723556,1872611,0.00022540,23.45000000,1
1531234723559,1531234723556,1872612,0.00022520,350.00000000,1
1531234723575,1531234723573,1872613,0.00022520,9.00000000,0
1531234727483,1531234727479,1872614,0.00022510,11.04000000,1
1531234727483,1531234727479,1872615,0.00022500,57.04000000,1
1531234727483,1531234727479,1872616,0.00022490,687.25000000,1
1531234727483,1531234727479,1872617,0.00022470,37.64000000,1
1531234727484,1531234727479,1872618,0.00022470,55.08000000,1
1531234727484,1531234727479,1872619,0.00022470,7.28000000,1
1531234727508,1531234727505,1872620,0.00022450,49.23000000,0
1531234732011,1531234732008,1872621,0.00022480,156.35000000,1
1531234735082,1531234735078,1872622,0.00022500,35.27000000,1
1531234735082,1531234735078,1872623,0.00022490,19.42000000,1
1531234735102,1531234735100,1872624,0.00022470,29.36000000,0
1531234738343,1531234738341,1872625,0.00022470,22.55000000,1
1531234739726,1531234739722,1872626,0.00022470,15.38000000,1
1531234739726,1531234739722,1872627,0.00022460,161.67000000,1
1531234739726,1531234739722,1872628,0.00022440,39.60000000,1
1531234739726,1531234739722,1872629,0.00022430,4.46000000,1
1531234739726,1531234739722,1872630,0.00022420,27.94000000,1
1531234739726,1531234739722,1872631,0.00022410,41.84000000,1
1531234739726,1531234739722,1872632,0.00022400,118.28000000,1
1531234739727,1531234739722,1872633,0.00022400,173.05000000,1
1531234739727,1531234739722,1872634,0.00022390,111.67000000,1
1531234739727,1531234739722,1872635,0.00022350,288.70000000,1
1531234739742,1531234739740,1872636,0.00022390,235.59000000,0
1531234739787,1531234739783,1872637,0.00022400,5.00000000,0
1531234744202,1531234744199,1872638,0.00022420,21.75000000,0
1531234746322,1531234746319,1872639,0.00022540,37.93000000,0
1531234746322,1531234746319,1872640,0.00022550,19.64000000,0
1531234746322,1531234746319,1872641,0.00022560,20.14000000,0
1531234746401,1531234746398,1872642,0.00022560,23.37000000,0
1531234746614,1531234746610,1872643,0.00022560,29.46000000,0
1531234746614,1531234746610,1872644,0.00022570,9.33000000,0
1531234750469,1531234750466,1872645,0.00022570,0.41000000,0
1531234753918,1531234753915,1872646,0.00022440,33.48000000,1
1531234753918,1531234753915,1872647,0.00022430,8.74000000,1
1531234757792,1531234757788,1872648,0.00022430,24.83000000,1
1531234757792,1531234757788,1872649,0.00022420,10.44000000,1
1531234774911,1531234774907,1872650,0.00022560,33.48000000,0
1531234774911,1531234774907,1872651,0.00022570,18.20000000,0
1531234774911,1531234774907,1872652,0.00022620,92.70000000,0
1531234868381,1531234868380,1872653,0.00022420,47.54000000,1
1531234868381,1531234868380,1872654,0.00022410,18.80000000,1
1531234884353,1531234884353,1872655,0.00022590,0.11000000,0
1531234913244,1531234913242,1872656,0.00022540,21.59000000,0
1531234914076,1531234914074,1872657,0.00022530,36.28000000,0
1531234914689,1531234914687,1872658,0.00022560,11.09000000,0
1531234914689,1531234914687,1872659,0.00022650,4.46000000,0
1531234914689,1531234914687,1872660,0.00022680,8.31000000,0
1531234941471,1531234941469,1872661,0.00022500,47.40000000,1
1531235039220,1531235039217,1872662,0.00022680,0.14000000,0
1531235044319,1531235044317,1872663,0.00022580,26.62000000,1
1531235045020,1531235045016,1872664,0.00022580,21.38000000,0
1531235045020,1531235045016,1872665,0.00022680,263.46000000,0
1531235045020,1531235045016,1872666,0.00022690,127.54000000,0
1531235045020,1531235045016,1872667,0.00022750,40.96000000,0
1531235045020,1531235045016,1872668,0.00022810,1325.05000000,0
1531235045023,1531235045022,1872669,0.00022810,26.62000000,1
1531235045030,1531235045027,1872670,0.00022810,384.99000000,1
1531235045062,1531235045064,1872671,0.00022500,26.62000000,1
1531235046295,1531235046293,1872672,0.00022650,27.69000000,1
1531235139605,1531235139603,1872673,0.00022690,43.09000000,1
1531235147246,1531235147243,1872674,0.00022800,12.02000000,0
1531235147246,1531235147243,1872675,0.00022810,53.77000000,0
1531235147538,1531235147537,1872676,0.00022690,55.41000000,1
1531235228946,1531235228945,1872677,0.00022720,0.20000000,1
1531235230360,1531235230359,1872678,0.00022710,0.20000000,1
1531235234533,1531235234531,1872679,0.00022710,3.41000000,1
1531235234798,1531235234798,1872680,0.00022710,21.31000000,1
1531235235301,1531235235298,1872681,0.00022710,7.25000000,1
1531235235529,1531235235527,1872682,0.00022710,3.53000000,1
1531235235855,1531235235854,1872683,0.00022720,7.01000000,1
1531235236220,1531235236219,1872684,0.00022710,3.45000000,1
1531235236705,1531235236703,1872685,0.00022710,12.39000000,1
1531235237102,1531235237102,1872686,0.00022710,2.89000000,1
1531235237102,1531235237102,1872687,0.00022700,0.12000000,1
1531235237735,1531235237733,1872688,0.00022700,2.70000000,1
1531235238429,1531235238430,1872689,0.00022700,3.93000000,1
1531235239109,1531235239107,1872690,0.00022700,5.73000000,1
1531235239599,1531235239598,1872691,0.00022700,1.34000000,1
1531235239599,1531235239598,1872692,0.00022600,27.14000000,1
1531235239859,1531235239858,1872693,0.00022600,2.81000000,1
1531235240276,1531235240274,1872694,0.00022620,2.77000000,1
1531235240708,1531235240706,1872695,0.00022620,6.84000000,1
1531235241196,1531235241195,1872696,0.00022620,6.32000000,1
1531235337683,1531235337683,1872697,0.00022690,0.06000000,0
1531235426421,1531235426414,1872698,0.00022690,0.29000000,0
1531235484837,1531235484836,1872699,0.00022690,4.86000000,0
1531235485892,1531235485892,1872700,0.00022610,4.86000000,1
1531235493918,1531235493915,1872701,0.00022770,7.01000000,0
1531235493918,1531235493915,1872702,0.00022780,109.84000000,0
1531235493918,1531235493915,1872703,0.00022790,29.95000000,0
1531235494203,1531235494203,1872704,0.00022790,141.62000000,1
1531235495254,1531235495255,1872705,0.00022790,50.00000000,1
1531235498545,1531235498542,1872706,0.00022790,36.00000000,1
1531235499354,1531235499354,1872707,0.00022790,154.44000000,1
1531235561915,1531235561913,1872708,0.00022810,17.06000000,0
1531235683148,1531235683147,1872709,0.00022770,57.00000000,1
1531235698212,1531235698211,1872710,0.00022770,10.29000000,1
1531235702005,1531235702000,1872711,0.00022770,47.40000000,1
1531235711648,1531235711646,1872712,0.00022770,18.77000000,1
1531235713560,1531235713559,1872713,0.00022790,63.99000000,1
1531235713960,1531235713958,1872714,0.00022770,103.00000000,1
1531235715265,1531235715265,1872715,0.00022790,31.97000000,1
1531235718110,1531235718108,1872716,0.00022770,9.99000000,1
1531235757931,1531235757929,1872717,0.00022670,6.87000000,1
1531235758639,1531235758640,1872718,0.00022650,29.00000000,1
1531235762156,1531235762156,1872719,0.00022650,312.80000000,1
1531235762156,1531235762156,1872720,0.00022640,110.10000000,1
1531235782903,1531235782902,1872721,0.00022640,0.10000000,1
1531235856909,1531235856908,1872722,0.00022640,50.00000000,1
1531235867935,1531235867933,1872723,0.00022640,0.71000000,1
1531235867935,1531235867933,1872724,0.00022580,4.43000000,1
1531235868138,1531235868137,1872725,0.00022570,42.26000000,0
1531235870994,1531235870992,1872726,0.00022560,0.45000000,1
1531235986468,1531235986468,1872727,0.00022550,57.70000000,1
1531235986468,1531235986468,1872728,0.00022540,0.30000000,1
1531235986996,1531235986998,1872729,0.00022540,27.56000000,1
1531235986996,1531235986998,1872730,0.00022520,23.05000000,1
1531235986996,1531235986998,1872731,0.00022510,40.87000000,1
1531235986996,1531235986998,1872732,0.00022500,122.21000000,1
1531235987502,1531235987503,1872733,0.00022510,17.47000000,0
1531235988163,1531235988162,1872734,0.00022510,34.38000000,0
1531235989455,1531235989453,1872735,0.00022520,27.56000000,0
1531235989455,1531235989453,1872736,0.00022550,9.00000000,0
1531235989455,1531235989453,1872737,0.00022560,7.00000000,0
1531235989522,1531235989521,1872738,0.00022560,23.37000000,0
1531235992961,1531235992959,1872739,0.00022560,3.00000000,0
1531235992961,1531235992959,1872740,0.00022640,6.87000000,0
1531235992961,1531235992959,1872741,0.00022650,17.68000000,0
1531236018271,1531236018269,1872742,0.00022530,30.00000000,1
1531236018271,1531236018269,1872743,0.00022520,26.40000000,1
1531236128377,1531236128373,1872744,0.00022600,5.12000000,1
1531236133247,1531236133246,1872745,0.00022620,30.00000000,0
1531236133247,1531236133246,1872746,0.00022640,14.16000000,0
1531236143046,1531236143044,1872747,0.00022630,5.35000000,0
1531236143046,1531236143044,1872748,0.00022640,38.81000000,0
1531236149678,1531236149677,1872749,0.00022640,60.81000000,0
1531236149691,1531236149691,1872750,0.00022640,19.37000000,0
1531236149691,1531236149691,1872751,0.00022660,51.96000000,0
1531236149691,1531236149691,1872752,0.00022670,28.75000000,0
1531236166372,1531236166371,1872753,0.00022710,46.85000000,1
1531236167489,1531236167490,1872754,0.00022800,0.01000000,0
1531236203852,1531236203850,1872755,0.00022720,3.45000000,1
1531236204054,1531236204053,1872756,0.00022720,6.43000000,1
1531236215193,1531236215193,1872757,0.00022720,107.52000000,0
1531236215197,1531236215198,1872758,0.00022720,107.52000000,0
1531236215218,1531236215218,1872759,0.00022720,107.52000000,0
1531236218209,1531236218210,1872760,0.00022690,0.02000000,1
1531236295526,1531236295525,1872761,0.00022690,9.88000000,0
1531236295526,1531236295525,1872762,0.00022700,5.12000000,0
1531236303208,1531236303207,1872763,0.00022700,14.59000000,0
1531236311712,1531236311713,1872764,0.00022620,65.79000000,1
1531236488961,1531236488962,1872765,0.00022610,50.00000000,0
1531236495211,1531236495210,1872766,0.00022610,50.00000000,0
1531236525679,1531236525679,1872767,0.00022610,47.40000000,1
1531236665462,1531236665462,1872768,0.00022620,0.17000000,0
1531236748927,1531236748928,1872769,0.00022620,80.00000000,0
1531236753822,1531236753817,1872770,0.00022620,0.10000000,0
1531236792200,1531236792202,1872771,0.00022610,2.60000000,1
1531236792200,1531236792202,1872772,0.00022600,44.80000000,1
1531236795411,1531236795411,1872773,0.00022600,24.00000000,1
1531236795890,1531236795890,1872774,0.00022600,25.00000000,1
1531236796675,1531236796676,1872775,0.00022600,47.40000000,1
1531236797231,1531236797230,1872776,0.00022600,24.00000000,1
1531236832598,1531236832599,1872777,0.00022620,0.16000000,0
1531236832884,1531236832885,1872778,0.00022620,0.06000000,0
1531236955639,1531236955638,1872779,0.00022620,209.27000000,0
1531236955639,1531236955638,1872780,0.00022670,33.21000000,0
1531236955639,1531236955638,1872781,0.00022690,287.91000000,0
1531236955639,1531236955638,1872782,0.00022700,749.78000000,0
1531236955639,1531236955638,1872783,0.00022720,678.16000000,0
1531236955639,1531236955638,1872784,0.00022800,61.76000000,0
1531236955639,1531236955638,1872785,0.00022820,124.17000000,0
1531236976988,1531236976987,1872786,0.00022780,0.11000000,0
1531237022004,1531237022004,1872787,0.00022730,109.69000000,1
1531237022005,1531237022005,1872788,0.00022700,33.17000000,1
1531237022034,1531237022033,1872789,0.00022620,27.48000000,1
1531237022034,1531237022033,1872790,0.00022610,114.48000000,1
1531237023016,1531237023015,1872791,0.00022620,109.69000000,1
1531237131013,1531237131010,1872792,0.00022610,12.58000000,1
1531237197654,1531237197654,1872793,0.00022610,78.00000000,1
1531237224907,1531237224908,1872794,0.00022610,47.40000000,1
1531237236333,1531237236333,1872795,0.00022660,66.20000000,0
1531237249110,1531237249111,1872796,0.00022660,0.12000000,0
1531237301250,1531237301250,1872797,0.00022660,0.03000000,0
1531237354798,1531237354797,1872798,0.00022600,153.52000000,1
1531237355546,1531237355545,1872799,0.00022530,41.72000000,1
1531237355546,1531237355545,1872800,0.00022500,0.28000000,1
1531237355668,1531237355667,1872801,0.00022500,248.21000000,1
1531237355697,1531237355696,1872802,0.00022500,41.96000000,0
1531237356340,1531237356340,1872803,0.00022450,44.46000000,1
1531237356340,1531237356340,1872804,0.00022430,4.46000000,1
1531237356340,1531237356340,1872805,0.00022420,58.08000000,1
1531237358113,1531237358114,1872806,0.00022470,105.74000000,1
1531237358408,1531237358406,1872807,0.00022470,112.95000000,1
1531237358408,1531237358406,1872808,0.00022450,0.05000000,1
1531237358668,1531237358668,1872809,0.00022470,112.89000000,0
1531237358702,1531237358702,1872810,0.00022470,0.06000000,0
1531237359871,1531237359870,1872811,0.00022450,50.00000000,1
1531237363348,1531237363349,1872812,0.00022490,42.27000000,0
1531237366298,1531237366297,1872813,0.00022450,50.00000000,1
1531237368920,1531237368920,1872814,0.00022450,50.00000000,1
1531237389204,1531237389204,1872815,0.00022490,0.34000000,0
1531237408456,1531237408456,1872816,0.00022490,57.00000000,0
1531237423250,1531237423249,1872817,0.00022490,26.64000000,0
1531237475808,1531237475806,1872818,0.00022490,41.62000000,0
1531237475808,1531237475806,1872819,0.00022500,77.24000000,0
1531237475808,1531237475806,1872820,0.00022530,75.18000000,0
1531237476537,1531237476536,1872821,0.00022570,44.91000000,0
1531237476537,1531237476536,1872822,0.00022590,44.09000000,0
1531237476537,1531237476536,1872823,0.00022600,53.81000000,0
1531237479157,1531237479155,1872824,0.00022620,71.19000000,1
1531237543546,1531237543546,1872825,0.00022570,2.68000000,0
1531237543693,1531237543692,1872826,0.00022570,2.80000000,0
1531237550203,1531237550202,1872827,0.00022500,66.20000000,1
1531237555469,1531237555467,1872828,0.00022500,81.80000000,1
1531237578972,1531237578973,1872829,0.00022500,48.09000000,1
1531237579350,1531237579351,1872830,0.00022500,15.32000000,0
1531237592568,1531237592568,1872831,0.00022490,19.89000000,1
1531237593716,1531237593715,1872832,0.00022490,41.62000000,0
1531237595088,1531237595087,1872833,0.00022490,0.01000000,0
1531237600961,1531237600961,1872834,0.00022490,0.01000000,0
1531237607537,1531237607536,1872835,0.00022470,36.14000000,0
1531237652618,1531237652618,1872836,0.00022520,33.48000000,0
1531237653145,1531237653145,1872837,0.00022590,30.13000000,0
1531237677480,1531237677479,1872838,0.00022480,29.92000000,1
1531237678391,1531237678391,1872839,0.00022480,52.53000000,0
1531237698257,1531237698257,1872840,0.00022530,0.28000000,0
1531237743392,1531237743391,1872841,0.00022480,286.95000000,0
1531237770972,1531237770971,1872842,0.00022480,0.01000000,0
1531237770972,1531237770971,1872843,0.00022530,4.43000000,0
1531237776748,1531237776747,1872844,0.00022530,6.43000000,0
1531237776802,1531237776801,1872845,0.00022530,3.45000000,0
1531237777037,1531237777034,1872846,0.00022530,7.01000000,0
1531237777083,1531237777082,1872847,0.00022530,3.17000000,0
1531237777184,1531237777183,1872848,0.00022530,2.94000000,0
1531237777273,1531237777272,1872849,0.00022530,5.75000000,0
1531237777273,1531237777272,1872850,0.00022580,0.36000000,0
1531237777280,1531237777280,1872851,0.00022580,3.54000000,0
1531237777311,1531237777311,1872852,0.00022580,3.01000000,0
1531237778036,1531237778035,1872853,0.00022580,3.49000000,0
1531237778302,1531237778303,1872854,0.00022580,2.78000000,0
1531237814400,1531237814397,1872855,0.00022560,10.60000000,0
1531237814435,1531237814436,1872856,0.00022560,5.79000000,0
1531237814503,1531237814501,1872857,0.00022560,0.35000000,0
1531237814503,1531237814501,1872858,0.00022570,2.29000000,0
1531237814563,1531237814563,1872859,0.00022570,3.16000000,0
1531237814648,1531237814648,1872860,0.00022570,3.11000000,0
1531237830063,1531237830064,1872861,0.00022570,0.05000000,0
1531237841680,1531237841681,1872862,0.00022580,0.55000000,0
1531237914761,1531237914759,1872863,0.00022570,0.24000000,0
1531237930557,1531237930554,1872864,0.00022480,33.39000000,1
1531237930557,1531237930554,1872865,0.00022460,33.57000000,1
1531237930557,1531237930554,1872866,0.00022420,84.12000000,1
1531237930576,1531237930574,1872867,0.00022410,65.77000000,0
1531237930678,1531237930679,1872868,0.00022410,33.67000000,0
1531237930693,1531237930692,1872869,0.00022390,65.77000000,1
1531237931439,1531237931440,1872870,0.00022410,114.27000000,0
1531237932711,1531237932711,1872871,0.00022390,50.10000000,1
1531237935856,1531237935854,1872872,0.00022460,1.41000000,0
1531237938403,1531237938403,1872873,0.00022460,3.56000000,0
1531237965895,1531237965894,1872874,0.00022460,44.52000000,0
1531237966135,1531237966134,1872875,0.00022460,33.87000000,0
1531237967439,1531237967438,1872876,0.00022470,33.54000000,0
1531237971373,1531237971373,1872877,0.00022470,0.01000000,0
1531237971373,1531237971373,1872878,0.00022570,11.99000000,0
1531237977980,1531237977980,1872879,0.00022540,5.73000000,0
1531237978050,1531237978047,1872880,0.00022540,3.93000000,0
1531237978321,1531237978321,1872881,0.00022540,2.70000000,0
1531237978380,1531237978376,1872882,0.00022540,3.01000000,0
1531237978566,1531237978563,1872883,0.00022540,6.03000000,0
1531237978566,1531237978563,1872884,0.00022550,6.36000000,0
1531237978657,1531237978656,1872885,0.00022550,3.45000000,0
1531237978781,1531237978780,1872886,0.00022550,7.25000000,0
1531237978834,1531237978827,1872887,0.00022550,16.37000000,0
1531237978834,1531237978827,1872888,0.00022590,4.94000000,0
1531237978884,1531237978882,1872889,0.00022590,3.53000000,0
1531237978896,1531237978895,1872890,0.00022590,3.41000000,0
1531237979070,1531237979070,1872891,0.00022440,9.37000000,1
1531237979131,1531237979130,1872892,0.00022420,4.85000000,0
1531237979192,1531237979190,1872893,0.00022420,3.18000000,0
1531237979242,1531237979242,1872894,0.00022420,3.32000000,0
1531237979373,1531237979373,1872895,0.00022420,3.65000000,0
1531237979578,1531237979577,1872896,0.00022420,1.89000000,0
1531237979581,1531237979581,1872897,0.00022420,343.15000000,0
1531237979645,1531237979644,1872898,0.00022590,18.31000000,0
1531237979698,1531237979696,1872899,0.00022590,2.19000000,0
1531237979837,1531237979837,1872900,0.00022590,3.18000000,0
1531237979923,1531237979920,1872901,0.00022590,12.28000000,0
1531237979958,1531237979957,1872902,0.00022590,7.11000000,0
1531237980189,1531237980186,1872903,0.00022580,3.54000000,0
1531237980246,1531237980246,1872904,0.00022580,3.27000000,0
1531237980291,1531237980291,1872905,0.00022580,2.56000000,0
1531237980291,1531237980291,1872906,0.00022590,0.19000000,0
1531237980361,1531237980361,1872907,0.00022590,6.03000000,0
1531237980405,1531237980404,1872908,0.00022590,10.66000000,0
1531237980442,1531237980440,1872909,0.00022590,3.83000000,0
1531237980764,1531237980764,1872910,0.00022590,3.42000000,0
1531237980847,1531237980847,1872911,0.00022590,3.71000000,0
1531237980931,1531237980929,1872912,0.00022590,6.62000000,0
1531238010330,1531238010326,1872913,0.00022490,13.15000000,1
1531238011602,1531238011602,1872914,0.00022460,13.15000000,0
1531238013483,1531238013483,1872915,0.00022420,89.52000000,1
1531238013483,1531238013483,1872916,0.00022410,46.56000000,1
1531238024299,1531238024298,1872917,0.00022580,0.03000000,0
1531238045615,1531238045615,1872918,0.00022580,4.42000000,0
1531238054002,1531238054000,1872919,0.00022580,42.11000000,0
1531238054002,1531238054000,1872920,0.00022590,2.17000000,0
1531238124915,1531238124913,1872921,0.00022590,0.85000000,0
1531238127929,1531238127929,1872922,0.00022590,0.01000000,0
1531238304483,1531238304481,1872923,0.00022590,4.42000000,0
1531238335538,1531238335537,1872924,0.00022590,44.26000000,0
1531238432875,1531238432873,1872925,0.00022590,0.24000000,0
1531238440539,1531238440538,1872926,0.00022590,66.40000000,0
1531238513508,1531238513507,1872927,0.00022590,0.03000000,0
1531238564478,1531238564475,1872928,0.00022590,13.28000000,0
1531238587597,1531238587597,1872929,0.00022590,221.63000000,0
1531238680059,1531238680058,1872930,0.00022590,47.40000000,1
1531238780786,1531238780784,1872931,0.00022590,37.35000000,1
1531238782804,1531238782801,1872932,0.00022600,0.05000000,0
1531238827402,1531238827399,1872933,0.00022600,280.14000000,0
1531238835817,1531238835816,1872934,0.00022590,25.17000000,1
1531238877789,1531238877789,1872935,0.00022600,0.11000000,0
1531238881486,1531238881484,1872936,0.00022600,224.90000000,0
1531238881693,1531238881691,1872937,0.00022600,50.00000000,0
1531238882716,1531238882715,1872938,0.00022600,71.36000000,0
1531238901575,1531238901575,1872939,0.00022660,0.38000000,0
1531238908307,1531238908305,1872940,0.00022590,134.91000000,1
1531238908307,1531238908305,1872941,0.00022530,33.46000000,1
1531238908307,1531238908305,1872942,0.00022500,31.59000000,1
1531238909081,1531238909075,1872943,0.00022660,3.62000000,0
1531238912109,1531238912106,1872944,0.00022660,0.01000000,0
1531239046941,1531239046938,1872945,0.00022550,29.44000000,1
1531239047794,1531239047789,1872946,0.00022550,17.96000000,0
1531239084483,1531239084481,1872947,0.00022650,0.06000000,0
1531239151063,1531239151062,1872948,0.00022650,0.13000000,0
1531239230826,1531239230823,1872949,0.00022650,29.25000000,0
1531239230827,1531239230823,1872950,0.00022660,33.97000000,0
1531239230827,1531239230823,1872951,0.00022690,27.48000000,0
1531239230827,1531239230823,1872952,0.00022790,93.82000000,0
1531239244879,1531239244877,1872953,0.00022730,15.63000000,0
1531239245038,1531239245035,1872954,0.00022570,3.01000000,1
1531239245407,1531239245404,1872955,0.00022570,4.85000000,1
1531239245957,1531239245954,1872956,0.00022570,1.89000000,1
1531239246415,1531239246410,1872957,0.00022570,3.93000000,1
1531239247571,1531239247568,1872958,0.00022570,6.60000000,1
1531239248027,1531239248024,1872959,0.00022570,2.78000000,1
1531239248036,1531239248030,1872960,0.00022570,3.11000000,1
1531239248425,1531239248423,1872961,0.00022570,7.01000000,1
1531239248910,1531239248908,1872962,0.00022570,0.22000000,1
1531239248910,1531239248908,1872963,0.00022540,6.40000000,1
1531239249730,1531239249725,1872964,0.00022540,10.60000000,1
1531239250232,1531239250228,1872965,0.00022540,2.64000000,1
1531239250597,1531239250593,1872966,0.00022540,3.32000000,1
1531239251183,1531239251180,1872967,0.00022540,7.11000000,1
1531239251453,1531239251451,1872968,0.00022540,2.68000000,1
1531239251964,1531239251961,1872969,0.00022530,3.16000000,1
1531239252480,1531239252478,1872970,0.00022530,10.66000000,1
1531239253061,1531239253060,1872971,0.00022530,2.94000000,1
1531239253884,1531239253882,1872972,0.00022530,11.99000000,1
1531239253884,1531239253882,1872973,0.00022500,6.32000000,1
1531239254587,1531239254584,1872974,0.00022550,5.79000000,1
1531239255112,1531239255108,1872975,0.00022550,5.30000000,1
1531239255112,1531239255108,1872976,0.00022510,0.73000000,1
1531239255844,1531239255841,1872977,0.00022510,3.83000000,1
1531239256327,1531239256323,1872978,0.00022530,3.42000000,1
1531239256635,1531239256631,1872979,0.00022510,3.45000000,1
1531239257307,1531239257302,1872980,0.00022530,2.70000000,1
1531239257867,1531239257864,1872981,0.00022530,6.43000000,1
1531239258871,1531239258867,1872982,0.00022540,5.73000000,1
1531239259304,1531239259299,1872983,0.00022530,3.41000000,1
1531239259829,1531239259827,1872984,0.00022530,3.17000000,1
1531239260197,1531239260193,1872985,0.00022540,3.53000000,1
1531239260818,1531239260814,1872986,0.00022540,1.92000000,1
1531239260818,1531239260814,1872987,0.00022530,1.35000000,1
1531239261359,1531239261357,1872988,0.00022530,3.71000000,1
1531239261820,1531239261818,1872989,0.00022530,2.80000000,1
1531239262506,1531239262501,1872990,0.00022530,3.54000000,1
1531239262970,1531239262966,1872991,0.00022530,6.35000000,1
1531239262970,1531239262966,1872992,0.00022500,14.96000000,1
1531239263537,1531239263534,1872993,0.00022500,7.25000000,1
1531239264129,1531239264125,1872994,0.00022500,3.54000000,1
