event_time,trade_time,trade_id,price,quantity,maker
1531210423648,1531210423644,2072113,0.00002763,114.00000000,1
1531210522528,1531210522524,2072114,0.00002770,40.00000000,1
1531210529676,1531210529671,2072115,0.00002770,15.00000000,1
1531210628941,1531210628940,2072116,0.00002770,291.00000000,1
1531210629432,1531210629429,2072117,0.00002770,154.00000000,1
1531210667642,1531210667642,2072118,0.00002762,41.00000000,1
1531210775284,1531210775280,2072119,0.00002762,100.00000000,1
1531211083152,1531211083147,2072120,0.00002774,1.00000000,0
1531211085570,1531211085569,2072121,0.00002763,3.00000000,1
1531211166223,1531211166220,2072122,0.00002765,10.00000000,1
1531211609318,1531211609312,2072123,0.00002765,225.00000000,1
1531211629727,1531211629724,2072124,0.00002765,1186.00000000,1
1531211653868,1531211653864,2072125,0.00002763,500.00000000,1
1531211654735,1531211654731,2072126,0.00002763,500.00000000,1
1531211656723,1531211656720,2072127,0.00002763,500.00000000,1
1531211657717,1531211657712,2072128,0.00002762,1140.00000000,1
1531211684448,1531211684442,2072129,0.00002754,54.00000000,1
1531211687458,1531211687455,2072130,0.00002748,20.00000000,1
1531211737424,1531211737421,2072131,0.00002748,5.00000000,1
1531211917586,1531211917582,2072132,0.00002748,11.00000000,1
1531211918017,1531211918011,2072133,0.00002748,16.00000000,1
1531211984353,1531211984350,2072134,0.00002748,1.00000000,1
1531212093976,1531212093975,2072135,0.00002769,116.00000000,0
1531212093976,1531212093975,2072136,0.00002776,245.00000000,0
1531212096399,1531212096395,2072137,0.00002748,5.00000000,1
1531212181254,1531212181251,2072138,0.00002777,40.00000000,0
1531212181254,1531212181251,2072139,0.00002779,304.00000000,0
1531212181274,1531212181271,2072140,0.00002779,990.00000000,1
1531212181275,1531212181271,2072141,0.00002779,526.00000000,1
1531212181914,1531212181909,2072142,0.00002779,77.00000000,0
1531212182078,1531212182074,2072143,0.00002780,108.00000000,1
1531212184007,1531212184003,2072144,0.00002788,185.00000000,0
1531212184007,1531212184003,2072145,0.00002789,859.00000000,0
1531212228996,1531212228992,2072146,0.00002764,9.00000000,1
1531212229496,1531212229490,2072147,0.00002764,84.00000000,1
1531212230252,1531212230251,2072148,0.00002764,8.00000000,1
1531212230791,1531212230786,2072149,0.00002764,62.00000000,1
1531212231367,1531212231362,2072150,0.00002764,14.00000000,1
1531212232037,1531212232034,2072151,0.00002764,10.00000000,1
1531212232554,1531212232548,2072152,0.00002764,18.00000000,1
1531212233097,1531212233092,2072153,0.00002764,42.00000000,1
1531212234301,1531212234298,2072154,0.00002764,25.00000000,1
1531212234817,1531212234816,2072155,0.00002764,8.00000000,1
1531212234829,1531212234824,2072156,0.00002764,24.00000000,1
1531212235557,1531212235551,2072157,0.00002764,18.00000000,1
1531212236141,1531212236137,2072158,0.00002764,21.00000000,1
1531212236757,1531212236752,2072159,0.00002764,22.00000000,1
1531212237629,1531212237625,2072160,0.00002764,7.00000000,1
1531212238216,1531212238211,2072161,0.00002764,17.00000000,1
1531212238866,1531212238863,2072162,0.00002764,18.00000000,1
1531212239412,1531212239407,2072163,0.00002764,10.00000000,1
1531212239910,1531212239907,2072164,0.00002764,47.00000000,1
1531212240507,1531212240502,2072165,0.00002764,30.00000000,1
1531212241009,1531212241003,2072166,0.00002764,15.00000000,1
1531212241578,1531212241573,2072167,0.00002764,17.00000000,1
1531212242159,1531212242155,2072168,0.00002764,7.00000000,1
1531212242786,1531212242781,2072169,0.00002764,8.00000000,1
1531212243683,1531212243678,2072170,0.00002764,42.00000000,1
1531212244325,1531212244320,2072171,0.00002764,17.00000000,1
1531212244852,1531212244848,2072172,0.00002764,8.00000000,1
1531212245358,1531212245353,2072173,0.00002764,16.00000000,1
1531212245955,1531212245949,2072174,0.00002764,8.00000000,1
1531212246736,1531212246731,2072175,0.00002764,17.00000000,1
1531212247336,1531212247333,2072176,0.00002764,21.00000000,1
1531212247894,1531212247887,2072177,0.00002764,8.00000000,1
1531212248433,1531212248429,2072178,0.00002764,27.00000000,1
1531212249065,1531212249061,2072179,0.00002764,15.00000000,1
1531212249624,1531212249620,2072180,0.00002764,10.00000000,1
1531212250148,1531212250147,2072181,0.00002764,19.00000000,1
1531212250832,1531212250827,2072182,0.00002764,16.00000000,1
1531212251123,1531212251118,2072183,0.00002764,6.00000000,1
1531212327223,1531212327219,2072184,0.00002769,2.00000000,1
1531212328884,1531212328880,2072185,0.00002764,2.00000000,1
1531212331710,1531212331707,2072186,0.00002764,1603.00000000,1
1531212338891,1531212338886,2072187,0.00002762,54.00000000,1
1531212346087,1531212346082,2072188,0.00002764,1733.00000000,0
1531212411871,1531212411867,2072189,0.00002765,500.00000000,1
1531212491938,1531212491935,2072190,0.00002764,6729.00000000,1
1531212519814,1531212519810,2072191,0.00002763,231.00000000,1
1531212521805,1531212521800,2072192,0.00002762,54.00000000,1
1531212939185,1531212939180,2072193,0.00002755,6600.00000000,1
1531213052397,1531213052391,2072194,0.00002768,358.00000000,0
1531213075604,1531213075601,2072195,0.00002754,3285.00000000,1
1531213248238,1531213248234,2072196,0.00002772,230.00000000,0
1531213256858,1531213256853,2072197,0.00002772,518.00000000,0
1531213256860,1531213256856,2072198,0.00002772,518.00000000,0
1531213259978,1531213259974,2072199,0.00002754,518.00000000,1
1531213569738,1531213569734,2072200,0.00002772,1.00000000,0
1531213601002,1531213600998,2072201,0.00002755,16.00000000,1
1531213602186,1531213602183,2072202,0.00002754,16.00000000,1
1531213602264,1531213602259,2072203,0.00002754,10.00000000,1
1531213602703,1531213602698,2072204,0.00002754,296.00000000,1
1531213602756,1531213602752,2072205,0.00002754,7.00000000,1
1531213603361,1531213603356,2072206,0.00002754,90.00000000,1
1531213603979,1531213603976,2072207,0.00002754,17.00000000,1
1531213604517,1531213604513,2072208,0.00002754,31.00000000,1
1531213604879,1531213604876,2072209,0.00002754,584.00000000,1
1531213604944,1531213604938,2072210,0.00002754,7.00000000,1
1531213605479,1531213605475,2072211,0.00002754,34.00000000,1
1531213606143,1531213606138,2072212,0.00002754,55.00000000,1
1531213606523,1531213606518,2072213,0.00002754,27.00000000,1
1531213607088,1531213607084,2072214,0.00002754,16.00000000,1
1531213607675,1531213607671,2072215,0.00002754,7.00000000,1
1531213608176,1531213608171,2072216,0.00002754,7.00000000,1
1531213608656,1531213608651,2072217,0.00002754,20.00000000,1
1531213609057,1531213609053,2072218,0.00002754,21.00000000,1
1531213609427,1531213609422,2072219,0.00002754,18.00000000,1
1531213609936,1531213609930,2072220,0.00002754,9.00000000,1
1531213610804,1531213610800,2072221,0.00002754,9.00000000,1
1531213611424,1531213611419,2072222,0.00002754,17.00000000,1
1531213611924,1531213611919,2072223,0.00002754,27.00000000,1
1531213612423,1531213612419,2072224,0.00002754,9.00000000,1
1531213612961,1531213612956,2072225,0.00002754,19.00000000,1
1531213613477,1531213613470,2072226,0.00002755,20.00000000,1
1531213613956,1531213613952,2072227,0.00002755,19.00000000,1
1531213614443,1531213614439,2072228,0.00002754,20.00000000,1
1531213614965,1531213614959,2072229,0.00002754,14.00000000,1
1531213615627,1531213615622,2072230,0.00002754,18.00000000,1
1531213616558,1531213616553,2072231,0.00002754,21.00000000,1
1531213617045,1531213617042,2072232,0.00002754,7.00000000,1
1531213617645,1531213617641,2072233,0.00002754,73.00000000,1
1531213618645,1531213618640,2072234,0.00002754,18.00000000,1
1531213619232,1531213619228,2072235,0.00002755,8.00000000,1
1531213619241,1531213619237,2072236,0.00002755,12.00000000,1
1531213619853,1531213619847,2072237,0.00002754,18.00000000,1
1531213620413,1531213620409,2072238,0.00002754,7.00000000,1
1531213620958,1531213620953,2072239,0.00002754,40.00000000,1
1531213622148,1531213622145,2072240,0.00002754,62.00000000,1
1531213622192,1531213622188,2072241,0.00002754,7.00000000,1
1531213858275,1531213858271,2072242,0.00002754,54.00000000,1
1531213858275,1531213858271,2072243,0.00002748,305.00000000,1
1531213858275,1531213858271,2072244,0.00002746,54.00000000,1
1531213858275,1531213858271,2072245,0.00002744,37.00000000,1
1531213858275,1531213858271,2072246,0.00002741,500.00000000,1
1531213858275,1531213858271,2072247,0.00002740,50.00000000,1
1531213984817,1531213984812,2072248,0.00002761,37.00000000,0
1531214082160,1531214082155,2072249,0.00002753,3.00000000,0
1531214151759,1531214151755,2072250,0.00002740,36.00000000,1
1531214165599,1531214165595,2072251,0.00002740,614.00000000,1
1531214336590,1531214336586,2072252,0.00002748,111.00000000,0
1531214403225,1531214403220,2072253,0.00002751,462.00000000,0
1531214404186,1531214404182,2072254,0.00002751,70.00000000,1
1531214439688,1531214439684,2072255,0.00002740,1013.00000000,1
1531214451819,1531214451814,2072256,0.00002740,2910.00000000,1
1531214451819,1531214451814,2072257,0.00002738,385.00000000,1
1531214451819,1531214451814,2072258,0.00002735,1674.00000000,1
1531214451819,1531214451814,2072259,0.00002731,841.00000000,1
1531214451819,1531214451814,2072260,0.00002730,2568.00000000,1
1531214456846,1531214456842,2072261,0.00002750,2265.00000000,0
1531214456846,1531214456842,2072262,0.00002751,1662.00000000,0
1531214498242,1531214498239,2072263,0.00002732,370.00000000,1
1531214502725,1531214502720,2072264,0.00002732,1056.00000000,1
1531214502725,1531214502720,2072265,0.00002731,1107.00000000,1
1531214528487,1531214528481,2072266,0.00002730,849.00000000,1
1531214528487,1531214528481,2072267,0.00002723,1297.00000000,1
1531214528487,1531214528481,2072268,0.00002722,214.00000000,1
1531214528487,1531214528481,2072269,0.00002721,2375.00000000,1
1531214528487,1531214528481,2072270,0.00002720,1440.00000000,1
1531214528487,1531214528481,2072271,0.00002719,2126.00000000,1
1531214529115,1531214529111,2072272,0.00002738,211.00000000,0
1531214529221,1531214529218,2072273,0.00002731,2002.00000000,0
1531214529654,1531214529650,2072274,0.00002735,266.00000000,0
1531214530484,1531214530481,2072275,0.00002734,234.00000000,0
1531214530583,1531214530579,2072276,0.00002734,1.00000000,0
1531214531519,1531214531515,2072277,0.00002733,213.00000000,0
1531214533335,1531214533331,2072278,0.00002729,54.00000000,1
1531214533335,1531214533331,2072279,0.00002718,19569.00000000,1
1531214533335,1531214533331,2072280,0.00002717,183.00000000,1
1531214533347,1531214533344,2072281,0.00002717,5097.00000000,0
1531214533362,1531214533356,2072282,0.00002733,1.00000000,0
1531214533362,1531214533356,2072283,0.00002735,1.00000000,0
1531214533461,1531214533457,2072284,0.00002735,54.00000000,1
1531214535044,1531214535039,2072285,0.00002735,524.00000000,1
1531214536719,1531214536714,2072286,0.00002717,578.00000000,1
1531214536839,1531214536835,2072287,0.00002717,2.00000000,1
1531214538962,1531214538958,2072288,0.00002717,38.00000000,1
1531214552573,1531214552570,2072289,0.00002722,334.00000000,1
1531214552585,1531214552581,2072290,0.00002720,3273.00000000,0
1531214552587,1531214552582,2072291,0.00002720,113.00000000,0
1531214552599,1531214552594,2072292,0.00002720,1038.00000000,0
1531214554244,1531214554240,2072293,0.00002716,1296.00000000,1
1531214554244,1531214554240,2072294,0.00002713,915.00000000,1
1531214556606,1531214556601,2072295,0.00002719,1105.00000000,0
1531214556694,1531214556690,2072296,0.00002719,1264.00000000,0
1531214557556,1531214557551,2072297,0.00002719,1200.00000000,0
1531214560625,1531214560619,2072298,0.00002730,10.00000000,0
1531214560675,1531214560671,2072299,0.00002730,7.00000000,0
1531214560817,1531214560814,2072300,0.00002730,27.00000000,0
1531214560967,1531214560964,2072301,0.00002730,9.00000000,0
1531214561084,1531214561080,2072302,0.00002730,62.00000000,0
1531214561158,1531214561155,2072303,0.00002730,73.00000000,0
1531214561166,1531214561162,2072304,0.00002730,18.00000000,0
1531214561270,1531214561266,2072305,0.00002718,14.00000000,0
1531214561298,1531214561295,2072306,0.00002718,62.00000000,0
1531214561323,1531214561318,2072307,0.00002718,241.00000000,0
1531214561336,1531214561331,2072308,0.00002718,831.00000000,0
1531214561337,1531214561332,2072309,0.00002718,106.00000000,0
1531214561457,1531214561454,2072310,0.00002718,20.00000000,0
1531214561548,1531214561542,2072311,0.00002718,19.00000000,0
1531214561564,1531214561559,2072312,0.00002718,19.00000000,0
1531214561613,1531214561608,2072313,0.00002718,9.00000000,0
1531214561701,1531214561696,2072314,0.00002718,9.00000000,0
1531214561806,1531214561802,2072315,0.00002718,17.00000000,0
1531214561868,1531214561864,2072316,0.00002718,9.00000000,0
1531214561936,1531214561930,2072317,0.00002718,21.00000000,0
1531214562006,1531214562002,2072318,0.00002718,20.00000000,0
1531214562153,1531214562150,2072319,0.00002718,7.00000000,0
1531214562179,1531214562174,2072320,0.00002716,108.00000000,1
1531214562281,1531214562277,2072321,0.00002718,16.00000000,0
1531214562428,1531214562422,2072322,0.00002718,55.00000000,0
1531214562469,1531214562465,2072323,0.00002718,34.00000000,0
1531214562661,1531214562657,2072324,0.00002717,17.00000000,0
1531214562738,1531214562735,2072325,0.00002717,90.00000000,0
1531214562759,1531214562755,2072326,0.00002717,7.00000000,0
1531214562799,1531214562794,2072327,0.00002717,7.00000000,0
1531214563019,1531214563015,2072328,0.00002717,7.00000000,0
1531214563019,1531214563015,2072329,0.00002718,3.00000000,0
1531214563037,1531214563033,2072330,0.00002718,296.00000000,0
1531214563126,1531214563121,2072331,0.00002718,16.00000000,0
1531214563214,1531214563209,2072332,0.00002718,10.00000000,0
1531214563293,1531214563288,2072333,0.00002718,15.00000000,0
1531214563320,1531214563316,2072334,0.00002718,19.00000000,0
1531214563361,1531214563358,2072335,0.00002718,8.00000000,0
1531214563394,1531214563390,2072336,0.00002718,21.00000000,0
1531214563536,1531214563533,2072337,0.00002718,8.00000000,0
1531214563668,1531214563662,2072338,0.00002718,17.00000000,0
1531214563708,1531214563703,2072339,0.00002718,7.00000000,0
1531214563747,1531214563744,2072340,0.00002718,8.00000000,0
1531214563817,1531214563811,2072341,0.00002718,17.00000000,0
1531214563962,1531214563958,2072342,0.00002717,30.00000000,0
1531214564004,1531214564001,2072343,0.00002717,47.00000000,0
1531214564096,1531214564092,2072344,0.00002717,18.00000000,0
1531214564285,1531214564280,2072345,0.00002717,17.00000000,0
1531214564361,1531214564357,2072346,0.00002717,18.00000000,0
1531214564409,1531214564405,2072347,0.00002717,24.00000000,0
1531214564459,1531214564455,2072348,0.00002717,7.00000000,0
1531214564531,1531214564528,2072349,0.00002717,8.00000000,0
1531214564589,1531214564585,2072350,0.00002717,42.00000000,0
1531214564615,1531214564611,2072351,0.00002717,25.00000000,0
1531214564660,1531214564655,2072352,0.00002717,10.00000000,0
1531214564724,1531214564721,2072353,0.00002717,8.00000000,0
1531214564861,1531214564856,2072354,0.00002717,84.00000000,0
1531214564928,1531214564923,2072355,0.00002717,14.00000000,0
1531214564980,1531214564976,2072356,0.00002717,18.00000000,0
1531214565029,1531214565026,2072357,0.00002717,21.00000000,0
1531214565104,1531214565100,2072358,0.00002717,22.00000000,0
1531214565151,1531214565146,2072359,0.00002717,15.00000000,0
1531214565209,1531214565206,2072360,0.00002717,8.00000000,0
1531214565270,1531214565266,2072361,0.00002717,42.00000000,0
1531214565446,1531214565442,2072362,0.00002717,17.00000000,0
1531214565478,1531214565474,2072363,0.00002717,16.00000000,0
1531214565644,1531214565639,2072364,0.00002717,16.00000000,0
1531214565746,1531214565740,2072365,0.00002717,18.00000000,0
1531214565746,1531214565740,2072366,0.00002718,9.00000000,0
1531214565801,1531214565797,2072367,0.00002718,27.00000000,0
1531214565854,1531214565850,2072368,0.00002718,31.00000000,0
1531214565991,1531214565987,2072369,0.00002718,7.00000000,0
1531214566069,1531214566066,2072370,0.00002718,40.00000000,0
1531214566101,1531214566090,2072371,0.00002718,18.00000000,0
1531214566156,1531214566153,2072372,0.00002718,7.00000000,0
1531214566336,1531214566332,2072373,0.00002718,12.00000000,0
1531214566433,1531214566428,2072374,0.00002718,18.00000000,0
1531214566562,1531214566559,2072375,0.00002718,8.00000000,0
1531214566633,1531214566630,2072376,0.00002718,7.00000000,0
1531214566635,1531214566631,2072377,0.00002718,18.00000000,0
1531214566687,1531214566682,2072378,0.00002718,21.00000000,0
1531214566768,1531214566764,2072379,0.00002718,20.00000000,0
1531214567644,1531214567640,2072380,0.00002718,5.00000000,0
1531214575413,1531214575409,2072381,0.00002711,34.00000000,1
1531214575929,1531214575926,2072382,0.00002711,37.00000000,1
1531214576362,1531214576358,2072383,0.00002711,27.00000000,1
1531214576843,1531214576839,2072384,0.00002711,53.00000000,1
1531214576843,1531214576839,2072385,0.00002709,31.00000000,1
1531214577308,1531214577303,2072386,0.00002709,8.00000000,1
1531214577858,1531214577853,2072387,0.00002709,7.00000000,1
1531214578518,1531214578514,2072388,0.00002709,17.00000000,1
1531214579019,1531214579013,2072389,0.00002709,17.00000000,1
1531214579529,1531214579526,2072390,0.00002710,15.00000000,1
1531214579892,1531214579887,2072391,0.00002710,90.00000000,1
1531214580574,1531214580571,2072392,0.00002711,16.00000000,1
1531214581330,1531214581326,2072393,0.00002711,8.00000000,1
1531214581775,1531214581771,2072394,0.00002711,24.00000000,1
1531214582578,1531214582573,2072395,0.00002711,8.00000000,1
1531214582804,1531214582799,2072396,0.00002711,28.00000000,1
1531214583271,1531214583267,2072397,0.00002711,24.00000000,1
1531214583773,1531214583768,2072398,0.00002711,8.00000000,1
1531214584274,1531214584270,2072399,0.00002711,21.00000000,1
1531214584952,1531214584949,2072400,0.00002711,47.00000000,1
1531214585692,1531214585688,2072401,0.00002711,21.00000000,1
1531214586530,1531214586527,2072402,0.00002711,15.00000000,1
1531214587084,1531214587080,2072403,0.00002711,62.00000000,1
1531214587764,1531214587760,2072404,0.00002711,16.00000000,1
1531214588715,1531214588712,2072405,0.00002709,27.00000000,1
1531214588814,1531214588809,2072406,0.00002715,91.00000000,0
1531214589608,1531214589604,2072407,0.00002709,9.00000000,1
1531214590328,1531214590324,2072408,0.00002713,116.00000000,0
1531214590441,1531214590438,2072409,0.00002713,19.00000000,1
1531214590487,1531214590483,2072410,0.00002713,105.00000000,1
1531214590648,1531214590643,2072411,0.00002714,136.00000000,0
1531214591363,1531214591359,2072412,0.00002713,17.00000000,1
1531214592156,1531214592152,2072413,0.00002713,81.00000000,1
1531214593096,1531214593092,2072414,0.00002713,18.00000000,1
1531214594243,1531214594239,2072415,0.00002713,19.00000000,1
1531214595151,1531214595146,2072416,0.00002713,8.00000000,1
1531214595421,1531214595417,2072417,0.00002714,3731.00000000,0
1531214595816,1531214595810,2072418,0.00002713,24.00000000,1
1531214595923,1531214595919,2072419,0.00002714,2694.00000000,0
1531214595923,1531214595919,2072420,0.00002715,2035.00000000,0
1531214596385,1531214596381,2072421,0.00002717,16.00000000,1
1531214596984,1531214596981,2072422,0.00002717,24.00000000,1
1531214597481,1531214597476,2072423,0.00002717,8.00000000,1
1531214597967,1531214597962,2072424,0.00002717,19.00000000,1
1531214598416,1531214598411,2072425,0.00002717,13.00000000,1
1531214599041,1531214599038,2072426,0.00002717,18.00000000,1
1531214599624,1531214599620,2072427,0.00002717,143.00000000,1
1531214600147,1531214600141,2072428,0.00002718,15.00000000,1
1531214600535,1531214600530,2072429,0.00002718,78.00000000,1
1531214618440,1531214618436,2072430,0.00002716,372.00000000,1
1531214622114,1531214622109,2072431,0.00002729,36.00000000,0
1531214718318,1531214718314,2072432,0.00002716,53.00000000,1
1531214718358,1531214718354,2072433,0.00002716,117.00000000,1
1531214718358,1531214718354,2072434,0.00002715,53.00000000,1
1531214718393,1531214718389,2072435,0.00002715,2058.00000000,1
1531214736477,1531214736473,2072436,0.00002716,15.00000000,0
1531214741333,1531214741328,2072437,0.00002716,78.00000000,0
1531214769334,1531214769330,2072438,0.00002720,20.00000000,0
1531214793904,1531214793901,2072439,0.00002716,72.00000000,1
1531214793904,1531214793901,2072440,0.00002715,311.00000000,1
1531214805778,1531214805775,2072441,0.00002720,1.00000000,0
1531214825561,1531214825556,2072442,0.00002720,138.00000000,0
1531214830005,1531214829999,2072443,0.00002720,24.00000000,0
1531214830005,1531214829999,2072444,0.00002724,747.00000000,0
1531214830005,1531214829999,2072445,0.00002725,386.00000000,0
1531214830005,1531214829999,2072446,0.00002731,37.00000000,0
1531214830005,1531214829999,2072447,0.00002735,2404.00000000,0
1531214830146,1531214830140,2072448,0.00002735,67.00000000,1
1531214830259,1531214830256,2072449,0.00002735,68.00000000,1
1531214841102,1531214841097,2072450,0.00002735,209.00000000,1
1531214978643,1531214978640,2072451,0.00002735,36.00000000,0
1531214994720,1531214994715,2072452,0.00002735,615.00000000,0
1531215003182,1531215003177,2072453,0.00002736,117.00000000,0
1531215250036,1531215250033,2072454,0.00002738,1.00000000,0
1531215250036,1531215250033,2072455,0.00002740,2.00000000,0
1531215382791,1531215382787,2072456,0.00002740,16.00000000,0
1531215433841,1531215433837,2072457,0.00002720,1001.00000000,1
1531215438910,1531215438905,2072458,0.00002720,984.00000000,0
1531215445215,1531215445212,2072459,0.00002720,325.00000000,0
1531215495558,1531215495554,2072460,0.00002720,4463.00000000,1
1531215495723,1531215495719,2072461,0.00002720,1342.00000000,1
1531215496586,1531215496582,2072462,0.00002720,160.00000000,1
1531215496586,1531215496582,2072463,0.00002719,1125.00000000,1
1531215584297,1531215584295,2072464,0.00002719,5679.00000000,1
1531215636777,1531215636773,2072465,0.00002725,6.00000000,0
1531215675457,1531215675453,2072466,0.00002719,10000.00000000,1
1531215676282,1531215676276,2072467,0.00002719,23123.00000000,1
1531215690226,1531215690222,2072468,0.00002715,13361.00000000,1
1531215691283,1531215691279,2072469,0.00002713,55.00000000,1
1531215731557,1531215731552,2072470,0.00002710,64.00000000,1
1531215731557,1531215731552,2072471,0.00002709,384.00000000,1
1531215731557,1531215731552,2072472,0.00002708,1109.00000000,1
1531215731557,1531215731552,2072473,0.00002706,297.00000000,1
1531215731557,1531215731552,2072474,0.00002705,130.00000000,1
1531215731557,1531215731552,2072475,0.00002704,626.00000000,1
1531215731557,1531215731552,2072476,0.00002701,5075.00000000,1
1531215733756,1531215733752,2072477,0.00002705,1.00000000,1
1531215739823,1531215739818,2072478,0.00002708,1296.00000000,1
1531215739823,1531215739818,2072479,0.00002706,1342.00000000,1
1531215739823,1531215739818,2072480,0.00002701,5190.00000000,1
1531215747842,1531215747838,2072481,0.00002705,1296.00000000,1
1531215747842,1531215747838,2072482,0.00002701,238.00000000,1
1531215754619,1531215754614,2072483,0.00002704,88.00000000,0
1531215754643,1531215754640,2072484,0.00002704,42.00000000,0
1531215754871,1531215754868,2072485,0.00002704,41.00000000,0
1531215756208,1531215756205,2072486,0.00002701,1564.00000000,1
1531215763461,1531215763457,2072487,0.00002701,40.00000000,1
1531215764807,1531215764803,2072488,0.00002703,953.00000000,1
1531215765624,1531215765620,2072489,0.00002704,8.00000000,1
1531215767927,1531215767924,2072490,0.00002704,7.00000000,1
1531215769735,1531215769731,2072491,0.00002704,8.00000000,1
1531215770763,1531215770759,2072492,0.00002704,113.00000000,1
1531215771717,1531215771711,2072493,0.00002704,21.00000000,1
1531215773833,1531215773829,2072494,0.00002705,7.00000000,1
1531215774105,1531215774100,2072495,0.00002705,194.00000000,1
1531215774105,1531215774100,2072496,0.00002701,1128.00000000,1
1531215775498,1531215775494,2072497,0.00002701,11.00000000,1
1531215777652,1531215777647,2072498,0.00002701,22.00000000,1
1531215779375,1531215779370,2072499,0.00002701,10.00000000,1
1531215780769,1531215780765,2072500,0.00002702,42.00000000,1
1531215782068,1531215782065,2072501,0.00002702,248.00000000,1
1531215782626,1531215782623,2072502,0.00002702,34.00000000,1
1531215783338,1531215783334,2072503,0.00002702,1036.00000000,1
1531215783943,1531215783940,2072504,0.00002702,134.00000000,1
1531215784172,1531215784169,2072505,0.00002702,1219.00000000,1
1531215784467,1531215784463,2072506,0.00002702,20.00000000,1
1531215785977,1531215785974,2072507,0.00002702,18.00000000,1
1531215786151,1531215786146,2072508,0.00002703,7.00000000,0
1531215788348,1531215788344,2072509,0.00002702,15.00000000,1
1531215790037,1531215790033,2072510,0.00002702,38.00000000,1
1531215790473,1531215790469,2072511,0.00002702,10.00000000,1
1531215791954,1531215791951,2072512,0.00002702,1434.00000000,1
1531215792736,1531215792732,2072513,0.00002702,309.00000000,1
1531215794970,1531215794966,2072514,0.00002702,21.00000000,1
1531215795305,1531215795300,2072515,0.00002702,1038.00000000,1
1531215796013,1531215796010,2072516,0.00002703,5.00000000,0
1531215796829,1531215796826,2072517,0.00002702,8.00000000,1
1531215799334,1531215799329,2072518,0.00002702,62.00000000,1
1531215801179,1531215801176,2072519,0.00002702,14.00000000,1
1531215801322,1531215801319,2072520,0.00002702,1008.00000000,1
1531215801945,1531215801941,2072521,0.00002702,31.00000000,1
1531215802828,1531215802825,2072522,0.00002702,7.00000000,1
1531215803701,1531215803698,2072523,0.00002702,25.00000000,1
1531215804916,1531215804911,2072524,0.00002702,7.00000000,1
1531215805412,1531215805408,2072525,0.00002702,27.00000000,1
1531215805868,1531215805864,2072526,0.00002702,1200.00000000,1
1531215807431,1531215807426,2072527,0.00002702,16.00000000,1
1531215807766,1531215807761,2072528,0.00002702,15.00000000,1
1531215808947,1531215808944,2072529,0.00002702,20.00000000,1
1531215809033,1531215809027,2072530,0.00002702,13.00000000,1
1531215809737,1531215809732,2072531,0.00002702,990.00000000,1
1531215812054,1531215812048,2072532,0.00002702,9.00000000,1
1531215812136,1531215812132,2072533,0.00002702,21.00000000,1
1531215813898,1531215813895,2072534,0.00002702,7.00000000,1
1531215814607,1531215814604,2072535,0.00002702,30.00000000,1
1531215815284,1531215815281,2072536,0.00002702,16.00000000,1
1531215816260,1531215816256,2072537,0.00002702,18.00000000,1
1531215818027,1531215818023,2072538,0.00002702,14.00000000,1
1531215818133,1531215818129,2072539,0.00002702,78.00000000,1
1531215818133,1531215818129,2072540,0.00002701,1235.00000000,1
1531215818781,1531215818778,2072541,0.00002701,73.00000000,1
1531215820117,1531215820113,2072542,0.00002701,212.00000000,1
1531215821298,1531215821293,2072543,0.00002701,11.00000000,1
1531215821429,1531215821426,2072544,0.00002701,42.00000000,1
1531215823050,1531215823046,2072545,0.00002701,7.00000000,1
1531215823138,1531215823135,2072546,0.00002701,12.00000000,1
1531215824255,1531215824251,2072547,0.00002701,10.00000000,1
1531215824325,1531215824322,2072548,0.00002701,7.00000000,1
1531215825426,1531215825421,2072549,0.00002702,146.00000000,0
1531215827197,1531215827193,2072550,0.00002701,10.00000000,1
1531215827330,1531215827325,2072551,0.00002701,1175.00000000,1
1531215828160,1531215828156,2072552,0.00002701,17.00000000,1
1531215829011,1531215829007,2072553,0.00002701,20.00000000,1
1531215829973,1531215829969,2072554,0.00002701,12.00000000,1
1531215830632,1531215830627,2072555,0.00002701,18.00000000,1
1531215832282,1531215832278,2072556,0.00002701,18.00000000,1
1531215832385,1531215832380,2072557,0.00002701,9.00000000,1
1531215833520,1531215833514,2072558,0.00002701,965.00000000,1
1531215834646,1531215834641,2072559,0.00002701,13.00000000,1
1531215834955,1531215834952,2072560,0.00002701,9.00000000,1
1531215836270,1531215836265,2072561,0.00002701,1489.00000000,1
1531215836527,1531215836520,2072562,0.00002701,17.00000000,1
1531215837046,1531215837042,2072563,0.00002701,9.00000000,1
1531215837822,1531215837817,2072564,0.00002702,57.00000000,0
1531215838502,1531215838498,2072565,0.00002701,19.00000000,1
1531215838734,1531215838727,2072566,0.00002701,33.00000000,1
1531215841318,1531215841314,2072567,0.00002701,16.00000000,1
1531215843138,1531215843133,2072568,0.00002701,94.00000000,1
1531215844421,1531215844416,2072569,0.00002701,10.00000000,1
1531215846227,1531215846223,2072570,0.00002701,10.00000000,1
1531215847583,1531215847579,2072571,0.00002701,19.00000000,1
1531215849063,1531215849060,2072572,0.00002701,17.00000000,1
1531215850236,1531215850233,2072573,0.00002701,9.00000000,1
1531215851154,1531215851151,2072574,0.00002701,7.00000000,1
1531215851968,1531215851963,2072575,0.00002701,19.00000000,1
1531215852625,1531215852621,2072576,0.00002701,94.00000000,1
1531215853345,1531215853341,2072577,0.00002701,14.00000000,1
1531215854450,1531215854447,2072578,0.00002701,23.00000000,1
1531215855517,1531215855514,2072579,0.00002701,20.00000000,1
1531215875735,1531215875730,2072580,0.00002708,803.00000000,0
1531215875735,1531215875730,2072581,0.00002709,1079.00000000,0
1531215880974,1531215880969,2072582,0.00002709,36.00000000,0
1531215885940,1531215885936,2072583,0.00002709,1226.00000000,0
1531215907108,1531215907104,2072584,0.00002700,793.00000000,1
1531215907109,1531215907104,2072585,0.00002700,63.00000000,1
1531215907109,1531215907104,2072586,0.00002700,191.00000000,1
1531215915918,1531215915914,2072587,0.00002700,1629.00000000,1
1531215923561,1531215923557,2072588,0.00002709,40.00000000,0
1531215924851,1531215924847,2072589,0.00002709,48.00000000,1
1531215924851,1531215924847,2072590,0.00002700,720.00000000,1
1531215934107,1531215934102,2072591,0.00002700,768.00000000,1
1531215942210,1531215942206,2072592,0.00002701,244.00000000,1
1531215942210,1531215942206,2072593,0.00002700,1561.00000000,1
1531215952023,1531215952018,2072594,0.00002700,777.00000000,1
1531215953560,1531215953557,2072595,0.00002700,37393.00000000,1
1531215961672,1531215961667,2072596,0.00002700,17258.00000000,1
1531215961944,1531215961941,2072597,0.00002700,1490.00000000,1
1531215969286,1531215969281,2072598,0.00002700,1.00000000,1
1531215971681,1531215971677,2072599,0.00002700,1166.00000000,1
1531215973681,1531215973677,2072600,0.00002709,37.00000000,0
1531215974958,1531215974953,2072601,0.00002700,16599.00000000,1
1531215980218,1531215980213,2072602,0.00002701,1712.00000000,1
1531215997402,1531215997396,2072603,0.00002701,9394.00000000,1
1531215997402,1531215997396,2072604,0.00002700,56070.00000000,1
1531216006407,1531216006401,2072605,0.00002697,427.00000000,1
1531216040465,1531216040460,2072606,0.00002693,1015.00000000,1
1531216040465,1531216040460,2072607,0.00002692,41.00000000,1
1531216040465,1531216040460,2072608,0.00002689,112.00000000,1
1531216040465,1531216040460,2072609,0.00002688,82.00000000,1
1531216040465,1531216040460,2072610,0.00002687,67.00000000,1
1531216040465,1531216040460,2072611,0.00002684,112.00000000,1
1531216040465,1531216040460,2072612,0.00002681,453.00000000,1
1531216043661,1531216043657,2072613,0.00002683,63.00000000,1
1531216044166,1531216044162,2072614,0.00002681,439.00000000,1
1531216044553,1531216044548,2072615,0.00002682,507.00000000,0
1531216044553,1531216044548,2072616,0.00002683,9.00000000,0
1531216059854,1531216059850,2072617,0.00002702,37.00000000,0
1531216061549,1531216061545,2072618,0.00002680,54.00000000,1
1531216072931,1531216072927,2072619,0.00002680,377.00000000,1
1531216073450,1531216073444,2072620,0.00002680,83.00000000,1
1531216075721,1531216075718,2072621,0.00002680,353.00000000,1
1531216078174,1531216078171,2072622,0.00002680,4000.00000000,1
1531216099971,1531216099967,2072623,0.00002700,3.00000000,0
1531216101682,1531216101678,2072624,0.00002700,151.00000000,0
1531216109051,1531216109048,2072625,0.00002700,10.00000000,0
1531216189732,1531216189728,2072626,0.00002694,74.00000000,0
1531216218525,1531216218521,2072627,0.00002694,233.00000000,0
1531216223068,1531216223064,2072628,0.00002695,41.00000000,0
1531216223068,1531216223064,2072629,0.00002703,207.00000000,0
1531216223068,1531216223064,2072630,0.00002707,870.00000000,0
1531216223068,1531216223064,2072631,0.00002708,1182.00000000,0
1531216226472,1531216226468,2072632,0.00002707,500.00000000,0
1531216226472,1531216226468,2072633,0.00002708,618.00000000,0
1531216264379,1531216264376,2072634,0.00002708,500.00000000,0
1531216302388,1531216302384,2072635,0.00002708,2708.00000000,0
1531216307890,1531216307887,2072636,0.00002708,1347.00000000,0
1531216324173,1531216324169,2072637,0.00002708,2850.00000000,0
1531216335894,1531216335888,2072638,0.00002693,239.00000000,1
1531216335894,1531216335888,2072639,0.00002692,7929.00000000,1
1531216335894,1531216335888,2072640,0.00002691,7965.00000000,1
1531216335894,1531216335888,2072641,0.00002689,2712.00000000,1
1531216335894,1531216335888,2072642,0.00002688,3543.00000000,1
1531216335894,1531216335888,2072643,0.00002687,650.00000000,1
1531216337536,1531216337528,2072644,0.00002687,985.00000000,1
1531216337536,1531216337528,2072645,0.00002681,1302.00000000,1
1531216337536,1531216337528,2072646,0.00002680,5477.00000000,1
1531216337536,1531216337528,2072647,0.00002678,216.00000000,1
1531216337536,1531216337528,2072648,0.00002677,9871.00000000,1
1531216337536,1531216337528,2072649,0.00002674,41.00000000,1
1531216337536,1531216337528,2072650,0.00002673,664.00000000,1
1531216337536,1531216337528,2072651,0.00002672,113.00000000,1
1531216337536,1531216337528,2072652,0.00002671,113.00000000,1
1531216337536,1531216337528,2072653,0.00002670,2172.00000000,1
1531216337536,1531216337528,2072654,0.00002667,1224.00000000,1
1531216337536,1531216337528,2072655,0.00002666,337.00000000,1
1531216337536,1531216337528,2072656,0.00002665,884.00000000,1
1531216337563,1531216337559,2072657,0.00002670,2028.00000000,0
1531216337572,1531216337568,2072658,0.00002670,2028.00000000,0
1531216337914,1531216337909,2072659,0.00002670,128.00000000,0
1531216338472,1531216338466,2072660,0.00002666,879.00000000,1
1531216338472,1531216338466,2072661,0.00002665,2860.00000000,1
1531216338472,1531216338466,2072662,0.00002662,82.00000000,1
1531216338472,1531216338466,2072663,0.00002661,453.00000000,1
1531216338472,1531216338466,2072664,0.00002660,329.00000000,1
1531216339271,1531216339268,2072665,0.00002668,75.00000000,0
1531216339309,1531216339305,2072666,0.00002668,322.00000000,0
1531216339418,1531216339413,2072667,0.00002663,637.00000000,1
1531216339418,1531216339413,2072668,0.00002660,4044.00000000,1
1531216339962,1531216339958,2072669,0.00002668,80.00000000,0
1531216340164,1531216340160,2072670,0.00002668,4.00000000,0
1531216340354,1531216340349,2072671,0.00002660,2847.00000000,1
1531216341287,1531216341284,2072672,0.00002660,3966.00000000,1
1531216342233,1531216342228,2072673,0.00002660,3090.00000000,1
1531216342307,1531216342303,2072674,0.00002665,238.00000000,0
1531216343250,1531216343246,2072675,0.00002660,1090.00000000,1
1531216343250,1531216343246,2072676,0.00002658,3195.00000000,1
1531216343468,1531216343463,2072677,0.00002665,1.00000000,0
1531216343468,1531216343463,2072678,0.00002666,2133.00000000,0
1531216344040,1531216344036,2072679,0.00002666,1.00000000,0
1531216344040,1531216344036,2072680,0.00002668,283.00000000,0
1531216344193,1531216344189,2072681,0.00002658,2747.00000000,1
1531216344193,1531216344189,2072682,0.00002655,278.00000000,1
1531216344222,1531216344218,2072683,0.00002660,318.00000000,0
1531216345143,1531216345139,2072684,0.00002657,1324.00000000,1
1531216345143,1531216345139,2072685,0.00002656,1648.00000000,1
1531216346074,1531216346069,2072686,0.00002658,50.00000000,1
1531216346074,1531216346069,2072687,0.00002655,3895.00000000,1
1531216346125,1531216346121,2072688,0.00002655,50.00000000,1
1531216346253,1531216346249,2072689,0.00002660,1.00000000,0
1531216346968,1531216346964,2072690,0.00002657,181.00000000,1
1531216346968,1531216346964,2072691,0.00002655,99.00000000,1
1531216346994,1531216346991,2072692,0.00002655,3520.00000000,1
1531216347330,1531216347326,2072693,0.00002665,75.00000000,0
1531216349437,1531216349432,2072694,0.00002655,2038.00000000,1
1531216349437,1531216349432,2072695,0.00002654,941.00000000,1
1531216349437,1531216349432,2072696,0.00002650,1488.00000000,1
1531216350380,1531216350375,2072697,0.00002651,1323.00000000,1
1531216350380,1531216350375,2072698,0.00002650,1066.00000000,1
1531216351828,1531216351824,2072699,0.00002660,38.00000000,1
1531216351828,1531216351824,2072700,0.00002651,230.00000000,1
1531216351828,1531216351824,2072701,0.00002650,4634.00000000,1
1531216352757,1531216352753,2072702,0.00002650,2311.00000000,1
1531216353470,1531216353464,2072703,0.00002663,230.00000000,0
1531216353470,1531216353464,2072704,0.00002664,277.00000000,0
1531216353674,1531216353668,2072705,0.00002650,1460.00000000,1
1531216353674,1531216353668,2072706,0.00002648,83.00000000,1
1531216353674,1531216353668,2072707,0.00002647,83.00000000,1
1531216353674,1531216353668,2072708,0.00002642,187.00000000,1
1531216353674,1531216353668,2072709,0.00002641,203.00000000,1
1531216353674,1531216353668,2072710,0.00002639,114.00000000,1
1531216353674,1531216353668,2072711,0.00002633,185.00000000,1
1531216354504,1531216354501,2072712,0.00002650,185.00000000,0
1531216355110,1531216355105,2072713,0.00002659,48.00000000,1
1531216355110,1531216355105,2072714,0.00002645,398.00000000,1
1531216355110,1531216355105,2072715,0.00002642,1530.00000000,1
1531216355110,1531216355105,2072716,0.00002641,468.00000000,1
1531216355110,1531216355105,2072717,0.00002633,2960.00000000,1
1531216355995,1531216355991,2072718,0.00002656,682.00000000,0
1531216357056,1531216357051,2072719,0.00002637,1337.00000000,1
1531216357056,1531216357051,2072720,0.00002635,360.00000000,1
1531216357056,1531216357051,2072721,0.00002633,621.00000000,1
1531216357174,1531216357170,2072722,0.00002645,109.00000000,0
1531216357353,1531216357349,2072723,0.00002635,356.00000000,1
1531216357940,1531216357936,2072724,0.00002651,224.00000000,0
1531216358017,1531216358011,2072725,0.00002635,895.00000000,1
1531216358017,1531216358011,2072726,0.00002634,910.00000000,1
1531216358017,1531216358011,2072727,0.00002632,49.00000000,1
1531216358017,1531216358011,2072728,0.00002630,2601.00000000,1
1531216359030,1531216359027,2072729,0.00002630,2.00000000,1
1531216359725,1531216359721,2072730,0.00002632,113.00000000,1
1531216359725,1531216359721,2072731,0.00002630,3402.00000000,1
1531216360170,1531216360165,2072732,0.00002647,148.00000000,0
1531216360226,1531216360223,2072733,0.00002630,160.00000000,1
1531216360654,1531216360647,2072734,0.00002630,1706.00000000,1
1531216360654,1531216360647,2072735,0.00002627,803.00000000,1
1531216360654,1531216360647,2072736,0.00002625,56.00000000,1
1531216360654,1531216360647,2072737,0.00002623,837.00000000,1
1531216360654,1531216360647,2072738,0.00002621,680.00000000,1
1531216360654,1531216360647,2072739,0.00002620,162.00000000,1
1531216360654,1531216360647,2072740,0.00002618,351.00000000,1
1531216360654,1531216360647,2072741,0.00002617,560.00000000,1
1531216360655,1531216360647,2072742,0.00002617,1940.00000000,1
1531216367760,1531216367756,2072743,0.00002628,399.00000000,0
1531216367847,1531216367843,2072744,0.00002627,187.00000000,0
1531216367847,1531216367843,2072745,0.00002628,1288.00000000,0
1531216368301,1531216368297,2072746,0.00002630,1116.00000000,0
1531216368682,1531216368676,2072747,0.00002631,164.00000000,0
1531216369020,1531216369017,2072748,0.00002633,994.00000000,0
1531216372226,1531216372222,2072749,0.00002630,283.00000000,0
1531216372624,1531216372619,2072750,0.00002632,162.00000000,0
1531216373013,1531216373009,2072751,0.00002633,188.00000000,0
1531216378042,1531216378036,2072752,0.00002637,51.00000000,0
1531216378469,1531216378466,2072753,0.00002631,300.00000000,1
1531216378529,1531216378523,2072754,0.00002637,896.00000000,0
1531216378529,1531216378523,2072755,0.00002638,56.00000000,0
1531216378731,1531216378727,2072756,0.00002641,18.00000000,0
1531216378841,1531216378836,2072757,0.00002641,17.00000000,0
1531216378845,1531216378842,2072758,0.00002639,362.00000000,1
1531216378904,1531216378900,2072759,0.00002641,22.00000000,0
1531216378932,1531216378929,2072760,0.00002641,30.00000000,0
1531216382163,1531216382159,2072761,0.00002641,750.00000000,0
1531216382163,1531216382159,2072762,0.00002656,233.00000000,0
1531216382219,1531216382215,2072763,0.00002656,430.00000000,1
1531216382257,1531216382253,2072764,0.00002656,603.00000000,1
1531216383317,1531216383313,2072765,0.00002656,68.00000000,1
1531216384091,1531216384087,2072766,0.00002660,84.00000000,0
1531216384169,1531216384165,2072767,0.00002660,24.00000000,0
1531216384352,1531216384348,2072768,0.00002660,11.00000000,0
1531216384408,1531216384403,2072769,0.00002660,42.00000000,0
1531216384473,1531216384470,2072770,0.00002660,12.00000000,0
1531216384521,1531216384516,2072771,0.00002660,14.00000000,0
1531216384521,1531216384516,2072772,0.00002661,287.00000000,0
1531216384660,1531216384656,2072773,0.00002659,13.00000000,0
1531216384782,1531216384779,2072774,0.00002659,17.00000000,0
1531216384875,1531216384871,2072775,0.00002659,12.00000000,0
1531216384875,1531216384871,2072776,0.00002661,7.00000000,0
1531216384907,1531216384904,2072777,0.00002661,17.00000000,0
1531216384959,1531216384955,2072778,0.00002661,19.00000000,0
1531216385008,1531216385004,2072779,0.00002661,13.00000000,0
1531216385051,1531216385047,2072780,0.00002661,20.00000000,0
1531216385104,1531216385100,2072781,0.00002661,23.00000000,0
1531216385162,1531216385158,2072782,0.00002661,14.00000000,0
1531216385223,1531216385219,2072783,0.00002661,94.00000000,0
1531216385368,1531216385363,2072784,0.00002661,7.00000000,0
1531216385427,1531216385422,2072785,0.00002661,9.00000000,0
1531216385533,1531216385529,2072786,0.00002661,10.00000000,0
1531216385545,1531216385540,2072787,0.00002656,305.00000000,1
1531216385622,1531216385619,2072788,0.00002661,10.00000000,0
1531216385653,1531216385649,2072789,0.00002661,94.00000000,0
1531216385680,1531216385675,2072790,0.00002661,9.00000000,0
1531216385722,1531216385718,2072791,0.00002661,16.00000000,0
1531216385785,1531216385781,2072792,0.00002661,19.00000000,0
1531216385872,1531216385868,2072793,0.00002661,9.00000000,0
1531216385888,1531216385883,2072794,0.00002656,581.00000000,1
1531216385976,1531216385972,2072795,0.00002661,33.00000000,0
1531216386880,1531216386875,2072796,0.00002661,123.00000000,0
1531216386880,1531216386875,2072797,0.00002664,140.00000000,0
1531216387119,1531216387115,2072798,0.00002664,263.00000000,0
1531216387790,1531216387787,2072799,0.00002664,9.00000000,0
1531216387852,1531216387847,2072800,0.00002664,18.00000000,0
1531216387905,1531216387901,2072801,0.00002664,20.00000000,0
1531216389401,1531216389396,2072802,0.00002664,18.00000000,0
1531216394740,1531216394736,2072803,0.00002660,7.00000000,0
1531216394831,1531216394826,2072804,0.00002660,10.00000000,0
1531216394971,1531216394968,2072805,0.00002660,7.00000000,0
1531216395068,1531216395063,2072806,0.00002660,10.00000000,0
1531216395099,1531216395095,2072807,0.00002660,12.00000000,0
1531216395340,1531216395335,2072808,0.00002660,11.00000000,0
1531216395357,1531216395353,2072809,0.00002660,42.00000000,0
1531216395531,1531216395527,2072810,0.00002658,38.00000000,1
1531216395634,1531216395630,2072811,0.00002660,14.00000000,0
1531216395689,1531216395685,2072812,0.00002660,18.00000000,0
1531216395719,1531216395715,2072813,0.00002660,73.00000000,0
1531216395972,1531216395967,2072814,0.00002660,16.00000000,0
1531216396211,1531216396207,2072815,0.00002660,7.00000000,0
1531216396269,1531216396264,2072816,0.00002660,21.00000000,0
1531216396272,1531216396266,2072817,0.00002658,84.00000000,1
1531216396294,1531216396290,2072818,0.00002658,114.00000000,1
1531216396354,1531216396350,2072819,0.00002660,9.00000000,0
1531216396426,1531216396423,2072820,0.00002660,13.00000000,0
1531216396578,1531216396572,2072821,0.00002660,15.00000000,0
1531216396631,1531216396627,2072822,0.00002660,16.00000000,0
1531216396636,1531216396631,2072823,0.00002658,195.00000000,1
1531216396661,1531216396657,2072824,0.00002658,20.00000000,0
1531216396908,1531216396904,2072825,0.00002658,27.00000000,0
1531216397011,1531216397007,2072826,0.00002658,7.00000000,0
1531216397023,1531216397019,2072827,0.00002658,245.00000000,0
1531216397023,1531216397019,2072828,0.00002660,695.00000000,0
1531216397100,1531216397095,2072829,0.00002660,25.00000000,0
1531216397201,1531216397197,2072830,0.00002660,31.00000000,0
1531216397309,1531216397303,2072831,0.00002660,7.00000000,0
1531216397598,1531216397592,2072832,0.00002660,14.00000000,0
1531216397661,1531216397657,2072833,0.00002660,75.00000000,0
1531216397688,1531216397683,2072834,0.00002660,34.00000000,0
1531216397733,1531216397728,2072835,0.00002660,10.00000000,0
1531216397757,1531216397752,2072836,0.00002660,8.00000000,0
1531216397800,1531216397796,2072837,0.00002660,7.00000000,0
1531216397944,1531216397939,2072838,0.00002660,21.00000000,0
1531216398001,1531216397996,2072839,0.00002660,8.00000000,0
1531216398065,1531216398060,2072840,0.00002660,7.00000000,0
1531216398111,1531216398106,2072841,0.00002660,62.00000000,0
1531216398237,1531216398233,2072842,0.00002660,9.00000000,0
1531216398237,1531216398233,2072843,0.00002664,31.00000000,0
1531216398260,1531216398255,2072844,0.00002664,8.00000000,0
1531216398325,1531216398320,2072845,0.00002664,15.00000000,0
1531216398372,1531216398368,2072846,0.00002664,143.00000000,0
1531216398513,1531216398509,2072847,0.00002664,18.00000000,0
1531216398594,1531216398591,2072848,0.00002664,19.00000000,0
1531216398597,1531216398593,2072849,0.00002656,80.00000000,1
1531216398646,1531216398642,2072850,0.00002664,8.00000000,0
1531216398761,1531216398756,2072851,0.00002664,24.00000000,0
1531216398838,1531216398834,2072852,0.00002664,16.00000000,0
1531216398883,1531216398878,2072853,0.00002664,24.00000000,0
1531216398976,1531216398972,2072854,0.00002658,8.00000000,0
1531216399035,1531216399031,2072855,0.00002658,19.00000000,0
1531216399091,1531216399087,2072856,0.00002658,18.00000000,0
1531216399195,1531216399191,2072857,0.00002658,12.00000000,0
1531216399195,1531216399191,2072858,0.00002664,59.00000000,0
1531216399195,1531216399191,2072859,0.00002667,10.00000000,0
1531216399311,1531216399307,2072860,0.00002667,17.00000000,0
1531216399435,1531216399430,2072861,0.00002667,19.00000000,0
1531216399515,1531216399511,2072862,0.00002667,9.00000000,0
1531216399573,1531216399567,2072863,0.00002667,27.00000000,0
1531216399612,1531216399608,2072864,0.00002667,16.00000000,0
1531216399818,1531216399813,2072865,0.00002667,62.00000000,0
1531216399865,1531216399861,2072866,0.00002667,15.00000000,0
1531216399884,1531216399880,2072867,0.00002667,21.00000000,0
1531216399997,1531216399993,2072868,0.00002667,47.00000000,0
1531216400768,1531216400764,2072869,0.00002667,21.00000000,0
1531216400970,1531216400965,2072870,0.00002667,8.00000000,0
1531216401002,1531216400998,2072871,0.00002667,24.00000000,0
1531216401070,1531216401065,2072872,0.00002667,28.00000000,0
1531216401141,1531216401138,2072873,0.00002665,8.00000000,0
1531216401176,1531216401171,2072874,0.00002665,8.00000000,0
1531216401394,1531216401390,2072875,0.00002665,16.00000000,0
1531216401446,1531216401442,2072876,0.00002665,90.00000000,0
1531216401668,1531216401663,2072877,0.00002665,17.00000000,0
1531216401700,1531216401696,2072878,0.00002665,17.00000000,0
1531216401722,1531216401718,2072879,0.00002665,15.00000000,0
1531216401784,1531216401779,2072880,0.00002665,7.00000000,0
1531216401823,1531216401818,2072881,0.00002665,8.00000000,0
1531216401936,1531216401931,2072882,0.00002665,27.00000000,0
1531216402001,1531216401996,2072883,0.00002665,37.00000000,0
1531216402197,1531216402193,2072884,0.00002665,34.00000000,0
1531216402254,1531216402250,2072885,0.00002665,21.00000000,0
1531216402312,1531216402307,2072886,0.00002665,291.00000000,0
1531216402312,1531216402307,2072887,0.00002667,18.00000000,0
1531216402427,1531216402423,2072888,0.00002667,10.00000000,0
1531216402489,1531216402484,2072889,0.00002667,15.00000000,0
1531216402540,1531216402536,2072890,0.00002667,18.00000000,0
1531216402588,1531216402583,2072891,0.00002667,20.00000000,0
1531216403193,1531216403189,2072892,0.00002657,174.00000000,1
1531216438779,1531216438773,2072893,0.00002664,133.00000000,0
1531216438779,1531216438773,2072894,0.00002666,789.00000000,0
1531216438779,1531216438773,2072895,0.00002668,833.00000000,0
1531216438779,1531216438773,2072896,0.00002669,232.00000000,0
1531216438779,1531216438773,2072897,0.00002670,4765.00000000,0
1531216446078,1531216446073,2072898,0.00002658,1.00000000,1
1531216448809,1531216448804,2072899,0.00002670,1987.00000000,0
1531216457680,1531216457674,2072900,0.00002660,29.00000000,1
1531216459470,1531216459467,2072901,0.00002658,29.00000000,1
1531216462684,1531216462679,2072902,0.00002659,720.00000000,1
1531216467126,1531216467123,2072903,0.00002670,720.00000000,0
1531216492652,1531216492647,2072904,0.00002660,247.00000000,1
1531216492758,1531216492752,2072905,0.00002660,247.00000000,0
1531216492783,1531216492778,2072906,0.00002661,223.00000000,1
1531216495910,1531216495906,2072907,0.00002659,152.00000000,1
1531216495934,1531216495930,2072908,0.00002657,283.00000000,1
1531216496041,1531216496036,2072909,0.00002657,2852.00000000,1
1531216505023,1531216505018,2072910,0.00002667,364.00000000,0
1531216524214,1531216524210,2072911,0.00002657,90.00000000,1
1531216533758,1531216533754,2072912,0.00002667,41.00000000,0
1531216533758,1531216533754,2072913,0.00002668,651.00000000,0
1531216543637,1531216543634,2072914,0.00002668,1.00000000,0
1531216551763,1531216551759,2072915,0.00002667,37.00000000,0
1531216562967,1531216562961,2072916,0.00002658,248.00000000,1
1531216562967,1531216562961,2072917,0.00002657,1003.00000000,1
1531216586880,1531216586876,2072918,0.00002657,76.00000000,0
1531216586884,1531216586880,2072919,0.00002657,27.00000000,0
1531216590809,1531216590805,2072920,0.00002666,57.00000000,0
1531216609489,1531216609485,2072921,0.00002657,291.00000000,1
1531216609489,1531216609485,2072922,0.00002656,1184.00000000,1
1531216630345,1531216630340,2072923,0.00002664,27.00000000,0
1531216656901,1531216656896,2072924,0.00002664,164.00000000,0
1531216656901,1531216656896,2072925,0.00002665,232.00000000,0
1531216656901,1531216656896,2072926,0.00002666,732.00000000,0
1531216656901,1531216656896,2072927,0.00002667,110.00000000,0
1531216661563,1531216661559,2072928,0.00002666,500.00000000,0
1531216661563,1531216661559,2072929,0.00002667,628.00000000,0
1531216667017,1531216667012,2072930,0.00002667,500.00000000,0
1531216669311,1531216669308,2072931,0.00002668,40.00000000,0
1531216669311,1531216669308,2072932,0.00002669,460.00000000,0
1531216670104,1531216670101,2072933,0.00002669,40.00000000,0
1531216670104,1531216670101,2072934,0.00002670,13.00000000,0
1531216698134,1531216698130,2072935,0.00002659,241.00000000,1
1531216698134,1531216698130,2072936,0.00002656,56.00000000,1
1531216698134,1531216698130,2072937,0.00002650,58.00000000,1
1531216698134,1531216698130,2072938,0.00002649,56.00000000,1
1531216698134,1531216698130,2072939,0.00002644,766.00000000,1
1531216698153,1531216698149,2072940,0.00002644,177.00000000,0
1531216698200,1531216698197,2072941,0.00002645,177.00000000,1
1531216699306,1531216699302,2072942,0.00002667,15.00000000,0
1531216713454,1531216713450,2072943,0.00002664,187.00000000,0
1531216721960,1531216721953,2072944,0.00002664,54.00000000,0
1531216721960,1531216721953,2072945,0.00002666,766.00000000,0
1531216721960,1531216721953,2072946,0.00002667,936.00000000,0
1531216721960,1531216721953,2072947,0.00002670,434.00000000,0
1531216737297,1531216737292,2072948,0.00002668,74.00000000,0
1531216777815,1531216777812,2072949,0.00002668,112.00000000,0
1531216787382,1531216787378,2072950,0.00002655,264.00000000,1
1531216787382,1531216787378,2072951,0.00002653,770.00000000,1
1531216787382,1531216787378,2072952,0.00002652,6159.00000000,1
1531216787448,1531216787444,2072953,0.00002652,241.00000000,0
1531216788217,1531216788213,2072954,0.00002648,93.00000000,1
1531216802804,1531216802799,2072955,0.00002651,770.00000000,0
1531216802804,1531216802799,2072956,0.00002652,1118.00000000,0
1531216805531,1531216805528,2072957,0.00002641,57.00000000,1
1531216806210,1531216806205,2072958,0.00002652,4060.00000000,0
1531216806210,1531216806205,2072959,0.00002667,264.00000000,0
1531216806210,1531216806205,2072960,0.00002668,5321.00000000,0
1531216806210,1531216806205,2072961,0.00002669,2263.00000000,0
1531216806210,1531216806205,2072962,0.00002670,6540.00000000,0
1531216806523,1531216806519,2072963,0.00002670,2011.00000000,1
1531216806702,1531216806697,2072964,0.00002670,1954.00000000,1
1531216806847,1531216806842,2072965,0.00002670,5431.00000000,1
1531216806904,1531216806900,2072966,0.00002670,1250.00000000,1
1531216807686,1531216807681,2072967,0.00002672,38.00000000,0
1531216807686,1531216807681,2072968,0.00002675,178.00000000,0
1531216807686,1531216807681,2072969,0.00002681,138.00000000,0
1531216807686,1531216807681,2072970,0.00002685,373.00000000,0
1531216807686,1531216807681,2072971,0.00002686,186.00000000,0
1531216807686,1531216807681,2072972,0.00002688,56.00000000,0
1531216807686,1531216807681,2072973,0.00002691,281.00000000,0
1531216808194,1531216808190,2072974,0.00002670,352.00000000,1
1531216810626,1531216810621,2072975,0.00002670,407.00000000,1
1531216810685,1531216810682,2072976,0.00002670,739.00000000,1
1531216811028,1531216811023,2072977,0.00002665,766.00000000,1
1531216811028,1531216811023,2072978,0.00002664,464.00000000,1
1531216817989,1531216817985,2072979,0.00002665,27.00000000,1
1531216845502,1531216845498,2072980,0.00002669,1.00000000,1
1531216845832,1531216845828,2072981,0.00002683,46.00000000,0
1531216847249,1531216847244,2072982,0.00002682,186.00000000,1
1531216866738,1531216866733,2072983,0.00002683,1184.00000000,0
1531216866738,1531216866733,2072984,0.00002690,851.00000000,0
1531216866738,1531216866733,2072985,0.00002691,1747.00000000,0
1531216866738,1531216866733,2072986,0.00002692,250.00000000,0
1531216866885,1531216866880,2072987,0.00002692,51.00000000,1
1531216866892,1531216866887,2072988,0.00002693,38.00000000,0
1531216867276,1531216867272,2072989,0.00002693,719.00000000,1
1531216867646,1531216867642,2072990,0.00002692,219.00000000,1
1531216872239,1531216872235,2072991,0.00002692,74.00000000,1
1531216885303,1531216885299,2072992,0.00002694,363.00000000,1
1531216892198,1531216892193,2072993,0.00002696,56.00000000,0
1531216892198,1531216892193,2072994,0.00002701,82.00000000,0
1531216892235,1531216892231,2072995,0.00002702,242.00000000,1
1531216894240,1531216894237,2072996,0.00002702,20.00000000,1
1531216940082,1531216940078,2072997,0.00002699,757.00000000,0
1531216958295,1531216958290,2072998,0.00002699,48.00000000,1
1531216960249,1531216960244,2072999,0.00002699,5060.00000000,1
1531216961248,1531216961244,2073000,0.00002696,5000.00000000,1
1531216964265,1531216964259,2073001,0.00002692,5578.00000000,1
1531216971207,1531216971203,2073002,0.00002699,370.00000000,0
1531216971400,1531216971395,2073003,0.00002699,130.00000000,0
1531216971400,1531216971395,2073004,0.00002700,240.00000000,0
1531216974857,1531216974852,2073005,0.00002680,75.00000000,1
1531216975027,1531216975023,2073006,0.00002680,182.00000000,1
1531216975027,1531216975023,2073007,0.00002675,38.00000000,1
1531216975027,1531216975023,2073008,0.00002672,80.00000000,1
1531216975083,1531216975079,2073009,0.00002672,222.00000000,1
1531216983187,1531216983183,2073010,0.00002674,187.00000000,1
1531217007856,1531217007852,2073011,0.00002684,7.00000000,0
1531217031610,1531217031605,2073012,0.00002674,140.00000000,1
1531217051337,1531217051333,2073013,0.00002674,500.00000000,1
1531217053346,1531217053342,2073014,0.00002674,500.00000000,1
1531217054271,1531217054268,2073015,0.00002673,1869.00000000,1
1531217064225,1531217064221,2073016,0.00002665,49.00000000,1
1531217067256,1531217067251,2073017,0.00002665,63.00000000,1
1531217069253,1531217069249,2073018,0.00002664,56.00000000,1
1531217073583,1531217073579,2073019,0.00002664,210.00000000,0
1531217091852,1531217091848,2073020,0.00002663,167.00000000,0
1531217093636,1531217093632,2073021,0.00002660,114.00000000,1
1531217093720,1531217093715,2073022,0.00002660,51.00000000,0
1531217093753,1531217093749,2073023,0.00002660,891.00000000,0
1531217094989,1531217094984,2073024,0.00002660,1.00000000,0
1531217096856,1531217096851,2073025,0.00002659,753.00000000,1
1531217096856,1531217096851,2073026,0.00002651,138.00000000,1
1531217120455,1531217120450,2073027,0.00002656,113.00000000,1
1531217125642,1531217125637,2073028,0.00002660,51.00000000,0
1531217125642,1531217125637,2073029,0.00002685,71.00000000,0
1531217125642,1531217125637,2073030,0.00002693,485.00000000,0
1531217125785,1531217125781,2073031,0.00002693,15.00000000,0
1531217125785,1531217125781,2073032,0.00002695,69.00000000,0
1531217127244,1531217127240,2073033,0.00002665,55.00000000,1
1531217127387,1531217127381,2073034,0.00002664,3.00000000,0
1531217127387,1531217127381,2073035,0.00002695,74.00000000,0
1531217128607,1531217128601,2073036,0.00002683,55.00000000,0
1531217128607,1531217128601,2073037,0.00002692,61.00000000,0
1531217128607,1531217128601,2073038,0.00002695,76.00000000,0
1531217143638,1531217143634,2073039,0.00002673,43.00000000,1
1531217157813,1531217157809,2073040,0.00002670,38.00000000,0
1531217157813,1531217157809,2073041,0.00002671,17.00000000,0
1531217181127,1531217181122,2073042,0.00002656,381.00000000,1
1531217181729,1531217181724,2073043,0.00002656,39.00000000,1
1531217224420,1531217224415,2073044,0.00002662,119.00000000,1
1531217224420,1531217224415,2073045,0.00002656,4284.00000000,1
1531217238640,1531217238635,2073046,0.00002655,44.00000000,0
1531217239361,1531217239358,2073047,0.00002655,68.00000000,1
1531217245035,1531217245031,2073048,0.00002656,1917.00000000,0
1531217346803,1531217346798,2073049,0.00002669,334.00000000,0
1531217412717,1531217412712,2073050,0.00002670,13.00000000,0
1531217450047,1531217450042,2073051,0.00002669,3.00000000,1
1531217450047,1531217450042,2073052,0.00002664,556.00000000,1
1531217450047,1531217450042,2073053,0.00002656,194.00000000,1
1531217450047,1531217450042,2073054,0.00002653,2304.00000000,1
1531217450047,1531217450042,2073055,0.00002652,1459.00000000,1
1531217450047,1531217450042,2073056,0.00002650,2150.00000000,1
1531217450061,1531217450057,2073057,0.00002650,560.00000000,0
1531217450062,1531217450057,2073058,0.00002650,1079.00000000,0
1531217450070,1531217450066,2073059,0.00002650,559.00000000,0
1531217450075,1531217450070,2073060,0.00002650,559.00000000,0
1531217450078,1531217450073,2073061,0.00002650,518.00000000,0
1531217450088,1531217450084,2073062,0.00002650,74.00000000,0
1531217450115,1531217450109,2073063,0.00002649,94.00000000,1
1531217450115,1531217450109,2073064,0.00002648,465.00000000,1
1531217450181,1531217450178,2073065,0.00002650,1230.00000000,0
1531217450472,1531217450469,2073066,0.00002648,402.00000000,1
1531217452458,1531217452453,2073067,0.00002643,173.00000000,1
1531217454458,1531217454453,2073068,0.00002642,510.00000000,1
1531217456461,1531217456457,2073069,0.00002641,56.00000000,1
1531217458448,1531217458442,2073070,0.00002640,424.00000000,1
1531217459944,1531217459940,2073071,0.00002648,2.00000000,0
1531217462459,1531217462454,2073072,0.00002638,1278.00000000,1
1531217471975,1531217471970,2073073,0.00002641,1135.00000000,0
1531217478154,1531217478148,2073074,0.00002638,2150.00000000,1
1531217481475,1531217481471,2073075,0.00002639,602.00000000,0
1531217482734,1531217482730,2073076,0.00002641,88.00000000,1
1531217483814,1531217483810,2073077,0.00002641,91.00000000,1
1531217485272,1531217485267,2073078,0.00002641,136.00000000,1
1531217486122,1531217486117,2073079,0.00002641,37.00000000,1
1531217487187,1531217487182,2073080,0.00002638,58.00000000,1
1531217493653,1531217493648,2073081,0.00002638,9546.00000000,1
1531217493724,1531217493718,2073082,0.00002638,1085.00000000,0
1531217494128,1531217494124,2073083,0.00002638,3030.00000000,0
1531217508835,1531217508829,2073084,0.00002634,52.00000000,1
1531217510206,1531217510202,2073085,0.00002634,5.00000000,0
1531217523701,1531217523697,2073086,0.00002633,101.00000000,1
1531217527484,1531217527479,2073087,0.00002633,239.00000000,1
1531217531709,1531217531705,2073088,0.00002633,379.00000000,0
1531217552247,1531217552243,2073089,0.00002630,581.00000000,1
1531217552247,1531217552243,2073090,0.00002629,193.00000000,1
1531217552247,1531217552243,2073091,0.00002626,84.00000000,1
1531217552247,1531217552243,2073092,0.00002622,1100.00000000,1
1531217552262,1531217552256,2073093,0.00002622,2914.00000000,0
1531217558549,1531217558545,2073094,0.00002632,370.00000000,0
1531217559322,1531217559318,2073095,0.00002632,57.00000000,0
1531217563481,1531217563476,2073096,0.00002632,113.00000000,0
1531217563544,1531217563540,2073097,0.00002624,385.00000000,1
1531217563556,1531217563552,2073098,0.00002625,186.00000000,0
1531217563594,1531217563590,2073099,0.00002624,685.00000000,1
1531217567956,1531217567952,2073100,0.00002625,39.00000000,1
1531217570309,1531217570304,2073101,0.00002637,173.00000000,0
1531217571865,1531217571861,2073102,0.00002622,112.00000000,1
1531217578191,1531217578185,2073103,0.00002621,1338.00000000,1
1531217578191,1531217578185,2073104,0.00002620,80.00000000,1
1531217578191,1531217578185,2073105,0.00002617,255.00000000,1
1531217584317,1531217584312,2073106,0.00002627,80.00000000,0
1531217585385,1531217585381,2073107,0.00002628,45.00000000,0
1531217586246,1531217586242,2073108,0.00002627,39.00000000,0
1531217588772,1531217588767,2073109,0.00002624,108.00000000,1
1531217588772,1531217588767,2073110,0.00002623,8.00000000,1
1531217589192,1531217589188,2073111,0.00002623,85.00000000,1
1531217593275,1531217593272,2073112,0.00002624,74.00000000,1
1531217622349,1531217622344,2073113,0.00002626,108.00000000,0
1531217650252,1531217650248,2073114,0.00002629,591.00000000,0
1531217652262,1531217652258,2073115,0.00002630,77.00000000,0
1531217678740,1531217678735,2073116,0.00002632,74.00000000,0
1531217678740,1531217678735,2073117,0.00002635,93.00000000,0
1531217678740,1531217678735,2073118,0.00002636,784.00000000,0
1531217678740,1531217678735,2073119,0.00002637,2292.00000000,0
1531217686372,1531217686368,2073120,0.00002635,37.00000000,0
1531217688878,1531217688872,2073121,0.00002625,1400.00000000,1
1531217698263,1531217698259,2073122,0.00002624,76.00000000,1
1531217698263,1531217698259,2073123,0.00002621,783.00000000,1
1531217698263,1531217698259,2073124,0.00002620,10.00000000,1
1531217706528,1531217706525,2073125,0.00002631,783.00000000,0
1531217706528,1531217706525,2073126,0.00002632,12944.00000000,0
1531217710300,1531217710296,2073127,0.00002632,647.00000000,0
1531217713872,1531217713867,2073128,0.00002632,647.00000000,0
1531217715872,1531217715868,2073129,0.00002632,424.00000000,0
1531217742334,1531217742329,2073130,0.00002634,42.00000000,0
1531217742334,1531217742329,2073131,0.00002635,39.00000000,0
1531217742334,1531217742329,2073132,0.00002637,647.00000000,0
1531217742334,1531217742329,2073133,0.00002638,12999.00000000,0
1531217743308,1531217743304,2073134,0.00002638,662.00000000,0
1531217768775,1531217768771,2073135,0.00002632,11.00000000,1
1531217779442,1531217779438,2073136,0.00002632,2.00000000,1
1531217800120,1531217800115,2073137,0.00002632,6714.00000000,1
1531217845644,1531217845638,2073138,0.00002626,1064.00000000,1
1531217845644,1531217845638,2073139,0.00002625,234.00000000,1
1531217845644,1531217845638,2073140,0.00002620,405.00000000,1
1531217845644,1531217845638,2073141,0.00002617,57.00000000,1
1531217845644,1531217845638,2073142,0.00002616,468.00000000,1
1531217845644,1531217845638,2073143,0.00002614,500.00000000,1
1531217845644,1531217845638,2073144,0.00002613,192.00000000,1
1531217845644,1531217845638,2073145,0.00002612,80.00000000,1
1531217868656,1531217868651,2073146,0.00002621,500.00000000,1
1531217868656,1531217868651,2073147,0.00002619,1493.00000000,1
1531217868656,1531217868651,2073148,0.00002613,998.00000000,1
1531217873702,1531217873697,2073149,0.00002631,73.00000000,0
1531217879205,1531217879200,2073150,0.00002622,1143.00000000,0
1531217879239,1531217879235,2073151,0.00002622,669.00000000,0
1531217879743,1531217879738,2073152,0.00002622,1.00000000,0
1531217880216,1531217880212,2073153,0.00002622,90.00000000,1
1531217880220,1531217880215,2073154,0.00002622,409.00000000,1
1531217884493,1531217884490,2073155,0.00002613,77.00000000,1
1531217884493,1531217884490,2073156,0.00002612,1486.00000000,1
1531217888219,1531217888213,2073157,0.00002612,76.00000000,1
1531217888219,1531217888213,2073158,0.00002611,365.00000000,1
1531217888219,1531217888213,2073159,0.00002610,1985.00000000,1
1531217888220,1531217888213,2073160,0.00002609,776.00000000,1
1531217888246,1531217888241,2073161,0.00002610,238.00000000,0
1531217899946,1531217899942,2073162,0.00002622,24.00000000,0
1531217903186,1531217903182,2073163,0.00002611,332.00000000,1
1531217917256,1531217917252,2073164,0.00002610,83.00000000,1
1531217918695,1531217918692,2073165,0.00002610,112.00000000,1
1531217923914,1531217923910,2073166,0.00002610,518.00000000,1
1531217924096,1531217924090,2073167,0.00002610,30.00000000,0
1531217928443,1531217928438,2073168,0.00002610,141.00000000,0
1531217930303,1531217930298,2073169,0.00002610,4.00000000,0
1531217930640,1531217930635,2073170,0.00002608,352.00000000,1
1531217943683,1531217943677,2073171,0.00002610,1408.00000000,0
1531217947966,1531217947961,2073172,0.00002608,90.00000000,1
1531217947966,1531217947961,2073173,0.00002606,558.00000000,1
1531217947966,1531217947961,2073174,0.00002605,2550.00000000,1
1531217947966,1531217947961,2073175,0.00002604,42.00000000,1
1531217947966,1531217947961,2073176,0.00002603,152.00000000,1
1531217947966,1531217947961,2073177,0.00002601,78.00000000,1
1531217948447,1531217948442,2073178,0.00002601,32895.00000000,0
1531217950793,1531217950789,2073179,0.00002601,8.00000000,0
1531217953133,1531217953127,2073180,0.00002601,80.00000000,0
1531217964571,1531217964567,2073181,0.00002601,223.00000000,0
1531217973103,1531217973098,2073182,0.00002601,2560.00000000,0
1531217975711,1531217975706,2073183,0.00002610,470.00000000,0
1531217976819,1531217976815,2073184,0.00002600,143.00000000,1
1531217976819,1531217976815,2073185,0.00002599,114.00000000,1
1531217976819,1531217976815,2073186,0.00002597,86.00000000,1
1531217976820,1531217976815,2073187,0.00002597,183.00000000,1
1531217977419,1531217977414,2073188,0.00002595,114.00000000,0
1531217982706,1531217982701,2073189,0.00002598,29.00000000,0
1531217985710,1531217985705,2073190,0.00002598,207.00000000,0
1531217988017,1531217988013,2073191,0.00002598,141.00000000,0
1531217991680,1531217991676,2073192,0.00002594,39.00000000,1
1531217991680,1531217991676,2073193,0.00002593,57.00000000,1
1531217991680,1531217991676,2073194,0.00002591,85.00000000,1
1531217991680,1531217991676,2073195,0.00002588,157.00000000,1
1531217992143,1531217992138,2073196,0.00002588,327.00000000,1
1531217995348,1531217995343,2073197,0.00002588,83.00000000,1
1531217997765,1531217997762,2073198,0.00002588,231.00000000,1
1531218001640,1531218001633,2073199,0.00002588,3253.00000000,1
1531218001640,1531218001633,2073200,0.00002585,39.00000000,1
1531218001640,1531218001633,2073201,0.00002584,948.00000000,1
1531218001640,1531218001633,2073202,0.00002582,215.00000000,1
1531218001640,1531218001633,2073203,0.00002579,1267.00000000,1
1531218001640,1531218001633,2073204,0.00002577,14948.00000000,1
1531218001640,1531218001633,2073205,0.00002576,283.00000000,1
1531218001661,1531218001658,2073206,0.00002576,251.00000000,0
1531218001664,1531218001662,2073207,0.00002576,943.00000000,0
1531218001690,1531218001687,2073208,0.00002576,251.00000000,0
1531218001715,1531218001710,2073209,0.00002576,5126.00000000,0
1531218001724,1531218001720,2073210,0.00002576,154.00000000,0
1531218001728,1531218001724,2073211,0.00002576,251.00000000,0
1531218001734,1531218001731,2073212,0.00002576,3846.00000000,0
1531218001760,1531218001756,2073213,0.00002576,838.00000000,0
1531218001774,1531218001770,2073214,0.00002576,838.00000000,0
1531218001811,1531218001808,2073215,0.00002576,336.00000000,0
1531218001949,1531218001944,2073216,0.00002576,231.00000000,0
1531218002488,1531218002485,2073217,0.00002575,31.00000000,1
1531218003109,1531218003103,2073218,0.00002575,90.00000000,1
1531218003144,1531218003141,2073219,0.00002575,43.00000000,1
1531218008276,1531218008270,2073220,0.00002576,13.00000000,0
1531218008613,1531218008608,2073221,0.00002575,180.00000000,1
1531218008704,1531218008700,2073222,0.00002576,2399.00000000,0
1531218013210,1531218013207,2073223,0.00002576,258.00000000,0
1531218013284,1531218013278,2073224,0.00002575,59.00000000,1
1531218013314,1531218013309,2073225,0.00002575,393.00000000,1
1531218014306,1531218014301,2073226,0.00002576,28.00000000,0
1531218017374,1531218017371,2073227,0.00002576,12.00000000,0
1531218020946,1531218020942,2073228,0.00002576,150.00000000,0
1531218023112,1531218023108,2073229,0.00002575,308.00000000,1
1531218023295,1531218023289,2073230,0.00002575,691.00000000,1
1531218026198,1531218026194,2073231,0.00002574,50.00000000,1
1531218026198,1531218026194,2073232,0.00002570,507.00000000,1
1531218026198,1531218026194,2073233,0.00002569,4.00000000,1
1531218028584,1531218028579,2073234,0.00002569,3.00000000,1
1531218029003,1531218028999,2073235,0.00002569,838.00000000,1
1531218032673,1531218032666,2073236,0.00002569,309.00000000,1
1531218039575,1531218039570,2073237,0.00002574,205.00000000,0
1531218039575,1531218039570,2073238,0.00002575,1025.00000000,0
1531218043175,1531218043166,2073239,0.00002575,6475.00000000,0
1531218043175,1531218043166,2073240,0.00002576,370.00000000,0
1531218043175,1531218043166,2073241,0.00002581,59.00000000,0
1531218043175,1531218043166,2073242,0.00002586,79.00000000,0
1531218043175,1531218043166,2073243,0.00002591,240.00000000,0
1531218043175,1531218043166,2073244,0.00002592,106.00000000,0
1531218043175,1531218043166,2073245,0.00002594,162.00000000,0
1531218043175,1531218043166,2073246,0.00002596,1150.00000000,0
1531218043175,1531218043166,2073247,0.00002597,897.00000000,0
1531218044699,1531218044695,2073248,0.00002597,306.00000000,0
1531218044907,1531218044902,2073249,0.00002597,154.00000000,0
1531218045746,1531218045742,2073250,0.00002597,154.00000000,0
1531218048216,1531218048212,2073251,0.00002577,118.00000000,1
1531218048305,1531218048302,2073252,0.00002577,66.00000000,1
1531218048316,1531218048312,2073253,0.00002598,1164.00000000,0
1531218054030,1531218054026,2073254,0.00002583,40.00000000,1
1531218068145,1531218068141,2073255,0.00002588,78.00000000,1
1531218070588,1531218070584,2073256,0.00002596,76.00000000,0
1531218070982,1531218070977,2073257,0.00002595,78.00000000,0
1531218084821,1531218084798,2073258,0.00002595,162.00000000,0
1531218084821,1531218084798,2073259,0.00002596,39.00000000,0
1531218084821,1531218084798,2073260,0.00002597,78.00000000,0
1531218084821,1531218084798,2073261,0.00002598,816.00000000,0
1531218084821,1531218084798,2073262,0.00002599,148.00000000,0
1531218090612,1531218090608,2073263,0.00002600,181.00000000,0
1531218109749,1531218109744,2073264,0.00002588,78.00000000,1
1531218155490,1531218155485,2073265,0.00002594,78.00000000,0
1531218159403,1531218159399,2073266,0.00002597,76.00000000,0
1531218166777,1531218166771,2073267,0.00002597,2.00000000,0
1531218166777,1531218166771,2073268,0.00002600,2376.00000000,0
1531218166777,1531218166771,2073269,0.00002601,553.00000000,0
1531218166777,1531218166771,2073270,0.00002603,249.00000000,0
1531218166777,1531218166771,2073271,0.00002604,231.00000000,0
1531218166777,1531218166771,2073272,0.00002608,412.00000000,0
1531218166777,1531218166771,2073273,0.00002610,2989.00000000,0
1531218167753,1531218167749,2073274,0.00002614,146.00000000,0
1531218168544,1531218168539,2073275,0.00002617,39.00000000,0
1531218170482,1531218170478,2073276,0.00002610,58.00000000,1
1531218189320,1531218189315,2073277,0.00002624,802.00000000,0
1531218189445,1531218189442,2073278,0.00002611,77.00000000,1
1531218197251,1531218197247,2073279,0.00002626,77.00000000,0
1531218197621,1531218197616,2073280,0.00002626,2.00000000,1
1531218203069,1531218203065,2073281,0.00002626,86.00000000,0
1531218206727,1531218206722,2073282,0.00002626,64.00000000,0
1531218227371,1531218227366,2073283,0.00002627,476.00000000,0
1531218228295,1531218228291,2073284,0.00002626,56.00000000,1
1531218228670,1531218228664,2073285,0.00002625,57.00000000,1
1531218229036,1531218229032,2073286,0.00002614,500.00000000,1
1531218229513,1531218229510,2073287,0.00002614,77.00000000,1
1531218235973,1531218235968,2073288,0.00002612,706.00000000,1
1531218235973,1531218235968,2073289,0.00002611,8832.00000000,1
1531218240031,1531218240025,2073290,0.00002611,6168.00000000,1
1531218240031,1531218240025,2073291,0.00002610,31444.00000000,1
1531218240521,1531218240516,2073292,0.00002609,57.00000000,1
1531218245081,1531218245076,2073293,0.00002601,547.00000000,1
1531218284693,1531218284689,2073294,0.00002610,344.00000000,0
1531218287985,1531218287979,2073295,0.00002601,240.00000000,1
1531218317559,1531218317554,2073296,0.00002609,1023.00000000,0
1531218317559,1531218317554,2073297,0.00002610,6639.00000000,0
1531218322690,1531218322684,2073298,0.00002603,129.00000000,1
1531218322690,1531218322684,2073299,0.00002593,1475.00000000,1
1531218322690,1531218322684,2073300,0.00002591,137.00000000,1
1531218322690,1531218322684,2073301,0.00002589,489.00000000,1
1531218322690,1531218322684,2073302,0.00002588,77.00000000,1
1531218322690,1531218322684,2073303,0.00002587,190.00000000,1
1531218322690,1531218322684,2073304,0.00002586,121.00000000,1
1531218322708,1531218322704,2073305,0.00002586,614.00000000,0
1531218322731,1531218322727,2073306,0.00002586,158.00000000,0
1531218322763,1531218322759,2073307,0.00002586,139.00000000,0
1531218323114,1531218323110,2073308,0.00002586,140.00000000,0
1531218323459,1531218323454,2073309,0.00002584,131.00000000,1
1531218324557,1531218324553,2073310,0.00002584,796.00000000,1
1531218326998,1531218326994,2073311,0.00002584,120.00000000,1
1531218330005,1531218330001,2073312,0.00002584,86.00000000,1
1531218331505,1531218331502,2073313,0.00002584,79.00000000,1
1531218337438,1531218337432,2073314,0.00002586,18001.00000000,0
1531218364682,1531218364678,2073315,0.00002584,976.00000000,1
1531218370800,1531218370796,2073316,0.00002584,2.00000000,0
1531218376488,1531218376482,2073317,0.00002579,388.00000000,1
1531218377648,1531218377644,2073318,0.00002576,53.00000000,0
1531218378609,1531218378604,2073319,0.00002576,38.00000000,0
1531218378609,1531218378604,2073320,0.00002579,27.00000000,0
1531218378980,1531218378976,2073321,0.00002579,17.00000000,0
1531218378980,1531218378976,2073322,0.00002584,176.00000000,0
1531218444080,1531218444075,2073323,0.00002572,50.00000000,1
1531218465905,1531218465897,2073324,0.00002583,50.00000000,0
1531218465905,1531218465897,2073325,0.00002584,7645.00000000,0
1531218465905,1531218465897,2073326,0.00002586,14465.00000000,0
1531218465905,1531218465897,2073327,0.00002592,39.00000000,0
1531218465905,1531218465897,2073328,0.00002594,88.00000000,0
1531218465905,1531218465897,2073329,0.00002598,221.00000000,0
1531218465905,1531218465897,2073330,0.00002605,623.00000000,0
1531218465905,1531218465897,2073331,0.00002607,1002.00000000,0
1531218465905,1531218465897,2073332,0.00002609,192.00000000,0
1531218465905,1531218465897,2073333,0.00002610,8046.00000000,0
1531218465929,1531218465925,2073334,0.00002610,16079.00000000,1
1531218465941,1531218465938,2073335,0.00002610,7500.00000000,1
1531218465960,1531218465956,2073336,0.00002616,58.00000000,0
1531218465960,1531218465956,2073337,0.00002624,57.00000000,0
1531218465960,1531218465956,2073338,0.00002631,8.00000000,0
1531218465967,1531218465962,2073339,0.00002610,241.00000000,1
1531218466180,1531218466174,2073340,0.00002631,468.00000000,0
1531218466180,1531218466174,2073341,0.00002632,57.00000000,0
1531218466180,1531218466174,2073342,0.00002638,146.00000000,0
1531218466180,1531218466174,2073343,0.00002640,58.00000000,0
1531218466180,1531218466174,2073344,0.00002643,388.00000000,0
1531218466180,1531218466174,2073345,0.00002646,151.00000000,0
1531218466180,1531218466174,2073346,0.00002647,225.00000000,0
1531218467334,1531218467328,2073347,0.00002617,226.00000000,1
1531218467334,1531218467328,2073348,0.00002610,20437.00000000,1
1531218467687,1531218467683,2073349,0.00002615,219.00000000,1
1531218468035,1531218468031,2073350,0.00002607,235.00000000,1
1531218469193,1531218469189,2073351,0.00002616,250.00000000,1
1531218469549,1531218469545,2073352,0.00002605,1553.00000000,1
1531218469915,1531218469910,2073353,0.00002604,129.00000000,1
1531218472656,1531218472651,2073354,0.00002603,76.00000000,1
1531218475337,1531218475333,2073355,0.00002624,59.00000000,0
1531218503679,1531218503674,2073356,0.00002605,238.00000000,1
1531218504738,1531218504733,2073357,0.00002605,12.00000000,0
1531218504738,1531218504733,2073358,0.00002606,11.00000000,0
1531218513578,1531218513574,2073359,0.00002601,57.00000000,1
1531218521601,1531218521597,2073360,0.00002597,719.00000000,1
1531218533857,1531218533852,2073361,0.00002597,1353.00000000,1
1531218556381,1531218556373,2073362,0.00002597,720.00000000,1
1531218556381,1531218556373,2073363,0.00002591,478.00000000,1
1531218556381,1531218556373,2073364,0.00002589,55.00000000,1
1531218556381,1531218556373,2073365,0.00002581,222.00000000,1
1531218556381,1531218556373,2073366,0.00002580,57.00000000,1
1531218556381,1531218556373,2073367,0.00002579,193.00000000,1
1531218556381,1531218556373,2073368,0.00002576,165.00000000,1
1531218556381,1531218556373,2073369,0.00002575,1525.00000000,1
1531218556381,1531218556373,2073370,0.00002574,555.00000000,1
1531218556381,1531218556373,2073371,0.00002572,182.00000000,1
1531218556789,1531218556785,2073372,0.00002583,182.00000000,0
1531218557226,1531218557221,2073373,0.00002587,57.00000000,0
1531218557226,1531218557221,2073374,0.00002588,180.00000000,0
1531218557226,1531218557221,2073375,0.00002594,238.00000000,0
1531218557226,1531218557221,2073376,0.00002597,165.00000000,0
1531218558020,1531218558014,2073377,0.00002598,988.00000000,0
1531218558020,1531218558014,2073378,0.00002599,193.00000000,0
1531218558020,1531218558014,2073379,0.00002600,500.00000000,0
1531218558020,1531218558014,2073380,0.00002601,1287.00000000,0
1531218561745,1531218561741,2073381,0.00002597,57.00000000,1
1531218567636,1531218567632,2073382,0.00002597,51.00000000,1
1531218570461,1531218570455,2073383,0.00002582,226.00000000,1
1531218584571,1531218584564,2073384,0.00002584,29.00000000,0
1531218584571,1531218584564,2073385,0.00002590,59.00000000,0
1531218584571,1531218584564,2073386,0.00002605,296.00000000,0
1531218584571,1531218584564,2073387,0.00002607,478.00000000,0
1531218584571,1531218584564,2073388,0.00002610,14.00000000,0
1531218598611,1531218598608,2073389,0.00002590,250.00000000,1
1531218598611,1531218598608,2073390,0.00002588,141.00000000,1
1531218601298,1531218601294,2073391,0.00002609,250.00000000,0
1531218601298,1531218601294,2073392,0.00002610,32.00000000,0
1531218610153,1531218610147,2073393,0.00002610,44.00000000,0
1531218653375,1531218653370,2073394,0.00002610,39.00000000,0
1531218654515,1531218654510,2073395,0.00002611,226.00000000,0
1531218696417,1531218696412,2073396,0.00002613,39.00000000,0
1531218705196,1531218705192,2073397,0.00002616,382.00000000,0
1531218736387,1531218736383,2073398,0.00002611,945.00000000,1
1531218736804,1531218736798,2073399,0.00002610,331.00000000,1
1531218737179,1531218737175,2073400,0.00002609,57.00000000,1
1531218738737,1531218738732,2073401,0.00002616,1.00000000,0
1531218739471,1531218739465,2073402,0.00002616,406.00000000,1
1531218739841,1531218739836,2073403,0.00002596,500.00000000,1
1531218740460,1531218740455,2073404,0.00002597,1351.00000000,1
1531218765723,1531218765718,2073405,0.00002602,193.00000000,1
1531218768866,1531218768862,2073406,0.00002602,241.00000000,0
1531218768909,1531218768905,2073407,0.00002602,432.00000000,0
1531218768939,1531218768933,2073408,0.00002602,545.00000000,0
1531218769226,1531218769220,2073409,0.00002602,786.00000000,0
1531218769555,1531218769549,2073410,0.00002602,4727.00000000,0
1531218769867,1531218769863,2073411,0.00002602,785.00000000,0
1531218769902,1531218769898,2073412,0.00002593,57.00000000,1
1531218769902,1531218769898,2073413,0.00002590,728.00000000,1
1531218779250,1531218779248,2073414,0.00002602,46.00000000,0
1531218805325,1531218805318,2073415,0.00002590,122.00000000,1
1531218805325,1531218805318,2073416,0.00002589,58.00000000,1
1531218805325,1531218805318,2073417,0.00002588,480.00000000,1
1531218805325,1531218805318,2073418,0.00002586,57.00000000,1
1531218805325,1531218805318,2073419,0.00002581,795.00000000,1
1531218805325,1531218805318,2073420,0.00002580,1285.00000000,1
1531218806385,1531218806380,2073421,0.00002591,99.00000000,0
1531218841225,1531218841220,2073422,0.00002580,118.00000000,1
1531218841270,1531218841266,2073423,0.00002580,240.00000000,0
1531218853325,1531218853320,2073424,0.00002580,34.00000000,0
1531218855174,1531218855168,2073425,0.00002582,16.00000000,1
1531218856854,1531218856848,2073426,0.00002580,353.00000000,0
1531218856854,1531218856848,2073427,0.00002589,795.00000000,0
1531218856854,1531218856848,2073428,0.00002590,238.00000000,0
1531218856854,1531218856848,2073429,0.00002600,193.00000000,0
1531218856854,1531218856848,2073430,0.00002601,500.00000000,0
1531218856854,1531218856848,2073431,0.00002602,46.00000000,0
1531218881214,1531218881201,2073432,0.00002583,253.00000000,1
1531218881214,1531218881201,2073433,0.00002579,796.00000000,1
1531218881214,1531218881201,2073434,0.00002578,240.00000000,1
1531218881214,1531218881201,2073435,0.00002576,56.00000000,1
1531218881214,1531218881201,2073436,0.00002575,1001.00000000,1
1531218881214,1531218881201,2073437,0.00002573,120.00000000,1
1531218881214,1531218881201,2073438,0.00002572,230.00000000,1
1531218881214,1531218881201,2073439,0.00002571,738.00000000,1
1531218881214,1531218881201,2073440,0.00002570,1270.00000000,1
1531218881215,1531218881201,2073441,0.00002568,7692.00000000,1
1531218881215,1531218881201,2073442,0.00002567,2308.00000000,1
1531218881215,1531218881201,2073443,0.00002566,1299.00000000,1
1531218881215,1531218881201,2073444,0.00002565,18713.00000000,1
1531218881215,1531218881201,2073445,0.00002564,729.00000000,1
1531218881215,1531218881201,2073446,0.00002563,691.00000000,1
1531218883041,1531218883037,2073447,0.00002573,45.00000000,0
1531218883687,1531218883682,2073448,0.00002580,253.00000000,1
1531218884575,1531218884569,2073449,0.00002580,691.00000000,1
1531218897441,1531218897432,2073450,0.00002581,543.00000000,0
1531218897441,1531218897432,2073451,0.00002582,239.00000000,0
1531218897441,1531218897432,2073452,0.00002584,162.00000000,0
1531218897441,1531218897432,2073453,0.00002588,953.00000000,0
1531218897441,1531218897432,2073454,0.00002591,228.00000000,0
1531218899394,1531218899389,2073455,0.00002580,241.00000000,1
1531218899424,1531218899419,2073456,0.00002580,489.00000000,1
1531218901834,1531218901829,2073457,0.00002580,40.00000000,1
1531218909051,1531218909045,2073458,0.00002580,1340.00000000,1
1531218909051,1531218909045,2073459,0.00002571,7500.00000000,1
1531218909051,1531218909045,2073460,0.00002570,23000.00000000,1
1531218909091,1531218909086,2073461,0.00002570,241.00000000,0
1531218921951,1531218921947,2073462,0.00002565,60.00000000,1
1531218922935,1531218922930,2073463,0.00002565,234.00000000,1
1531218922960,1531218922956,2073464,0.00002565,240.00000000,0
1531218923016,1531218923011,2073465,0.00002565,95.00000000,0
1531218923813,1531218923808,2073466,0.00002565,352.00000000,0
1531218925547,1531218925543,2073467,0.00002574,95.00000000,1
1531218925557,1531218925553,2073468,0.00002574,98.00000000,1
1531218930471,1531218930466,2073469,0.00002569,194.00000000,1
1531218930782,1531218930777,2073470,0.00002564,283.00000000,0
1531218931025,1531218931020,2073471,0.00002564,705.00000000,0
1531218931341,1531218931335,2073472,0.00002564,192.00000000,0
1531218937021,1531218937014,2073473,0.00002578,194.00000000,0
1531218937021,1531218937014,2073474,0.00002583,193.00000000,0
1531218937021,1531218937014,2073475,0.00002588,1031.00000000,0
1531218937021,1531218937014,2073476,0.00002590,646.00000000,0
1531218937021,1531218937014,2073477,0.00002591,60.00000000,0
1531218939682,1531218939677,2073478,0.00002571,59.00000000,0
1531218945210,1531218945206,2073479,0.00002567,250.00000000,1
1531218945210,1531218945206,2073480,0.00002564,500.00000000,1
1531218945210,1531218945206,2073481,0.00002563,3901.00000000,1
1531218945234,1531218945230,2073482,0.00002563,269.00000000,0
1531218945481,1531218945478,2073483,0.00002563,752.00000000,0
1531218945528,1531218945524,2073484,0.00002563,20500.00000000,0
1531218946258,1531218946254,2073485,0.00002563,228.00000000,0
1531218946490,1531218946485,2073486,0.00002563,13887.00000000,0
1531218948009,1531218948004,2073487,0.00002576,79.00000000,0
1531218948009,1531218948004,2073488,0.00002582,2.00000000,0
1531218957687,1531218957682,2073489,0.00002571,78.00000000,0
1531218958277,1531218958274,2073490,0.00002582,104.00000000,0
1531218967646,1531218967642,2073491,0.00002586,35.00000000,0
1531218984450,1531218984445,2073492,0.00002586,215.00000000,0
1531218985636,1531218985632,2073493,0.00002587,143.00000000,0
1531218986468,1531218986464,2073494,0.00002588,1241.00000000,0
1531218989107,1531218989101,2073495,0.00002592,193.00000000,0
1531218989843,1531218989839,2073496,0.00002593,269.00000000,0
1531218996879,1531218996876,2073497,0.00002588,78.00000000,1
1531219004148,1531219004142,2073498,0.00002600,78.00000000,0
1531219004171,1531219004165,2073499,0.00002600,270.00000000,1
1531219004201,1531219004197,2073500,0.00002600,49.00000000,1
1531219004713,1531219004708,2073501,0.00002600,149.00000000,1
1531219005763,1531219005757,2073502,0.00002601,240.00000000,0
1531219012550,1531219012545,2073503,0.00002606,384.00000000,0
1531219014692,1531219014686,2073504,0.00002608,58.00000000,0
1531219027193,1531219027186,2073505,0.00002614,39.00000000,0
1531219027193,1531219027186,2073506,0.00002616,58.00000000,0
1531219027193,1531219027186,2073507,0.00002620,274.00000000,0
1531219027193,1531219027186,2073508,0.00002624,75.00000000,0
1531219027193,1531219027186,2073509,0.00002632,447.00000000,0
1531219027559,1531219027554,2073510,0.00002603,259.00000000,1
1531219027905,1531219027900,2073511,0.00002603,55.00000000,1
1531219027905,1531219027900,2073512,0.00002602,39.00000000,1
1531219032834,1531219032828,2073513,0.00002611,241.00000000,0
1531219033163,1531219033158,2073514,0.00002611,64.00000000,1
1531219037317,1531219037312,2073515,0.00002594,78.00000000,1
1531219045551,1531219045547,2073516,0.00002609,117.00000000,0
1531219047328,1531219047323,2073517,0.00002602,121.00000000,1
1531219047673,1531219047669,2073518,0.00002601,793.00000000,1
1531219048073,1531219048070,2073519,0.00002600,5860.00000000,1
1531219059713,1531219059707,2073520,0.00002612,392.00000000,0
1531219060817,1531219060812,2073521,0.00002610,60.00000000,1
1531219062496,1531219062491,2073522,0.00002619,655.00000000,0
1531219063099,1531219063094,2073523,0.00002611,77.00000000,0
1531219075388,1531219075381,2073524,0.00002619,2.00000000,0
1531219076462,1531219076455,2073525,0.00002620,58.00000000,0
1531219077819,1531219077813,2073526,0.00002616,78.00000000,1
1531219117124,1531219117120,2073527,0.00002630,65.00000000,0
1531219117959,1531219117955,2073528,0.00002617,78.00000000,1
1531219120150,1531219120144,2073529,0.00002630,54.00000000,0
1531219159477,1531219159472,2073530,0.00002618,77.00000000,1
1531219162670,1531219162665,2073531,0.00002628,96.00000000,1
1531219204893,1531219204890,2073532,0.00002630,24.00000000,0
1531219204928,1531219204918,2073533,0.00002632,85.00000000,0
1531219204957,1531219204953,2073534,0.00002633,234.00000000,0
1531219217203,1531219217197,2073535,0.00002633,1.00000000,0
1531219217203,1531219217197,2073536,0.00002637,240.00000000,0
1531219217203,1531219217197,2073537,0.00002640,57.00000000,0
1531219217203,1531219217197,2073538,0.00002647,52.00000000,0
1531219217458,1531219217454,2073539,0.00002633,76.00000000,0
1531219221072,1531219221067,2073540,0.00002645,6.00000000,0
1531219227517,1531219227513,2073541,0.00002632,8.00000000,1
1531219228384,1531219228379,2073542,0.00002630,143.00000000,1
1531219229152,1531219229148,2073543,0.00002645,33.00000000,0
1531219229542,1531219229537,2073544,0.00002631,11.00000000,1
1531219230126,1531219230121,2073545,0.00002631,7.00000000,1
1531219231030,1531219231026,2073546,0.00002631,18.00000000,1
1531219231624,1531219231617,2073547,0.00002631,8.00000000,1
1531219232367,1531219232362,2073548,0.00002631,8.00000000,1
1531219233055,1531219233051,2073549,0.00002632,20.00000000,1
1531219233321,1531219233314,2073550,0.00002645,49.00000000,0
1531219233650,1531219233646,2073551,0.00002632,9.00000000,1
1531219234564,1531219234559,2073552,0.00002633,20.00000000,1
1531219235116,1531219235111,2073553,0.00002633,16.00000000,1
1531219235941,1531219235935,2073554,0.00002633,23.00000000,1
1531219236781,1531219236777,2073555,0.00002633,90.00000000,1
1531219237295,1531219237291,2073556,0.00002629,17.00000000,1
1531219237941,1531219237936,2073557,0.00002629,9.00000000,1
1531219238667,1531219238664,2073558,0.00002629,9.00000000,1
1531219239256,1531219239251,2073559,0.00002629,19.00000000,1
1531219239906,1531219239901,2073560,0.00002630,17.00000000,1
1531219240482,1531219240476,2073561,0.00002630,24.00000000,1
1531219241039,1531219241034,2073562,0.00002630,81.00000000,1
1531219241785,1531219241780,2073563,0.00002630,21.00000000,1
1531219242405,1531219242400,2073564,0.00002630,13.00000000,1
1531219243568,1531219243562,2073565,0.00002630,17.00000000,1
1531219244453,1531219244451,2073566,0.00002630,16.00000000,1
1531219245479,1531219245475,2073567,0.00002630,317.00000000,1
1531219246135,1531219246131,2073568,0.00002630,21.00000000,1
1531219246927,1531219246922,2073569,0.00002630,13.00000000,1
1531219247657,1531219247652,2073570,0.00002630,27.00000000,1
1531219248871,1531219248865,2073571,0.00002630,10.00000000,1
1531219249606,1531219249600,2073572,0.00002630,16.00000000,1
1531219250702,1531219250698,2073573,0.00002630,10.00000000,1
1531219251495,1531219251491,2073574,0.00002630,9.00000000,1
1531219252589,1531219252583,2073575,0.00002630,18.00000000,1
1531219253102,1531219253097,2073576,0.00002630,17.00000000,1
1531219253694,1531219253690,2073577,0.00002630,21.00000000,1
1531219254390,1531219254384,2073578,0.00002630,34.00000000,1
1531219255116,1531219255111,2073579,0.00002630,20.00000000,1
1531219255691,1531219255686,2073580,0.00002630,8.00000000,1
1531219256304,1531219256299,2073581,0.00002630,27.00000000,1
1531219256564,1531219256559,2073582,0.00002630,10.00000000,1
1531219329142,1531219329138,2073583,0.00002644,201.00000000,0
1531219330480,1531219330478,2073584,0.00002645,76.00000000,0
1531219331821,1531219331816,2073585,0.00002647,389.00000000,0
1531219340790,1531219340786,2073586,0.00002642,24.00000000,1
1531219341350,1531219341345,2073587,0.00002642,22.00000000,1
1531219341963,1531219341959,2073588,0.00002642,10.00000000,1
1531219341992,1531219341987,2073589,0.00002650,207.00000000,0
1531219342028,1531219342024,2073590,0.00002652,44.00000000,0
1531219342034,1531219342030,2073591,0.00002652,32.00000000,0
1531219342034,1531219342030,2073592,0.00002653,42.00000000,0
1531219342656,1531219342652,2073593,0.00002646,18.00000000,1
1531219343294,1531219343289,2073594,0.00002648,18.00000000,1
1531219343700,1531219343697,2073595,0.00002648,1.00000000,1
1531219344043,1531219344038,2073596,0.00002648,8.00000000,1
1531219345442,1531219345438,2073597,0.00002649,19.00000000,1
1531219345804,1531219345798,2073598,0.00002649,47.00000000,1
1531219346139,1531219346135,2073599,0.00002649,19.00000000,1
1531219346662,1531219346657,2073600,0.00002655,57.00000000,0
1531219346811,1531219346807,2073601,0.00002651,24.00000000,1
1531219347419,1531219347415,2073602,0.00002651,33.00000000,1
1531219348238,1531219348234,2073603,0.00002651,14.00000000,1
1531219349165,1531219349163,2073604,0.00002651,9.00000000,1
1531219349969,1531219349966,2073605,0.00002646,14.00000000,1
1531219350472,1531219350466,2073606,0.00002648,18.00000000,1
1531219351389,1531219351384,2073607,0.00002649,18.00000000,1
1531219352034,1531219352028,2073608,0.00002649,15.00000000,1
1531219352811,1531219352806,2073609,0.00002651,16.00000000,1
1531219353500,1531219353496,2073610,0.00002651,40.00000000,1
1531219354820,1531219354816,2073611,0.00002651,17.00000000,1
1531219355134,1531219355132,2073612,0.00002652,25.00000000,1
1531219355412,1531219355407,2073613,0.00002652,42.00000000,1
1531219355983,1531219355977,2073614,0.00002652,24.00000000,1
1531219356736,1531219356730,2073615,0.00002652,21.00000000,1
1531219357547,1531219357544,2073616,0.00002652,42.00000000,1
1531219358008,1531219357989,2073617,0.00002652,16.00000000,1
1531219359002,1531219358998,2073618,0.00002646,37.00000000,1
1531219359626,1531219359622,2073619,0.00002648,28.00000000,1
1531219360210,1531219360206,2073620,0.00002648,19.00000000,1
1531219360849,1531219360843,2073621,0.00002646,15.00000000,1
1531219361403,1531219361399,2073622,0.00002651,9.00000000,1
1531219362175,1531219362170,2073623,0.00002651,47.00000000,1
1531219362834,1531219362828,2073624,0.00002652,73.00000000,1
1531219363396,1531219363391,2073625,0.00002652,15.00000000,1
1531219363984,1531219363979,2073626,0.00002652,14.00000000,1
1531219364064,1531219364060,2073627,0.00002658,565.00000000,0
1531219364640,1531219364635,2073628,0.00002653,8.00000000,1
1531219365748,1531219365743,2073629,0.00002654,94.00000000,1
1531219366330,1531219366326,2073630,0.00002654,62.00000000,1
1531219367095,1531219367090,2073631,0.00002652,94.00000000,1
1531219367589,1531219367582,2073632,0.00002654,15.00000000,1
1531219376296,1531219376293,2073633,0.00002650,11.00000000,1
1531219377207,1531219377201,2073634,0.00002651,7.00000000,1
1531219377730,1531219377725,2073635,0.00002651,17.00000000,1
1531219378391,1531219378387,2073636,0.00002651,19.00000000,1
1531219379138,1531219379135,2073637,0.00002646,19.00000000,1
1531219379990,1531219379985,2073638,0.00002648,13.00000000,1
1531219380520,1531219380516,2073639,0.00002648,34.00000000,1
1531219381376,1531219381372,2073640,0.00002648,55.00000000,1
1531219381772,1531219381767,2073641,0.00002648,20.00000000,1
1531219382361,1531219382357,2073642,0.00002648,8.00000000,1
1531219383003,1531219382998,2073643,0.00002648,17.00000000,1
1531219383428,1531219383426,2073644,0.00002648,12.00000000,1
1531219384016,1531219384011,2073645,0.00002648,8.00000000,1
1531219384841,1531219384835,2073646,0.00002648,21.00000000,1
1531219385426,1531219385421,2073647,0.00002648,18.00000000,1
1531219386087,1531219386081,2073648,0.00002648,15.00000000,1
1531219386875,1531219386870,2073649,0.00002648,8.00000000,1
1531219387322,1531219387317,2073650,0.00002648,10.00000000,1
1531219387949,1531219387945,2073651,0.00002648,31.00000000,1
1531219388820,1531219388815,2073652,0.00002648,84.00000000,1
1531219389793,1531219389788,2073653,0.00002648,24.00000000,1
1531219390614,1531219390609,2073654,0.00002648,13.00000000,1
1531219391257,1531219391253,2073655,0.00002651,30.00000000,1
1531219391991,1531219391986,2073656,0.00002651,10.00000000,1
1531219392530,1531219392525,2073657,0.00002651,8.00000000,1
1531219393289,1531219393284,2073658,0.00002651,19.00000000,1
1531219393778,1531219393773,2073659,0.00002651,12.00000000,1
1531219394287,1531219394283,2073660,0.00002651,16.00000000,1
1531219394982,1531219394978,2073661,0.00002651,15.00000000,1
1531219395531,1531219395525,2073662,0.00002651,9.00000000,1
1531219396947,1531219396943,2073663,0.00002652,18.00000000,1
1531219397109,1531219397104,2073664,0.00002652,66.00000000,1
1531219407645,1531219407641,2073665,0.00002652,34.00000000,1
1531219429279,1531219429275,2073666,0.00002652,100.00000000,1
1531219467376,1531219467371,2073667,0.00002658,23.00000000,0
1531219467376,1531219467371,2073668,0.00002662,1594.00000000,0
1531219467452,1531219467449,2073669,0.00002662,260.00000000,1
1531219472996,1531219472992,2073670,0.00002662,89.00000000,1
1531219478285,1531219478283,2073671,0.00002662,6.00000000,1
1531219479465,1531219479459,2073672,0.00002662,344.00000000,1
1531219497620,1531219497614,2073673,0.00002662,2000.00000000,1
1531219497851,1531219497846,2073674,0.00002662,620.00000000,1
1531219509318,1531219509313,2073675,0.00002654,8.00000000,1
1531219554818,1531219554812,2073676,0.00002663,57.00000000,0
1531219554818,1531219554812,2073677,0.00002664,318.00000000,0
1531219568220,1531219568216,2073678,0.00002670,4.00000000,0
1531219578176,1531219578170,2073679,0.00002652,242.00000000,1
1531219578489,1531219578484,2073680,0.00002649,94.00000000,1
1531219590769,1531219590765,2073681,0.00002650,5.00000000,0
1531219616811,1531219616808,2073682,0.00002650,1954.00000000,0
1531219646949,1531219646944,2073683,0.00002650,3444.00000000,0
1531219649408,1531219649403,2073684,0.00002650,7.00000000,0
1531219657705,1531219657699,2073685,0.00002662,242.00000000,0
1531219657705,1531219657699,2073686,0.00002663,56.00000000,0
1531219657725,1531219657722,2073687,0.00002663,113.00000000,1
1531219657761,1531219657757,2073688,0.00002663,47.00000000,1
1531219657801,1531219657796,2073689,0.00002663,427.00000000,1
1531219661075,1531219661070,2073690,0.00002653,89.00000000,1
1531219661075,1531219661070,2073691,0.00002651,70.00000000,1
1531219661075,1531219661070,2073692,0.00002649,196.00000000,1
1531219661417,1531219661412,2073693,0.00002649,94.00000000,1
1531219689895,1531219689890,2073694,0.00002649,36.00000000,1
1531219691196,1531219691191,2073695,0.00002648,36.00000000,1
1531219698046,1531219698042,2073696,0.00002649,119.00000000,1
1531219803227,1531219803223,2073697,0.00002656,587.00000000,0
1531219834614,1531219834609,2073698,0.00002656,356.00000000,0
1531219834614,1531219834609,2073699,0.00002657,3098.00000000,0
1531219841645,1531219841639,2073700,0.00002656,119.00000000,0
1531219841645,1531219841639,2073701,0.00002657,216.00000000,0
1531219841645,1531219841639,2073702,0.00002667,77.00000000,0
1531219841645,1531219841639,2073703,0.00002670,698.00000000,0
1531219841645,1531219841639,2073704,0.00002671,56.00000000,0
1531219841645,1531219841639,2073705,0.00002673,115.00000000,0
1531219881456,1531219881451,2073706,0.00002660,256.00000000,1
1531219881456,1531219881451,2073707,0.00002659,792.00000000,1
1531219882359,1531219882354,2073708,0.00002674,64.00000000,0
1531219882432,1531219882427,2073709,0.00002674,256.00000000,1
1531219882669,1531219882663,2073710,0.00002674,16.00000000,1
1531219884937,1531219884932,2073711,0.00002661,257.00000000,1
1531219885662,1531219885656,2073712,0.00002660,791.00000000,1
1531219886667,1531219886662,2073713,0.00002659,358.00000000,1
1531219890434,1531219890427,2073714,0.00002656,56.00000000,1
1531219922986,1531219922981,2073715,0.00002651,150.00000000,1
1531219923938,1531219923933,2073716,0.00002651,227.00000000,1
1531219924172,1531219924167,2073717,0.00002651,42.00000000,1
1531219924172,1531219924167,2073718,0.00002650,267.00000000,1
1531219924172,1531219924167,2073719,0.00002649,56.00000000,1
1531219924172,1531219924167,2073720,0.00002648,27.00000000,1
1531219926335,1531219926329,2073721,0.00002649,94.00000000,1
1531219927372,1531219927367,2073722,0.00002648,60.00000000,1
1531219928807,1531219928802,2073723,0.00002648,2178.00000000,1
1531219928807,1531219928802,2073724,0.00002647,2008.00000000,1
1531219968607,1531219968603,2073725,0.00002641,56.00000000,1
1531219968607,1531219968603,2073726,0.00002632,155.00000000,1
1531220085310,1531220085305,2073727,0.00002642,58.00000000,1
1531220215477,1531220215472,2073728,0.00002654,47.00000000,0
1531220215477,1531220215472,2073729,0.00002655,56.00000000,0
1531220296976,1531220296971,2073730,0.00002656,500.00000000,1
1531220296976,1531220296971,2073731,0.00002655,2100.00000000,1
1531220297566,1531220297562,2073732,0.00002655,15942.00000000,1
1531220317306,1531220317301,2073733,0.00002656,47.00000000,0
1531220324021,1531220324015,2073734,0.00002656,1130.00000000,0
1531220328555,1531220328549,2073735,0.00002655,2008.00000000,1
1531220349974,1531220349969,2073736,0.00002656,1902.00000000,0
