event_time,trade_time,trade_id,price,quantity,maker
1531210472338,1531210472334,1605803,0.00024250,3.30000000,0
1531210475377,1531210475373,1605804,0.00024250,0.01000000,0
1531210476682,1531210476678,1605805,0.00024250,6.57000000,0
1531210476682,1531210476678,1605806,0.00024260,11.55000000,0
1531210505653,1531210505648,1605807,0.00024260,1.18000000,0
1531210514564,1531210514559,1605808,0.00024260,175.01000000,0
1531210518501,1531210518496,1605809,0.00024260,11.14000000,0
1531210552009,1531210552006,1605810,0.00024370,0.57000000,0
1531210554980,1531210554976,1605811,0.00024370,4.28000000,0
1531210554995,1531210554989,1605812,0.00024370,0.01000000,0
1531210564084,1531210564079,1605813,0.00024370,0.71000000,0
1531210594636,1531210594632,1605814,0.00024370,28.07000000,0
1531210599653,1531210599647,1605815,0.00024280,0.83000000,1
1531210632953,1531210632950,1605816,0.00024370,0.58000000,0
1531210649186,1531210649181,1605817,0.00024280,32.03000000,1
1531210684590,1531210684585,1605818,0.00024320,0.10000000,0
1531210708014,1531210708010,1605819,0.00024230,1.81000000,1
1531210716552,1531210716548,1605820,0.00024230,31.11000000,1
1531210716552,1531210716548,1605821,0.00024150,235.82000000,1
1531210716553,1531210716548,1605822,0.00024140,26.70000000,1
1531210716553,1531210716548,1605823,0.00024130,56.37000000,1
1531210832431,1531210832427,1605824,0.00024200,32.03000000,0
1531210890118,1531210890114,1605825,0.00024200,32.97000000,0
1531210912371,1531210912368,1605826,0.00024210,5.21000000,1
1531211028060,1531211028055,1605827,0.00024300,0.02000000,0
1531211255945,1531211255939,1605828,0.00024210,27.74000000,1
1531211255945,1531211255939,1605829,0.00024110,172.26000000,1
1531211442323,1531211442318,1605830,0.00024240,0.49000000,0
1531211518732,1531211518729,1605831,0.00024150,7.64000000,1
1531211544365,1531211544360,1605832,0.00024150,5.89000000,1
1531211544489,1531211544485,1605833,0.00024150,4.34000000,1
1531211625341,1531211625337,1605834,0.00024240,0.03000000,0
1531211629726,1531211629723,1605835,0.00024240,32.17000000,0
1531211714889,1531211714885,1605836,0.00024240,49.91000000,0
1531211728060,1531211728054,1605837,0.00024160,0.04000000,1
1531211735950,1531211735947,1605838,0.00024160,0.21000000,1
1531211775457,1531211775453,1605839,0.00024170,0.14000000,1
1531211797796,1531211797791,1605840,0.00024220,236.18000000,0
1531211797796,1531211797791,1605841,0.00024230,346.56000000,0
1531211800770,1531211800765,1605842,0.00024240,911.71000000,0
1531211830299,1531211830294,1605843,0.00024240,1.82000000,0
1531211843338,1531211843331,1605844,0.00024170,6.33000000,1
1531211843338,1531211843331,1605845,0.00024160,59.75000000,1
1531211843338,1531211843331,1605846,0.00024150,16.87000000,1
1531211849359,1531211849354,1605847,0.00024150,50.00000000,1
1531211898580,1531211898576,1605848,0.00024150,113.93000000,1
1531211924720,1531211924716,1605849,0.00024150,27.47000000,0
1531211926464,1531211926460,1605850,0.00024150,27.47000000,0
1531211928162,1531211928155,1605851,0.00024150,27.47000000,0
1531211929869,1531211929864,1605852,0.00024150,54.94000000,0
1531211931473,1531211931469,1605853,0.00024150,44.64000000,0
1531211931487,1531211931483,1605854,0.00024150,8.27000000,0
1531211933059,1531211933055,1605855,0.00024150,54.94000000,0
1531211934500,1531211934496,1605856,0.00024150,8.27000000,0
1531211934740,1531211934735,1605857,0.00024150,15.47000000,0
1531211936480,1531211936475,1605858,0.00024150,19.20000000,0
1531211938063,1531211938062,1605859,0.00024150,54.94000000,0
1531211939503,1531211939499,1605860,0.00024150,24.52000000,0
1531211939817,1531211939812,1605861,0.00024150,25.00000000,0
1531211940756,1531211940753,1605862,0.00024150,23.78000000,0
1531211947872,1531211947867,1605863,0.00024180,22.36000000,0
1531211948017,1531211948016,1605864,0.00024180,10.63000000,0
1531211948017,1531211948016,1605865,0.00024240,15.32000000,0
1531211950834,1531211950831,1605866,0.00024240,27.47000000,0
1531211966827,1531211966822,1605867,0.00024240,0.01000000,0
1531212066516,1531212066511,1605868,0.00024160,0.02000000,1
1531212201149,1531212201145,1605869,0.00024160,0.02000000,1
1531212278595,1531212278590,1605870,0.00024160,2.47000000,1
1531212375168,1531212375164,1605871,0.00024220,0.01000000,0
1531212386497,1531212386494,1605872,0.00024160,0.36000000,1
1531212445964,1531212445958,1605873,0.00024220,24.48000000,0
1531212455745,1531212455740,1605874,0.00024240,14.47000000,0
1531212485622,1531212485617,1605875,0.00024240,17.37000000,0
1531212495475,1531212495470,1605876,0.00024240,9.42000000,0
1531212566836,1531212566830,1605877,0.00024160,100.00000000,1
1531212587786,1531212587782,1605878,0.00024160,38.97000000,1
1531212617912,1531212617907,1605879,0.00024160,0.03000000,1
1531212673502,1531212673497,1605880,0.00024160,0.01000000,1
1531212678482,1531212678478,1605881,0.00024160,0.04000000,1
1531212792123,1531212792119,1605882,0.00024160,58.72000000,1
1531212830573,1531212830568,1605883,0.00024160,0.24000000,1
1531212901878,1531212901874,1605884,0.00024160,0.12000000,1
1531213157243,1531213157239,1605885,0.00024160,32.85000000,1
1531213219036,1531213219032,1605886,0.00024160,0.03000000,1
1531213251872,1531213251868,1605887,0.00024240,301.00000000,0
1531213324359,1531213324355,1605888,0.00024160,0.11000000,1
1531213420795,1531213420790,1605889,0.00024160,0.35000000,1
1531213500874,1531213500867,1605890,0.00024160,163.98000000,1
1531213500984,1531213500979,1605891,0.00024160,29.54000000,0
1531213536356,1531213536351,1605892,0.00024240,16.27000000,0
1531213536356,1531213536351,1605893,0.00024250,4.30000000,0
1531213537721,1531213537717,1605894,0.00024250,15.00000000,0
1531213540689,1531213540683,1605895,0.00024250,13.60000000,0
1531213542799,1531213542794,1605896,0.00024200,32.97000000,1
1531213545431,1531213545426,1605897,0.00024200,27.29000000,1
1531213555829,1531213555823,1605898,0.00024250,18.27000000,0
1531213555893,1531213555889,1605899,0.00024250,9.02000000,0
1531213555915,1531213555912,1605900,0.00024250,9.25000000,1
1531213560214,1531213560209,1605901,0.00024200,9.00000000,1
1531213560214,1531213560209,1605902,0.00024190,13.70000000,1
1531213574255,1531213574251,1605903,0.00024190,22.09000000,1
1531213652433,1531213652427,1605904,0.00024290,32.84000000,0
1531213652433,1531213652427,1605905,0.00024310,18.45000000,0
1531213652433,1531213652427,1605906,0.00024360,12.57000000,0
1531213652433,1531213652427,1605907,0.00024410,20.57000000,0
1531213652433,1531213652427,1605908,0.00024440,13.60000000,0
1531213652433,1531213652427,1605909,0.00024460,8.93000000,0
1531213652433,1531213652427,1605910,0.00024470,136.42000000,0
1531213652433,1531213652427,1605911,0.00024500,45.62000000,0
1531213663657,1531213663654,1605912,0.00024280,30.00000000,1
1531213678278,1531213678274,1605913,0.00024330,5.53000000,1
1531213700437,1531213700432,1605914,0.00024330,0.20000000,1
1531213718786,1531213718783,1605915,0.00024350,20.01000000,1
1531213722919,1531213722915,1605916,0.00024360,8.21000000,1
1531213731699,1531213731695,1605917,0.00024360,3.09000000,1
1531213731699,1531213731695,1605918,0.00024350,21.14000000,1
1531213731699,1531213731695,1605919,0.00024340,192.09000000,1
1531213731699,1531213731695,1605920,0.00024330,38.44000000,1
1531213769013,1531213769009,1605921,0.00024330,28.59000000,1
1531213771154,1531213771149,1605922,0.00024340,22.47000000,1
1531213773150,1531213773146,1605923,0.00024320,32.79000000,1
1531213862159,1531213862155,1605924,0.00024320,8.23000000,1
1531213909295,1531213909291,1605925,0.00024230,4.13000000,1
1531213948593,1531213948588,1605926,0.00024320,15.00000000,0
1531213966616,1531213966611,1605927,0.00024230,3.11000000,1
1531214014135,1531214014130,1605928,0.00024320,4.00000000,0
1531214042721,1531214042716,1605929,0.00024230,1.07000000,1
1531214063529,1531214063524,1605930,0.00024320,0.88000000,0
1531214192682,1531214192678,1605931,0.00024300,0.98000000,0
1531214219669,1531214219663,1605932,0.00024300,87.02000000,0
1531214219669,1531214219663,1605933,0.00024320,12.92000000,0
1531214243922,1531214243918,1605934,0.00024340,2.34000000,1
1531214244247,1531214244241,1605935,0.00024340,17.23000000,1
1531214296806,1531214296802,1605936,0.00024420,30.00000000,0
1531214296806,1531214296802,1605937,0.00024430,10.95000000,0
1531214345692,1531214345689,1605938,0.00024340,12.13000000,1
1531214345692,1531214345689,1605939,0.00024320,484.57000000,1
1531214347033,1531214347028,1605940,0.00024320,131.94000000,1
1531214356966,1531214356962,1605941,0.00024350,195.56000000,0
1531214383228,1531214383221,1605942,0.00024320,105.91000000,1
1531214383228,1531214383221,1605943,0.00024300,32.83000000,1
1531214383228,1531214383221,1605944,0.00024260,12.62000000,1
1531214383228,1531214383221,1605945,0.00024190,26.68000000,1
1531214383228,1531214383221,1605946,0.00024180,4.14000000,1
1531214383228,1531214383221,1605947,0.00024170,24.85000000,1
1531214383228,1531214383221,1605948,0.00024160,22.72000000,1
1531214383228,1531214383221,1605949,0.00024140,9.10000000,1
1531214383228,1531214383221,1605950,0.00024110,97.51000000,1
1531214383228,1531214383221,1605951,0.00024100,49.95000000,1
1531214392034,1531214392030,1605952,0.00024210,0.02000000,0
1531214398622,1531214398617,1605953,0.00024210,15.00000000,0
1531214406306,1531214406302,1605954,0.00024210,17.93000000,0
1531214406306,1531214406302,1605955,0.00024230,12.00000000,0
1531214406339,1531214406333,1605956,0.00024280,9.10000000,0
1531214406339,1531214406333,1605957,0.00024340,21.21000000,0
1531214407472,1531214407467,1605958,0.00024230,29.93000000,1
1531214407472,1531214407467,1605959,0.00024120,33.07000000,1
1531214407472,1531214407467,1605960,0.00024100,31.37000000,1
1531214415549,1531214415545,1605961,0.00024340,55.13000000,0
1531214417382,1531214417378,1605962,0.00024260,0.03000000,1
1531214432307,1531214432302,1605963,0.00024340,0.04000000,0
1531214437206,1531214437201,1605964,0.00024260,4.17000000,1
1531214438156,1531214438151,1605965,0.00024260,12.49000000,1
1531214441580,1531214441574,1605966,0.00024260,23.81000000,1
1531214441580,1531214441574,1605967,0.00024250,73.16000000,1
1531214441580,1531214441574,1605968,0.00024240,32.91000000,1
1531214441580,1531214441574,1605969,0.00024100,65.68000000,1
1531214488288,1531214488283,1605970,0.00024160,20.92000000,1
1531214488288,1531214488283,1605971,0.00024150,15.16000000,1
1531214488288,1531214488283,1605972,0.00024100,286.86000000,1
1531214488337,1531214488333,1605973,0.00024090,11.06000000,1
1531214488349,1531214488346,1605974,0.00024090,11.72000000,1
1531214491408,1531214491404,1605975,0.00024100,18.22000000,0
1531214498920,1531214498917,1605976,0.00024100,71.62000000,0
1531214498944,1531214498940,1605977,0.00024100,71.59000000,0
1531214523938,1531214523935,1605978,0.00024090,69.93000000,1
1531214531149,1531214531145,1605979,0.00024100,281.17000000,0
1531214531202,1531214531197,1605980,0.00024110,86.89000000,1
1531214531742,1531214531738,1605981,0.00024100,36.47000000,1
1531214578474,1531214578470,1605982,0.00024100,16.60000000,1
1531214578614,1531214578609,1605983,0.00024100,15.00000000,1
1531214579991,1531214579986,1605984,0.00024100,15.16000000,1
1531214579991,1531214579986,1605985,0.00024090,31.60000000,1
1531214585511,1531214585507,1605986,0.00024130,52.56000000,0
1531214598408,1531214598405,1605987,0.00024130,8.60000000,1
1531214690109,1531214690106,1605988,0.00024240,0.01000000,0
1531214795702,1531214795698,1605989,0.00024090,9.13000000,1
1531214880538,1531214880532,1605990,0.00024100,25.34000000,1
1531214880538,1531214880532,1605991,0.00024090,4.63000000,1
1531214899628,1531214899623,1605992,0.00024090,80.00000000,1
1531214920754,1531214920750,1605993,0.00024230,0.01000000,0
1531214961970,1531214961967,1605994,0.00024090,12.58000000,1
1531214981693,1531214981689,1605995,0.00024090,16.40000000,1
1531214983814,1531214983810,1605996,0.00024090,46.49000000,0
1531215004035,1531215004031,1605997,0.00024090,0.20000000,1
1531215057943,1531215057938,1605998,0.00024090,50.00000000,1
1531215100864,1531215100858,1605999,0.00024050,40.00000000,1
1531215100864,1531215100858,1606000,0.00024040,40.00000000,1
1531215100864,1531215100858,1606001,0.00024030,122.11000000,1
1531215100864,1531215100858,1606002,0.00024020,244.10000000,1
1531215100864,1531215100858,1606003,0.00024010,984.30000000,1
1531215101050,1531215101045,1606004,0.00024110,51.04000000,0
1531215108639,1531215108633,1606005,0.00024110,35.59000000,1
1531215135593,1531215135590,1606006,0.00024000,82.44000000,1
1531215206837,1531215206833,1606007,0.00024160,0.02000000,0
1531215300150,1531215300145,1606008,0.00024010,7.38000000,1
1531215308101,1531215308097,1606009,0.00024010,0.02000000,1
1531215371393,1531215371389,1606010,0.00024160,0.08000000,0
1531215386076,1531215386072,1606011,0.00024010,0.57000000,1
1531215386610,1531215386606,1606012,0.00024160,41.39000000,0
1531215386850,1531215386846,1606013,0.00024160,41.39000000,0
1531215398712,1531215398708,1606014,0.00024160,0.78000000,0
1531215455528,1531215455524,1606015,0.00024040,0.16000000,1
1531215524655,1531215524650,1606016,0.00024040,5.88000000,1
1531215575896,1531215575893,1606017,0.00024070,7.97000000,0
1531215610386,1531215610381,1606018,0.00024080,25.33000000,0
1531215610386,1531215610381,1606019,0.00024120,21.43000000,0
1531215610593,1531215610589,1606020,0.00024120,11.64000000,0
1531215610593,1531215610589,1606021,0.00024160,21.43000000,0
1531215610694,1531215610691,1606022,0.00024160,15.00000000,0
1531215613700,1531215613695,1606023,0.00024160,7.78000000,0
1531215613700,1531215613695,1606024,0.00024250,17.55000000,0
1531215626992,1531215626987,1606025,0.00024220,0.03000000,0
1531215667963,1531215667960,1606026,0.00024130,6.18000000,1
1531215715643,1531215715639,1606027,0.00024200,15.00000000,0
1531215763877,1531215763873,1606028,0.00024220,41.28000000,0
1531215819795,1531215819791,1606029,0.00024220,0.01000000,0
1531215872951,1531215872946,1606030,0.00024160,0.06000000,1
1531215881725,1531215881721,1606031,0.00024160,0.03000000,1
1531216210568,1531216210564,1606032,0.00024160,0.77000000,1
1531216258816,1531216258811,1606033,0.00024220,15.00000000,0
1531216295154,1531216295150,1606034,0.00024220,1.12000000,0
1531216298790,1531216298786,1606035,0.00024220,20.39000000,1
1531216342194,1531216342189,1606036,0.00024230,0.05000000,1
1531216350283,1531216350278,1606037,0.00024250,0.01000000,0
1531216474576,1531216474570,1606038,0.00024170,1.15000000,1
1531216487708,1531216487704,1606039,0.00024250,5.16000000,0
1531216487708,1531216487704,1606040,0.00024260,32.88000000,0
1531216487708,1531216487704,1606041,0.00024340,3.19000000,0
1531216488761,1531216488756,1606042,0.00024340,41.23000000,0
1531216490677,1531216490672,1606043,0.00024180,0.49000000,1
1531216502673,1531216502668,1606044,0.00024310,1.00000000,0
1531216535133,1531216535129,1606045,0.00024230,93.56000000,1
1531216537915,1531216537910,1606046,0.00024230,0.01000000,0
1531216547691,1531216547685,1606047,0.00024220,78.38000000,1
1531216547691,1531216547685,1606048,0.00024210,32.95000000,1
1531216547691,1531216547685,1606049,0.00024180,153.35000000,1
1531216547691,1531216547685,1606050,0.00024100,24.91000000,1
1531216547691,1531216547685,1606051,0.00024010,116.84000000,1
1531216547769,1531216547765,1606052,0.00024010,83.92000000,1
1531216555871,1531216555867,1606053,0.00024270,0.02000000,0
1531216588375,1531216588372,1606054,0.00024130,0.43000000,1
1531216588882,1531216588878,1606055,0.00024130,0.10000000,1
1531216598929,1531216598924,1606056,0.00024130,12.56000000,1
1531216624376,1531216624370,1606057,0.00024200,191.66000000,0
1531216624376,1531216624370,1606058,0.00024210,41.69000000,0
1531216624376,1531216624370,1606059,0.00024230,32.92000000,0
1531216624376,1531216624370,1606060,0.00024270,4.56000000,0
1531216624376,1531216624370,1606061,0.00024340,29.54000000,0
1531216624376,1531216624370,1606062,0.00024360,18.41000000,0
1531216624376,1531216624370,1606063,0.00024380,12.31000000,0
1531216624376,1531216624370,1606064,0.00024460,4.14000000,0
1531216624376,1531216624370,1606065,0.00024470,12.62000000,0
1531216624376,1531216624370,1606066,0.00024490,8.58000000,0
1531216624376,1531216624370,1606067,0.00024500,34.00000000,0
1531216624376,1531216624370,1606068,0.00024510,35.81000000,0
1531216624376,1531216624370,1606069,0.00024530,71.36000000,0
1531216624470,1531216624466,1606070,0.00024530,1.99000000,0
1531216624470,1531216624466,1606071,0.00024550,20.59000000,0
1531216624470,1531216624466,1606072,0.00024580,0.42000000,0
1531216650662,1531216650657,1606073,0.00024300,4.52000000,1
1531216650903,1531216650899,1606074,0.00024300,32.84000000,1
1531216655805,1531216655801,1606075,0.00024300,0.16000000,0
1531216656484,1531216656481,1606076,0.00024310,20.56000000,1
1531216657574,1531216657570,1606077,0.00024230,8.25000000,1
1531216657574,1531216657570,1606078,0.00024210,4.18000000,1
1531216657574,1531216657570,1606079,0.00024200,9.32000000,1
1531216657574,1531216657570,1606080,0.00024140,24.87000000,1
1531216657585,1531216657580,1606081,0.00024130,248.68000000,0
1531216657595,1531216657590,1606082,0.00024130,143.43000000,0
1531216657608,1531216657603,1606083,0.00024080,143.43000000,1
1531216657612,1531216657608,1606084,0.00024130,76.47000000,0
1531216657623,1531216657618,1606085,0.00024130,143.43000000,0
1531216657928,1531216657923,1606086,0.00024130,61.01000000,0
1531216658300,1531216658295,1606087,0.00024130,80.11000000,0
1531216658392,1531216658388,1606088,0.00024130,0.25000000,0
1531216658415,1531216658411,1606089,0.00024260,80.09000000,1
1531216658417,1531216658413,1606090,0.00024260,0.01000000,1
1531216658425,1531216658422,1606091,0.00024080,6.99000000,1
1531216659192,1531216659187,1606092,0.00024220,32.94000000,1
1531216660223,1531216660219,1606093,0.00024110,71.07000000,0
1531216660727,1531216660723,1606094,0.00024100,37.67000000,1
1531216661364,1531216661358,1606095,0.00024110,35.60000000,1
1531216677068,1531216677065,1606096,0.00024180,0.02000000,0
1531216677805,1531216677800,1606097,0.00024150,33.03000000,1
1531216684312,1531216684309,1606098,0.00024040,30.00000000,1
1531216697005,1531216696999,1606099,0.00024040,25.01000000,1
1531216697030,1531216697026,1606100,0.00024050,10.57000000,0
1531216698110,1531216698106,1606101,0.00024050,10.44000000,1
1531216698367,1531216698362,1606102,0.00024060,9.35000000,0
1531216700637,1531216700632,1606103,0.00024110,31.00000000,0
1531216717162,1531216717157,1606104,0.00024150,4.80000000,0
1531216717162,1531216717157,1606105,0.00024170,28.21000000,0
1531216720219,1531216720216,1606106,0.00024090,16.78000000,0
1531216817385,1531216817382,1606107,0.00024090,12.36000000,1
1531216818443,1531216818440,1606108,0.00024050,0.03000000,1
1531216866505,1531216866500,1606109,0.00024040,4.53000000,1
1531216877924,1531216877921,1606110,0.00024070,20.65000000,0
1531216896396,1531216896393,1606111,0.00024070,44.34000000,1
1531216979865,1531216979861,1606112,0.00024100,21.04000000,0
1531216979865,1531216979861,1606113,0.00024110,11.91000000,0
1531216980876,1531216980871,1606114,0.00024110,64.56000000,0
1531216980876,1531216980871,1606115,0.00024130,33.06000000,0
1531216980876,1531216980871,1606116,0.00024330,150.27000000,0
1531216980876,1531216980871,1606117,0.00024340,16.44000000,0
1531216984807,1531216984800,1606118,0.00024440,9.35000000,0
1531216984807,1531216984800,1606119,0.00024450,24.18000000,0
1531216984807,1531216984800,1606120,0.00024470,206.51000000,0
1531216984807,1531216984800,1606121,0.00024540,69.93000000,0
1531216984807,1531216984800,1606122,0.00024550,20.56000000,0
1531216984807,1531216984800,1606123,0.00024560,69.48000000,0
1531216984807,1531216984800,1606124,0.00024580,71.81000000,0
1531216986348,1531216986344,1606125,0.00024200,0.11000000,1
1531216986380,1531216986373,1606126,0.00024580,427.14000000,0
1531216986380,1531216986373,1606127,0.00024600,31.70000000,0
1531216986380,1531216986373,1606128,0.00024630,44.82000000,0
1531216986380,1531216986373,1606129,0.00024640,182.64000000,0
1531216986380,1531216986373,1606130,0.00024650,21.88000000,0
1531216986380,1531216986373,1606131,0.00024660,46.86000000,0
1531216986380,1531216986373,1606132,0.00024670,238.87000000,0
1531216987189,1531216987185,1606133,0.00024570,20.00000000,0
1531216987189,1531216987185,1606134,0.00024670,359.21000000,0
1531216987379,1531216987371,1606135,0.00024670,425.18000000,0
1531216987379,1531216987371,1606136,0.00024710,10.63000000,0
1531216987379,1531216987371,1606137,0.00024720,40.58000000,0
1531216987379,1531216987371,1606138,0.00024740,32.71000000,0
1531216987379,1531216987371,1606139,0.00024750,18.30000000,0
1531216987379,1531216987371,1606140,0.00024800,43.23000000,0
1531216987379,1531216987371,1606141,0.00024810,140.00000000,0
1531216987379,1531216987371,1606142,0.00024820,161.59000000,0
1531216987379,1531216987371,1606143,0.00024850,95.97000000,0
1531216987379,1531216987371,1606144,0.00024870,10.06000000,0
1531216987379,1531216987371,1606145,0.00024900,16.36000000,0
1531216987379,1531216987371,1606146,0.00024910,22.47000000,0
1531216987852,1531216987847,1606147,0.00024570,4.87000000,1
1531216988628,1531216988622,1606148,0.00024280,0.86000000,1
1531216988653,1531216988647,1606149,0.00024490,4.87000000,0
1531216988653,1531216988647,1606150,0.00024570,4.87000000,0
1531216988653,1531216988647,1606151,0.00024890,29.07000000,0
1531216988653,1531216988647,1606152,0.00024910,33.57000000,0
1531216988653,1531216988647,1606153,0.00024930,555.56000000,0
1531216989476,1531216989472,1606154,0.00024940,9.74000000,0
1531216990374,1531216990370,1606155,0.00024650,62.00000000,1
1531216990469,1531216990464,1606156,0.00024650,30.85000000,1
1531216990626,1531216990622,1606157,0.00024920,92.85000000,0
1531216990626,1531216990622,1606158,0.00024930,289.69000000,0
1531216990920,1531216990915,1606159,0.00024640,29.07000000,1
1531216991026,1531216991021,1606160,0.00024640,2.93000000,0
1531216991220,1531216991216,1606161,0.00024640,5.83000000,1
1531216992006,1531216992000,1606162,0.00024640,5.17000000,0
1531216992006,1531216992000,1606163,0.00024940,990.26000000,0
1531216992006,1531216992000,1606164,0.00024950,7.74000000,0
1531216993055,1531216993051,1606165,0.00024950,1014.61000000,0
1531216993264,1531216993258,1606166,0.00024670,20.26000000,1
1531216993757,1531216993753,1606167,0.00024670,10.74000000,0
1531216994264,1531216994259,1606168,0.00024680,4.87000000,1
1531216994359,1531216994355,1606169,0.00024680,57.00000000,1
1531216994370,1531216994366,1606170,0.00024680,47.00000000,1
1531216994518,1531216994515,1606171,0.00024940,20.26000000,0
1531216994518,1531216994515,1606172,0.00024950,726.18000000,0
1531216995095,1531216995091,1606173,0.00024950,633.29000000,0
1531216995176,1531216995172,1606174,0.00024950,76.32000000,0
1531216995518,1531216995514,1606175,0.00024940,10.74000000,0
1531216995518,1531216995514,1606176,0.00024950,359.14000000,0
1531216996252,1531216996246,1606177,0.00024950,207.12000000,0
1531216996252,1531216996246,1606178,0.00024980,55.78000000,0
1531216997041,1531216997035,1606179,0.00024990,35.47000000,0
1531216997041,1531216997035,1606180,0.00025000,377.59000000,0
1531216997041,1531216997035,1606181,0.00025050,38.43000000,0
1531216997041,1531216997035,1606182,0.00025070,3.99000000,0
1531216997041,1531216997035,1606183,0.00025080,111.51000000,0
1531216997041,1531216997035,1606184,0.00025120,40.97000000,0
1531216998320,1531216998317,1606185,0.00025010,25.00000000,0
1531216998320,1531216998317,1606186,0.00025090,27.74000000,0
1531216998619,1531216998615,1606187,0.00024720,0.31000000,1
1531216999187,1531216999183,1606188,0.00025110,18.13000000,0
1531216999434,1531216999429,1606189,0.00025110,1.87000000,0
1531216999434,1531216999429,1606190,0.00025120,50.87000000,0
1531217000609,1531217000604,1606191,0.00025120,6.05000000,0
1531217001338,1531217001334,1606192,0.00024770,19.77000000,0
1531217001622,1531217001615,1606193,0.00024770,5.21000000,1
1531217001622,1531217001615,1606194,0.00024740,155.40000000,1
1531217001622,1531217001615,1606195,0.00024730,25.02000000,1
1531217001622,1531217001615,1606196,0.00024710,16.08000000,1
1531217001622,1531217001615,1606197,0.00024570,74.94000000,1
1531217001622,1531217001615,1606198,0.00024550,181.46000000,1
1531217001622,1531217001615,1606199,0.00024540,24.99000000,1
1531217001622,1531217001615,1606200,0.00024490,16.16000000,1
1531217001622,1531217001615,1606201,0.00024460,288.80000000,1
1531217001622,1531217001615,1606202,0.00024390,186.02000000,1
1531217001736,1531217001731,1606203,0.00024440,12.27000000,1
1531217001736,1531217001731,1606204,0.00024400,20.49000000,1
1531217001736,1531217001731,1606205,0.00024390,94.63000000,1
1531217001947,1531217001944,1606206,0.00024520,20.49000000,1
1531217001977,1531217001972,1606207,0.00024680,12.27000000,0
1531217001977,1531217001972,1606208,0.00025110,161.42000000,0
1531217001977,1531217001972,1606209,0.00025120,653.51000000,0
1531217002098,1531217002094,1606210,0.00024400,20.46000000,1
1531217002529,1531217002524,1606211,0.00024480,391.83000000,1
1531217002529,1531217002524,1606212,0.00024400,237.19000000,1
1531217002529,1531217002524,1606213,0.00024390,345.06000000,1
1531217002608,1531217002604,1606214,0.00024660,25.06000000,0
1531217002759,1531217002756,1606215,0.00024660,4.02000000,0
1531217002764,1531217002759,1606216,0.00024660,4.02000000,0
1531217002925,1531217002913,1606217,0.00024490,197.37000000,1
1531217002925,1531217002913,1606218,0.00024390,4.87000000,1
1531217002925,1531217002913,1606219,0.00024380,16.24000000,1
1531217002925,1531217002913,1606220,0.00024370,38.18000000,1
1531217002925,1531217002913,1606221,0.00024360,60.54000000,1
1531217002925,1531217002913,1606222,0.00024350,49.57000000,1
1531217002925,1531217002913,1606223,0.00024340,52.46000000,1
1531217002925,1531217002913,1606224,0.00024330,43.93000000,1
1531217002925,1531217002913,1606225,0.00024320,37.42000000,1
1531217002925,1531217002913,1606226,0.00024300,25.21000000,1
1531217002925,1531217002913,1606227,0.00024280,150.47000000,1
1531217002925,1531217002913,1606228,0.00024270,20.57000000,1
1531217002925,1531217002913,1606229,0.00024230,107.44000000,1
1531217002949,1531217002945,1606230,0.00024660,24.98000000,0
1531217002963,1531217002959,1606231,0.00024660,4.02000000,0
1531217002969,1531217002965,1606232,0.00024660,24.98000000,0
1531217003029,1531217003024,1606233,0.00024660,4.02000000,0
1531217003096,1531217003093,1606234,0.00024660,8.04000000,0
1531217003188,1531217003180,1606235,0.00024540,60.52000000,1
1531217003188,1531217003180,1606236,0.00024230,99.07000000,1
1531217003188,1531217003180,1606237,0.00024210,114.51000000,1
1531217003188,1531217003180,1606238,0.00024200,4.11000000,1
1531217003188,1531217003180,1606239,0.00024190,143.34000000,1
1531217003188,1531217003180,1606240,0.00024180,6.19000000,1
1531217003188,1531217003180,1606241,0.00024170,208.86000000,1
1531217003188,1531217003180,1606242,0.00024150,337.48000000,1
1531217003307,1531217003301,1606243,0.00024570,16.24000000,0
1531217003307,1531217003301,1606244,0.00024660,59.38000000,0
1531217003307,1531217003301,1606245,0.00024670,197.62000000,0
1531217003307,1531217003301,1606246,0.00024760,102.24000000,0
1531217003342,1531217003338,1606247,0.00024650,0.04000000,0
1531217003363,1531217003360,1606248,0.00024510,0.04000000,0
1531217004010,1531217004004,1606249,0.00024400,12.67000000,0
1531217004010,1531217004004,1606250,0.00024440,4.22000000,0
1531217004010,1531217004005,1606251,0.00024500,0.04000000,0
1531217004020,1531217004015,1606252,0.00024500,0.44000000,0
1531217004117,1531217004111,1606253,0.00024500,0.04000000,0
1531217004243,1531217004238,1606254,0.00024500,170.69000000,0
1531217004243,1531217004238,1606255,0.00024510,254.60000000,0
1531217005059,1531217005050,1606256,0.00024490,52.31000000,0
1531217005059,1531217005050,1606257,0.00024500,73.05000000,0
1531217005059,1531217005050,1606258,0.00024520,43.93000000,0
1531217005059,1531217005050,1606259,0.00024530,52.46000000,0
1531217005059,1531217005050,1606260,0.00024540,49.57000000,0
1531217005059,1531217005050,1606261,0.00024550,65.41000000,0
1531217005059,1531217005050,1606262,0.00024560,38.18000000,0
1531217005059,1531217005050,1606263,0.00024630,133.67000000,0
1531217005059,1531217005050,1606264,0.00024650,62.66000000,0
1531217006040,1531217006035,1606265,0.00024640,246.60000000,0
1531217006040,1531217006035,1606266,0.00024650,346.41000000,0
1531217006040,1531217006035,1606267,0.00024720,24.46000000,0
1531217006040,1531217006035,1606268,0.00024750,4.05000000,0
1531217006040,1531217006035,1606269,0.00024760,64.30000000,0
1531217006053,1531217006048,1606270,0.00024760,122.26000000,0
1531217006053,1531217006048,1606271,0.00024790,25.02000000,0
1531217006053,1531217006048,1606272,0.00024810,24.17000000,0
1531217006142,1531217006138,1606273,0.00024480,101.84000000,1
1531217006154,1531217006149,1606274,0.00024480,37.18000000,1
1531217006785,1531217006779,1606275,0.00024490,125.12000000,1
1531217006785,1531217006779,1606276,0.00024480,80.66000000,1
1531217006785,1531217006779,1606277,0.00024470,153.00000000,1
1531217006785,1531217006779,1606278,0.00024420,10.24000000,1
1531217006785,1531217006779,1606279,0.00024300,4.12000000,1
1531217006785,1531217006779,1606280,0.00024290,38.77000000,1
1531217006876,1531217006871,1606281,0.00024670,63.73000000,1
1531217006876,1531217006871,1606282,0.00024300,167.70000000,1
1531217006876,1531217006871,1606283,0.00024290,266.36000000,1
1531217007127,1531217007122,1606284,0.00024340,12.33000000,1
1531217007127,1531217007122,1606285,0.00024300,300.00000000,1
1531217007127,1531217007122,1606286,0.00024290,21.17000000,1
1531217007127,1531217007122,1606287,0.00024270,8.26000000,1
1531217007127,1531217007122,1606288,0.00024250,4.13000000,1
1531217007127,1531217007122,1606289,0.00024240,60.86000000,1
1531217007444,1531217007439,1606290,0.00024260,185.24000000,1
1531217007444,1531217007439,1606291,0.00024240,9.26000000,1
1531217007519,1531217007514,1606292,0.00024480,14.90000000,1
1531217007519,1531217007514,1606293,0.00024240,179.60000000,1
1531217007765,1531217007760,1606294,0.00024320,110.57000000,1
1531217007765,1531217007760,1606295,0.00024250,70.22000000,1
1531217007765,1531217007760,1606296,0.00024240,80.42000000,1
1531217007765,1531217007760,1606297,0.00024190,4.26000000,1
1531217007786,1531217007782,1606298,0.00024160,3.80000000,0
1531217007936,1531217007932,1606299,0.00024560,125.12000000,0
1531217007936,1531217007932,1606300,0.00024570,51.42000000,0
1531217008391,1531217008385,1606301,0.00024230,165.08000000,1
1531217008391,1531217008385,1606302,0.00024200,12.37000000,1
1531217008391,1531217008385,1606303,0.00024150,91.83000000,1
1531217008437,1531217008433,1606304,0.00024290,146.91000000,0
1531217008479,1531217008476,1606305,0.00024380,12.25000000,0
1531217009123,1531217009119,1606306,0.00024380,42.86000000,0
1531217009776,1531217009769,1606307,0.00024370,19.94000000,0
1531217009776,1531217009769,1606308,0.00024380,130.13000000,0
1531217009776,1531217009769,1606309,0.00024390,12.37000000,0
1531217009776,1531217009769,1606310,0.00024430,4.26000000,0
1531217009776,1531217009769,1606311,0.00024480,194.28000000,0
1531217009776,1531217009769,1606312,0.00024500,25.02000000,0
1531217009776,1531217009769,1606313,0.00024550,300.00000000,0
1531217009776,1531217009769,1606314,0.00024570,43.83000000,0
1531217009776,1531217009769,1606315,0.00024580,12.33000000,0
1531217009776,1531217009769,1606316,0.00024640,236.22000000,0
1531217010191,1531217010187,1606317,0.00024360,41.05000000,0
1531217010462,1531217010458,1606318,0.00024360,38.70000000,0
1531217011592,1531217011587,1606319,0.00024540,95.26000000,0
1531217011592,1531217011587,1606320,0.00024550,33.93000000,0
1531217011592,1531217011587,1606321,0.00024570,12.25000000,0
1531217011592,1531217011587,1606322,0.00024640,154.45000000,0
1531217012865,1531217012859,1606323,0.00024330,11.24000000,1
1531217012865,1531217012859,1606324,0.00024310,87.69000000,1
1531217013179,1531217013174,1606325,0.00024310,193.72000000,1
1531217013179,1531217013174,1606326,0.00024300,728.16000000,1
1531217013229,1531217013225,1606327,0.00024300,147.28000000,1
1531217013553,1531217013545,1606328,0.00024530,54.92000000,0
1531217013553,1531217013545,1606329,0.00024540,21.05000000,0
1531217013553,1531217013545,1606330,0.00024550,36.33000000,0
1531217013553,1531217013545,1606331,0.00024630,16.22000000,0
1531217013553,1531217013545,1606332,0.00024650,4.50000000,0
1531217013553,1531217013545,1606333,0.00024790,167.70000000,0
1531217013553,1531217013545,1606334,0.00024800,38.73000000,0
1531217013553,1531217013545,1606335,0.00024810,16.97000000,0
1531217013553,1531217013545,1606336,0.00024830,82.61000000,0
1531217013553,1531217013545,1606337,0.00024880,4.06000000,0
1531217013553,1531217013545,1606338,0.00024990,68.59000000,0
1531217013553,1531217013545,1606339,0.00025020,74.94000000,0
1531217013553,1531217013545,1606340,0.00025040,6.19000000,0
1531217013553,1531217013545,1606341,0.00025120,175.91000000,0
1531217013863,1531217013857,1606342,0.00024520,43.68000000,0
1531217014171,1531217014168,1606343,0.00024520,79.82000000,0
1531217014830,1531217014825,1606344,0.00024520,157.91000000,0
1531217014830,1531217014825,1606345,0.00025030,593.08000000,0
1531217014837,1531217014831,1606346,0.00024350,36.26000000,1
1531217014837,1531217014831,1606347,0.00024340,329.23000000,1
1531217014837,1531217014831,1606348,0.00024320,504.31000000,1
1531217015181,1531217015178,1606349,0.00024650,239.07000000,1
1531217015181,1531217015178,1606350,0.00024640,27.74000000,1
1531217015557,1531217015553,1606351,0.00024650,20.28000000,1
1531217015557,1531217015553,1606352,0.00024640,298.66000000,1
1531217015753,1531217015748,1606353,0.00024640,194.36000000,1
1531217015753,1531217015748,1606354,0.00024590,157.91000000,1
1531217015753,1531217015748,1606355,0.00024360,84.78000000,1
1531217015753,1531217015748,1606356,0.00024320,292.74000000,1
1531217015797,1531217015793,1606357,0.00024330,220.15000000,1
1531217015797,1531217015793,1606358,0.00024320,16.32000000,1
1531217015884,1531217015880,1606359,0.00024320,46.96000000,1
1531217016359,1531217016354,1606360,0.00024380,393.19000000,1
1531217016359,1531217016354,1606361,0.00024360,4.52000000,1
1531217016359,1531217016354,1606362,0.00024320,39.30000000,1
1531217016359,1531217016354,1606363,0.00024300,128.59000000,1
1531217016359,1531217016354,1606364,0.00024260,105.90000000,1
1531217016399,1531217016394,1606365,0.00024530,25.04000000,0
1531217016675,1531217016670,1606366,0.00024820,130.54000000,1
1531217016675,1531217016670,1606367,0.00024810,42.03000000,1
1531217016685,1531217016681,1606368,0.00024810,16.73000000,1
1531217016843,1531217016838,1606369,0.00024810,9.00000000,1
1531217017205,1531217017200,1606370,0.00024990,25.04000000,0
1531217017745,1531217017741,1606371,0.00024810,16.80000000,1
1531217017745,1531217017741,1606372,0.00024660,62.74000000,1
1531217017745,1531217017741,1606373,0.00024360,14.41000000,1
1531217018042,1531217018038,1606374,0.00024530,4.52000000,1
1531217018258,1531217018254,1606375,0.00024580,12.21000000,0
1531217018367,1531217018362,1606376,0.00024860,130.54000000,0
1531217018367,1531217018362,1606377,0.00024870,393.19000000,0
1531217018367,1531217018362,1606378,0.00024980,248.19000000,0
1531217018367,1531217018362,1606379,0.00024990,64.70000000,0
1531217018419,1531217018415,1606380,0.00024810,10.32000000,1
1531217018419,1531217018415,1606381,0.00024530,19.68000000,1
1531217018896,1531217018891,1606382,0.00024580,4.07000000,0
1531217020232,1531217020227,1606383,0.00024970,9.89000000,0
1531217020232,1531217020227,1606384,0.00024980,247.64000000,0
1531217020276,1531217020271,1606385,0.00024690,4.11000000,1
1531217020402,1531217020397,1606386,0.00024690,10.17000000,1
1531217020569,1531217020564,1606387,0.00024690,4.11000000,1
1531217021063,1531217021059,1606388,0.00024690,4.12000000,1
1531217021569,1531217021563,1606389,0.00024690,293.93000000,1
1531217021569,1531217021563,1606390,0.00024680,26.83000000,1
1531217021569,1531217021563,1606391,0.00024530,1.03000000,1
1531217021569,1531217021563,1606392,0.00024500,34.50000000,1
1531217021569,1531217021563,1606393,0.00024410,171.82000000,1
1531217021569,1531217021563,1606394,0.00024400,25.37000000,1
1531217021569,1531217021563,1606395,0.00024380,171.12000000,1
1531217021569,1531217021563,1606396,0.00024370,6.40000000,1
1531217021670,1531217021665,1606397,0.00024570,25.37000000,0
1531217021670,1531217021665,1606398,0.00024950,149.33000000,0
1531217021670,1531217021665,1606399,0.00024960,1.85000000,0
1531217021702,1531217021698,1606400,0.00024370,26.61000000,1
1531217021887,1531217021882,1606401,0.00024370,115.38000000,1
1531217021887,1531217021882,1606402,0.00024360,485.70000000,1
1531217021965,1531217021961,1606403,0.00024430,29.57000000,1
1531217021965,1531217021961,1606404,0.00024360,101.97000000,1
1531217022084,1531217022080,1606405,0.00024700,9.00000000,0
1531217022242,1531217022237,1606406,0.00024430,24.71000000,1
1531217022242,1531217022237,1606407,0.00024390,6.13000000,1
1531217022242,1531217022237,1606408,0.00024360,325.45000000,1
1531217022365,1531217022357,1606409,0.00024510,4.12000000,0
1531217022365,1531217022357,1606410,0.00024620,29.57000000,0
1531217022365,1531217022357,1606411,0.00024700,16.23000000,0
1531217022365,1531217022357,1606412,0.00024780,180.82000000,0
1531217022365,1531217022357,1606413,0.00024860,136.21000000,0
1531217022365,1531217022357,1606414,0.00024960,251.49000000,0
1531217022365,1531217022357,1606415,0.00024970,272.64000000,0
1531217022588,1531217022584,1606416,0.00024560,4.85000000,0
1531217022597,1531217022591,1606417,0.00024430,28.75000000,1
1531217022703,1531217022699,1606418,0.00024530,12.15000000,1
1531217022852,1531217022847,1606419,0.00024560,7.33000000,0
1531217022852,1531217022847,1606420,0.00024610,23.57000000,0
1531217023091,1531217023085,1606421,0.00024540,20.37000000,1
1531217023091,1531217023085,1606422,0.00024530,9.42000000,1
1531217023091,1531217023085,1606423,0.00024430,17.42000000,1
1531217023091,1531217023085,1606424,0.00024420,25.35000000,1
1531217023091,1531217023085,1606425,0.00024360,105.55000000,1
1531217023314,1531217023308,1606426,0.00024600,9.37000000,0
1531217023314,1531217023308,1606427,0.00024610,10.63000000,0
1531217023347,1531217023340,1606428,0.00024370,8.61000000,1
1531217023347,1531217023340,1606429,0.00024360,99.52000000,1
1531217023347,1531217023340,1606430,0.00024330,16.27000000,1
1531217023347,1531217023340,1606431,0.00024320,16.25000000,1
1531217023470,1531217023466,1606432,0.00024320,208.27000000,1
1531217023470,1531217023466,1606433,0.00024280,25.46000000,1
1531217023470,1531217023466,1606434,0.00024270,8.29000000,1
1531217023470,1531217023466,1606435,0.00024260,43.07000000,1
1531217023567,1531217023563,1606436,0.00024460,75.93000000,1
1531217023664,1531217023660,1606437,0.00024590,25.35000000,0
1531217023664,1531217023660,1606438,0.00024610,96.53000000,0
1531217023740,1531217023736,1606439,0.00024480,138.05000000,0
1531217023800,1531217023795,1606440,0.00024550,19.09000000,0
1531217023893,1531217023889,1606441,0.00024550,12.18000000,0
1531217023898,1531217023894,1606442,0.00024480,25.46000000,1
1531217024008,1531217024003,1606443,0.00024550,35.75000000,0
1531217024171,1531217024165,1606444,0.00024460,31.54000000,1
1531217024171,1531217024165,1606445,0.00024450,144.23000000,1
1531217024171,1531217024165,1606446,0.00024440,4.51000000,1
1531217024171,1531217024165,1606447,0.00024420,25.35000000,1
1531217024171,1531217024165,1606448,0.00024390,266.93000000,1
1531217024189,1531217024184,1606449,0.00024490,9.68000000,0
1531217024499,1531217024495,1606450,0.00024390,38.10000000,1
1531217024590,1531217024585,1606451,0.00024410,144.24000000,1
1531217024590,1531217024585,1606452,0.00024390,162.54000000,1
1531217024590,1531217024585,1606453,0.00024360,12.19000000,1
1531217024590,1531217024585,1606454,0.00024340,229.11000000,1
1531217024590,1531217024585,1606455,0.00024330,197.00000000,1
1531217025013,1531217025008,1606456,0.00024550,12.19000000,0
1531217025253,1531217025244,1606457,0.00024400,114.96000000,1
1531217025253,1531217025244,1606458,0.00024320,17.05000000,1
1531217025253,1531217025244,1606459,0.00024290,18.34000000,1
1531217025253,1531217025244,1606460,0.00024210,17.58000000,1
1531217025253,1531217025244,1606461,0.00024180,4.30000000,1
1531217025253,1531217025244,1606462,0.00024170,12.93000000,1
1531217025253,1531217025244,1606463,0.00024150,21.36000000,1
1531217025253,1531217025244,1606464,0.00024140,12.30000000,1
1531217025253,1531217025244,1606465,0.00024130,25.02000000,1
1531217025253,1531217025244,1606466,0.00024120,25.61000000,1
1531217025254,1531217025244,1606467,0.00024110,4.15000000,1
1531217025254,1531217025244,1606468,0.00024100,55.56000000,1
1531217025254,1531217025244,1606469,0.00024090,75.31000000,1
1531217025254,1531217025244,1606470,0.00024070,135.01000000,1
1531217025254,1531217025244,1606471,0.00024060,8.31000000,1
1531217025254,1531217025244,1606472,0.00024050,323.51000000,1
1531217025354,1531217025348,1606473,0.00024580,197.00000000,0
1531217025354,1531217025348,1606474,0.00024590,154.12000000,0
1531217025354,1531217025348,1606475,0.00024600,546.99000000,0
1531217025705,1531217025701,1606476,0.00024420,13.14000000,1
1531217025709,1531217025704,1606477,0.00024420,13.12000000,1
1531217025800,1531217025793,1606478,0.00024420,11.90000000,1
1531217025817,1531217025813,1606479,0.00024500,17.05000000,0
1531217025867,1531217025862,1606480,0.00024420,4.30000000,1
1531217025998,1531217025993,1606481,0.00024420,12.29000000,1
1531217026020,1531217026016,1606482,0.00024420,12.30000000,1
1531217026055,1531217026051,1606483,0.00024550,24.85000000,0
1531217026082,1531217026077,1606484,0.00024430,17.57000000,1
1531217026082,1531217026077,1606485,0.00024420,0.01000000,1
1531217026201,1531217026195,1606486,0.00024430,13.11000000,0
1531217026339,1531217026331,1606487,0.00024580,229.11000000,0
1531217026339,1531217026331,1606488,0.00024590,248.37000000,0
1531217026339,1531217026331,1606489,0.00024600,380.54000000,0
1531217026339,1531217026331,1606490,0.00024620,71.35000000,0
1531217026339,1531217026331,1606491,0.00024670,20.37000000,0
1531217026339,1531217026331,1606492,0.00024690,11.60000000,0
1531217026339,1531217026331,1606493,0.00024760,54.92000000,0
1531217026450,1531217026445,1606494,0.00024680,8.22000000,0
1531217026851,1531217026846,1606495,0.00024430,16.60000000,1
1531217027045,1531217027041,1606496,0.00024590,40.03000000,0
1531217028769,1531217028765,1606497,0.00024430,229.31000000,1
1531217029099,1531217029095,1606498,0.00024430,229.31000000,1
1531217029150,1531217029146,1606499,0.00024430,229.31000000,1
1531217029475,1531217029470,1606500,0.00024430,147.37000000,1
1531217029475,1531217029470,1606501,0.00024420,8.99000000,1
1531217029475,1531217029470,1606502,0.00024280,25.46000000,1
1531217029475,1531217029470,1606503,0.00024230,32.55000000,1
1531217029475,1531217029470,1606504,0.00024220,14.94000000,1
1531217029545,1531217029540,1606505,0.00024560,11.16000000,0
1531217029545,1531217029540,1606506,0.00024570,95.58000000,0
1531217029545,1531217029540,1606507,0.00024590,255.60000000,0
1531217029545,1531217029540,1606508,0.00024600,5.80000000,0
1531217029545,1531217029540,1606509,0.00024620,17.57000000,0
1531217029545,1531217029540,1606510,0.00024650,224.52000000,0
1531217029545,1531217029540,1606511,0.00024660,37.96000000,0
1531217029903,1531217029898,1606512,0.00024440,19.37000000,1
1531217029909,1531217029904,1606513,0.00024440,13.18000000,1
1531217030369,1531217030364,1606514,0.00024440,18.34000000,1
1531217030726,1531217030722,1606515,0.00024540,140.20000000,0
1531217030862,1531217030858,1606516,0.00024440,25.46000000,1
1531217031927,1531217031923,1606517,0.00024400,10.23000000,0
1531217032230,1531217032224,1606518,0.00024270,38.70000000,1
1531217032569,1531217032566,1606519,0.00024270,42.86000000,1
1531217032728,1531217032722,1606520,0.00024280,17.21000000,1
1531217032728,1531217032722,1606521,0.00024270,80.22000000,1
1531217032728,1531217032722,1606522,0.00024260,56.37000000,1
1531217032933,1531217032924,1606523,0.00024260,24.94000000,1
1531217032933,1531217032924,1606524,0.00024180,17.75000000,1
1531217032933,1531217032924,1606525,0.00024170,91.87000000,1
1531217032933,1531217032924,1606526,0.00024160,25.62000000,1
1531217032933,1531217032924,1606527,0.00024140,25.22000000,1
1531217032933,1531217032924,1606528,0.00024130,168.75000000,1
1531217032933,1531217032924,1606529,0.00024120,139.18000000,1
1531217032933,1531217032924,1606530,0.00024100,13.25000000,1
1531217032933,1531217032924,1606531,0.00024090,11.27000000,1
1531217033268,1531217033262,1606532,0.00024280,139.80000000,1
1531217033448,1531217033445,1606533,0.00024280,11.27000000,1
1531217033585,1531217033580,1606534,0.00024280,92.99000000,1
1531217033667,1531217033662,1606535,0.00024290,76.00000000,0
1531217033667,1531217033662,1606536,0.00024320,28.95000000,0
1531217033667,1531217033662,1606537,0.00024330,25.22000000,0
1531217033667,1531217033662,1606538,0.00024370,17.75000000,0
1531217033667,1531217033662,1606539,0.00024390,63.50000000,0
1531217034641,1531217034636,1606540,0.00024120,59.24000000,1
1531217034641,1531217034636,1606541,0.00024100,16.98000000,1
1531217034641,1531217034636,1606542,0.00024090,43.57000000,1
1531217034903,1531217034898,1606543,0.00024090,26.94000000,1
1531217035150,1531217035146,1606544,0.00024160,25.59000000,1
1531217035150,1531217035146,1606545,0.00024090,235.88000000,1
1531217037763,1531217037758,1606546,0.00024150,150.71000000,1
1531217037763,1531217037758,1606547,0.00024140,299.49000000,1
1531217037763,1531217037758,1606548,0.00024090,40.86000000,1
1531217037763,1531217037758,1606549,0.00024080,13.26000000,1
1531217037763,1531217037758,1606550,0.00024060,13.27000000,1
1531217037763,1531217037758,1606551,0.00024050,431.82000000,1
1531217037895,1531217037889,1606552,0.00024270,26.87000000,0
1531217037895,1531217037889,1606553,0.00024280,155.04000000,0
1531217037895,1531217037889,1606554,0.00024300,71.41000000,0
1531217037895,1531217037889,1606555,0.00024310,84.53000000,0
1531217037895,1531217037889,1606556,0.00024360,6.05000000,0
1531217037895,1531217037889,1606557,0.00024370,105.51000000,0
1531217037895,1531217037889,1606558,0.00024390,10.60000000,0
1531217037895,1531217037889,1606559,0.00024400,6.54000000,0
1531217038099,1531217038093,1606560,0.00024400,204.88000000,0
1531217038099,1531217038093,1606561,0.00024410,4.34000000,0
1531217038099,1531217038093,1606562,0.00024440,16.98000000,0
1531217038099,1531217038093,1606563,0.00024450,17.21000000,0
1531217038099,1531217038093,1606564,0.00024490,24.78000000,0
1531217038099,1531217038093,1606565,0.00024530,164.80000000,0
1531217038099,1531217038093,1606566,0.00024540,6.13000000,0
1531217038099,1531217038093,1606567,0.00024550,10.01000000,0
1531217039543,1531217039539,1606568,0.00024240,7.67000000,0
1531217040040,1531217040036,1606569,0.00024230,12.85000000,0
1531217040040,1531217040036,1606570,0.00024240,9.62000000,0
1531217040040,1531217040036,1606571,0.00024250,13.27000000,0
1531217040040,1531217040036,1606572,0.00024270,110.61000000,0
1531217040354,1531217040349,1606573,0.00024270,33.32000000,0
1531217040791,1531217040786,1606574,0.00024270,12.23000000,0
1531217040792,1531217040787,1606575,0.00024160,4.38000000,1
1531217040792,1531217040787,1606576,0.00024110,5.38000000,1
1531217040792,1531217040787,1606577,0.00024100,57.21000000,1
1531217040813,1531217040808,1606578,0.00024100,771.42000000,1
1531217040813,1531217040808,1606579,0.00024070,244.96000000,1
1531217041577,1531217041573,1606580,0.00024270,4.07000000,0
1531217041920,1531217041916,1606581,0.00024270,152.52000000,0
1531217042985,1531217042981,1606582,0.00024250,6.24000000,0
1531217043328,1531217043323,1606583,0.00024240,10.82000000,0
1531217043794,1531217043790,1606584,0.00024240,73.30000000,0
1531217043850,1531217043846,1606585,0.00024120,297.56000000,1
1531217043858,1531217043851,1606586,0.00024120,334.79000000,1
1531217043858,1531217043851,1606587,0.00024110,17.45000000,1
1531217043858,1531217043851,1606588,0.00024070,140.68000000,1
1531217043858,1531217043851,1606589,0.00024030,51.44000000,1
1531217043858,1531217043851,1606590,0.00024010,115.09000000,1
1531217043858,1531217043851,1606591,0.00024000,231.63000000,1
1531217044639,1531217044634,1606592,0.00024180,8.21000000,0
1531217044650,1531217044645,1606593,0.00024180,116.54000000,0
1531217044746,1531217044739,1606594,0.00024180,8.33000000,0
1531217045204,1531217045199,1606595,0.00024150,6.20000000,0
1531217045700,1531217045695,1606596,0.00024150,19.53000000,0
1531217045700,1531217045695,1606597,0.00024180,446.63000000,0
1531217046073,1531217046068,1606598,0.00024180,47.05000000,0
1531217047255,1531217047249,1606599,0.00024060,58.94000000,1
1531217047255,1531217047249,1606600,0.00024050,10.82000000,1
1531217047255,1531217047249,1606601,0.00024020,50.05000000,1
1531217047255,1531217047249,1606602,0.00024000,767.84000000,1
1531217048269,1531217048264,1606603,0.00024020,25.79000000,1
1531217048269,1531217048264,1606604,0.00024000,646.14000000,1
1531217048269,1531217048264,1606605,0.00023990,100.00000000,1
1531217048269,1531217048264,1606606,0.00023980,233.87000000,1
1531217049609,1531217049605,1606607,0.00024090,31.51000000,0
1531217049609,1531217049605,1606608,0.00024100,129.03000000,0
1531217050816,1531217050813,1606609,0.00024070,30.00000000,0
1531217051189,1531217051183,1606610,0.00024070,38.40000000,0
1531217051189,1531217051183,1606611,0.00024080,5.59000000,0
1531217051189,1531217051183,1606612,0.00024120,18.72000000,0
1531217051189,1531217051183,1606613,0.00024130,21.57000000,0
1531217051189,1531217051183,1606614,0.00024140,25.79000000,0
1531217051189,1531217051183,1606615,0.00024190,159.22000000,0
1531217051189,1531217051183,1606616,0.00024230,14.40000000,0
1531217051189,1531217051183,1606617,0.00024250,25.71000000,0
1531217051189,1531217051183,1606618,0.00024260,6.63000000,0
1531217051254,1531217051250,1606619,0.00024030,70.72000000,1
1531217051268,1531217051263,1606620,0.00024020,36.38000000,0
1531217052215,1531217052210,1606621,0.00024250,109.69000000,0
1531217052215,1531217052210,1606622,0.00024280,17.45000000,0
1531217052215,1531217052210,1606623,0.00024320,4.15000000,0
1531217052215,1531217052210,1606624,0.00024360,7.67000000,0
1531217052215,1531217052210,1606625,0.00024400,4.38000000,0
1531217052215,1531217052210,1606626,0.00024490,229.31000000,0
1531217052215,1531217052210,1606627,0.00024510,5.08000000,0
1531217052318,1531217052313,1606628,0.00024250,79.76000000,0
1531217052662,1531217052658,1606629,0.00024250,18.00000000,0
1531217052927,1531217052921,1606630,0.00024150,4.42000000,1
1531217052927,1531217052921,1606631,0.00024030,39.24000000,1
1531217052927,1531217052923,1606632,0.00024030,171.54000000,1
1531217053397,1531217053392,1606633,0.00024250,114.18000000,0
1531217054309,1531217054305,1606634,0.00024130,29.84000000,1
1531217054309,1531217054305,1606635,0.00024060,300.99000000,1
1531217054309,1531217054305,1606636,0.00024040,148.06000000,1
1531217055138,1531217055133,1606637,0.00024250,64.91000000,0
1531217055138,1531217055133,1606638,0.00024390,4.42000000,0
1531217056231,1531217056227,1606639,0.00024150,107.76000000,1
1531217056520,1531217056516,1606640,0.00024150,215.93000000,1
1531217056520,1531217056516,1606641,0.00024140,350.29000000,1
1531217056520,1531217056516,1606642,0.00024070,93.89000000,1
1531217057800,1531217057796,1606643,0.00024230,0.01000000,0
1531217058027,1531217058021,1606644,0.00024230,58.41000000,0
1531217058107,1531217058102,1606645,0.00024070,78.88000000,1
1531217058107,1531217058102,1606646,0.00024060,523.97000000,1
1531217058633,1531217058628,1606647,0.00024230,152.36000000,0
1531217058633,1531217058628,1606648,0.00024240,110.98000000,0
1531217058812,1531217058808,1606649,0.00024240,7.03000000,0
1531217059807,1531217059803,1606650,0.00024240,182.98000000,0
1531217059807,1531217059803,1606651,0.00024380,4.46000000,0
1531217059807,1531217059803,1606652,0.00024390,155.22000000,0
1531217059924,1531217059919,1606653,0.00024070,515.33000000,1
1531217059924,1531217059919,1606654,0.00024060,19.39000000,1
1531217059924,1531217059919,1606655,0.00024050,22.14000000,1
1531217060053,1531217060047,1606656,0.00024390,85.66000000,0
1531217060868,1531217060864,1606657,0.00024070,0.40000000,1
1531217061012,1531217061007,1606658,0.00024220,8.24000000,0
1531217062216,1531217062212,1606659,0.00024130,4.50000000,1
1531217062216,1531217062212,1606660,0.00024090,58.58000000,1
1531217063276,1531217063271,1606661,0.00024090,4.20000000,1
1531217063528,1531217063524,1606662,0.00024090,0.31000000,1
1531217064644,1531217064638,1606663,0.00024200,48.45000000,0
1531217064644,1531217064638,1606664,0.00024210,19.20000000,0
1531217064644,1531217064638,1606665,0.00024230,17.61000000,0
1531217064644,1531217064638,1606666,0.00024330,147.64000000,0
1531217065705,1531217065702,1606667,0.00024290,7.99000000,0
1531217065705,1531217065702,1606668,0.00024320,25.24000000,0
1531217065988,1531217065983,1606669,0.00024320,8.30000000,0
1531217067064,1531217067058,1606670,0.00024120,466.16000000,1
1531217067464,1531217067460,1606671,0.00024300,207.91000000,0
1531217069067,1531217069061,1606672,0.00024300,51.97000000,0
1531217070806,1531217070802,1606673,0.00024270,41.15000000,0
1531217070820,1531217070815,1606674,0.00024270,77.52000000,0
1531217072494,1531217072491,1606675,0.00024250,19.38000000,0
1531217073009,1531217073005,1606676,0.00024150,27.18000000,1
1531217073009,1531217073005,1606677,0.00024110,63.02000000,1
1531217074330,1531217074325,1606678,0.00024220,97.12000000,0
1531217074855,1531217074850,1606679,0.00024110,114.38000000,1
1531217074947,1531217074942,1606680,0.00024110,67.18000000,1
1531217074947,1531217074942,1606681,0.00024100,23.02000000,1
1531217075153,1531217075148,1606682,0.00024100,20.39000000,1
1531217075153,1531217075148,1606683,0.00024080,25.73000000,1
1531217075153,1531217075148,1606684,0.00024070,232.71000000,1
1531217075153,1531217075148,1606685,0.00024050,177.90000000,1
1531217076144,1531217076140,1606686,0.00024180,8.21000000,0
1531217076144,1531217076140,1606687,0.00024200,16.07000000,0
1531217076458,1531217076453,1606688,0.00024060,16.16000000,1
1531217077139,1531217077135,1606689,0.00024050,456.73000000,1
1531217077150,1531217077144,1606690,0.00024050,456.88000000,1
1531217077416,1531217077411,1606691,0.00024060,8.27000000,0
1531217078262,1531217078258,1606692,0.00023980,240.88000000,1
1531217078262,1531217078258,1606693,0.00023970,104.95000000,1
1531217078667,1531217078663,1606694,0.00024050,97.12000000,0
1531217079311,1531217079305,1606695,0.00024040,39.00000000,0
1531217079445,1531217079441,1606696,0.00024040,1.26000000,0
1531217080143,1531217080138,1606697,0.00023980,97.12000000,1
1531217080143,1531217080138,1606698,0.00023970,327.38000000,1
1531217080313,1531217080309,1606699,0.00023980,76.92000000,1
1531217080313,1531217080309,1606700,0.00023970,38.76000000,1
1531217080984,1531217080979,1606701,0.00023970,32.37000000,1
1531217081055,1531217081050,1606702,0.00023970,291.25000000,1
1531217081055,1531217081050,1606703,0.00023960,334.46000000,1
1531217081225,1531217081220,1606704,0.00023960,148.34000000,1
1531217081726,1531217081723,1606705,0.00023960,37.02000000,1
1531217081856,1531217081851,1606706,0.00024030,5.62000000,0
1531217082073,1531217082067,1606707,0.00024040,2.96000000,0
1531217082381,1531217082377,1606708,0.00023960,4.51000000,1
1531217083111,1531217083106,1606709,0.00024040,18.21000000,0
1531217085048,1531217085044,1606710,0.00024000,72.84000000,0
1531217085864,1531217085860,1606711,0.00023960,212.79000000,1
1531217086435,1531217086431,1606712,0.00024000,18.21000000,0
1531217087496,1531217087491,1606713,0.00024000,72.99000000,0
1531217087586,1531217087581,1606714,0.00024000,54.86000000,0
1531217087903,1531217087899,1606715,0.00023970,33.23000000,1
1531217088306,1531217088302,1606716,0.00023990,6.25000000,0
1531217088780,1531217088776,1606717,0.00023960,170.16000000,1
1531217089124,1531217089119,1606718,0.00023990,39.76000000,0
1531217089215,1531217089211,1606719,0.00023990,386.83000000,0
1531217090053,1531217090048,1606720,0.00023960,207.91000000,1
1531217090174,1531217090170,1606721,0.00023960,43.45000000,1
1531217090174,1531217090170,1606722,0.00023950,8.52000000,1
1531217090262,1531217090256,1606723,0.00024000,347.49000000,0
1531217090798,1531217090794,1606724,0.00024030,4.99000000,0
1531217091072,1531217091068,1606725,0.00024030,13.80000000,0
1531217091072,1531217091068,1606726,0.00024120,4.19000000,0
1531217091072,1531217091068,1606727,0.00024150,0.25000000,0
1531217091628,1531217091623,1606728,0.00023960,33.23000000,1
1531217092128,1531217092121,1606729,0.00024150,21.89000000,0
1531217092128,1531217092121,1606730,0.00024160,25.73000000,0
1531217092128,1531217092121,1606731,0.00024170,25.37000000,0
1531217092664,1531217092659,1606732,0.00023990,18.24000000,1
1531217092664,1531217092659,1606733,0.00023970,53.19000000,1
1531217093255,1531217093251,1606734,0.00023970,148.24000000,1
1531217093255,1531217093251,1606735,0.00023960,155.26000000,1
1531217093255,1531217093251,1606736,0.00023950,525.13000000,1
1531217094982,1531217094979,1606737,0.00023990,13.60000000,0
1531217095258,1531217095255,1606738,0.00024020,10.23000000,0
1531217095860,1531217095855,1606739,0.00024010,19.38000000,1
1531217096085,1531217096079,1606740,0.00024010,6.42000000,1
1531217096085,1531217096079,1606741,0.00023960,19.38000000,1
1531217097032,1531217097027,1606742,0.00024080,25.80000000,0
1531217097032,1531217097027,1606743,0.00024150,16.41000000,0
1531217097032,1531217097027,1606744,0.00024160,12.54000000,0
1531217098068,1531217098065,1606745,0.00024180,18.24000000,0
1531217100361,1531217100357,1606746,0.00023990,25.83000000,1
1531217100361,1531217100357,1606747,0.00023950,65.20000000,1
1531217103163,1531217103130,1606748,0.00023950,85.73000000,1
1531217104744,1531217104740,1606749,0.00024010,6.26000000,1
1531217104744,1531217104740,1606750,0.00023950,55.19000000,1
1531217104789,1531217104784,1606751,0.00023950,12.66000000,1
1531217106247,1531217106242,1606752,0.00024020,20.78000000,1
1531217106247,1531217106242,1606753,0.00023950,40.67000000,1
1531217107668,1531217107664,1606754,0.00023960,12.32000000,1
1531217108975,1531217108971,1606755,0.00023960,6.78000000,1
1531217108975,1531217108971,1606756,0.00023950,54.82000000,1
1531217110187,1531217110183,1606757,0.00023950,57.01000000,1
1531217112006,1531217112000,1606758,0.00024020,12.86000000,1
1531217112102,1531217112099,1606759,0.00024040,51.31000000,0
1531217112201,1531217112197,1606760,0.00024040,12.82000000,0
1531217113275,1531217113271,1606761,0.00023950,67.68000000,1
1531217114496,1531217114491,1606762,0.00024040,51.31000000,0
1531217115145,1531217115140,1606763,0.00024020,12.82000000,0
1531217116821,1531217116817,1606764,0.00024010,51.31000000,0
1531217116829,1531217116824,1606765,0.00023970,12.83000000,1
1531217116829,1531217116824,1606766,0.00023950,1.13000000,1
1531217116912,1531217116908,1606767,0.00024010,13.01000000,0
1531217118270,1531217118264,1606768,0.00024010,197.62000000,0
1531217118328,1531217118322,1606769,0.00024020,12.83000000,0
1531217120253,1531217120248,1606770,0.00024010,51.31000000,0
1531217120908,1531217120904,1606771,0.00024020,0.18000000,0
1531217120908,1531217120904,1606772,0.00024030,35.00000000,0
1531217120908,1531217120904,1606773,0.00024090,16.13000000,0
1531217127809,1531217127805,1606774,0.00024090,38.48000000,0
1531217128251,1531217128245,1606775,0.00024090,9.62000000,0
1531217129703,1531217129699,1606776,0.00024090,38.48000000,0
1531217130993,1531217130987,1606777,0.00024090,38.48000000,0
1531217132574,1531217132570,1606778,0.00024090,91.61000000,0
1531217133183,1531217133178,1606779,0.00024090,47.11000000,1
1531217134397,1531217134392,1606780,0.00024140,9.62000000,0
1531217134683,1531217134679,1606781,0.00024090,12.82000000,1
1531217135282,1531217135278,1606782,0.00024140,16.09000000,0
1531217135282,1531217135278,1606783,0.00024160,17.70000000,0
1531217135282,1531217135278,1606784,0.00024170,4.69000000,0
1531217136195,1531217136191,1606785,0.00024090,51.31000000,1
1531217136641,1531217136636,1606786,0.00024170,9.62000000,0
1531217137108,1531217137104,1606787,0.00024170,218.40000000,0
1531217137132,1531217137128,1606788,0.00024190,12.41000000,0
1531217137132,1531217137128,1606789,0.00024230,18.86000000,0
1531217139275,1531217139271,1606790,0.00024140,44.85000000,0
1531217141063,1531217141059,1606791,0.00024110,51.31000000,1
1531217141547,1531217141542,1606792,0.00024110,12.83000000,1
1531217141663,1531217141659,1606793,0.00024110,12.82000000,1
1531217141859,1531217141855,1606794,0.00024110,12.82000000,1
1531217143290,1531217143286,1606795,0.00024110,51.31000000,1
1531217149254,1531217149251,1606796,0.00024110,38.48000000,1
1531217152974,1531217152970,1606797,0.00024120,25.65000000,1
1531217157999,1531217157995,1606798,0.00024120,38.48000000,1
1531217159771,1531217159766,1606799,0.00024120,31.23000000,1
1531217159772,1531217159766,1606800,0.00024090,0.04000000,1
1531217163353,1531217163349,1606801,0.00024150,9.62000000,1
1531217164231,1531217164228,1606802,0.00024100,38.48000000,1
1531217168760,1531217168756,1606803,0.00024120,14.25000000,1
1531217168760,1531217168756,1606804,0.00024030,9.46000000,1
1531217168760,1531217168756,1606805,0.00024000,9.20000000,1
1531217168760,1531217168756,1606806,0.00023980,5.57000000,1
1531217168865,1531217168861,1606807,0.00023980,31.27000000,1
1531217171086,1531217171082,1606808,0.00023990,20.78000000,1
1531217172637,1531217172633,1606809,0.00024100,12.43000000,0
1531217176272,1531217176269,1606810,0.00024020,6.26000000,0
1531217177656,1531217177652,1606811,0.00023990,31.75000000,1
1531217180828,1531217180825,1606812,0.00023990,38.48000000,1
1531217183646,1531217183641,1606813,0.00024070,1.81000000,0
1531217185275,1531217185270,1606814,0.00024070,9.08000000,0
1531217196565,1531217196560,1606815,0.00024070,25.45000000,0
1531217196601,1531217196596,1606816,0.00024070,202.49000000,0
1531217196601,1531217196596,1606817,0.00024080,70.23000000,0
1531217197281,1531217197277,1606818,0.00024100,24.41000000,0
1531217204409,1531217204403,1606819,0.00024180,217.52000000,0
1531217204409,1531217204403,1606820,0.00024230,133.95000000,0
1531217204409,1531217204403,1606821,0.00024250,25.45000000,0
1531217204409,1531217204403,1606822,0.00024340,69.90000000,0
1531217204409,1531217204403,1606823,0.00024370,8.61000000,0
1531217204422,1531217204417,1606824,0.00024370,76.09000000,1
1531217218138,1531217218132,1606825,0.00024360,5.00000000,0
1531217218262,1531217218257,1606826,0.00024170,1.81000000,1
1531217224679,1531217224673,1606827,0.00024360,8.29000000,0
1531217246485,1531217246480,1606828,0.00024220,218.40000000,1
1531217270168,1531217270164,1606829,0.00024180,24.60000000,1
1531217281160,1531217281156,1606830,0.00024120,38.44000000,1
1531217284973,1531217284969,1606831,0.00024110,40.00000000,1
1531217285819,1531217285814,1606832,0.00024110,17.50000000,1
1531217290987,1531217290981,1606833,0.00024110,16.90000000,1
1531217293433,1531217293429,1606834,0.00024110,20.53000000,1
1531217297580,1531217297574,1606835,0.00024090,8.30000000,1
1531217303503,1531217303499,1606836,0.00024040,1.26000000,1
1531217305943,1531217305939,1606837,0.00024080,24.18000000,0
1531217305943,1531217305939,1606838,0.00024090,1.16000000,0
1531217305943,1531217305939,1606839,0.00024110,0.36000000,0
1531217313919,1531217313914,1606840,0.00024070,19.70000000,0
1531217313919,1531217313914,1606841,0.00024120,15.00000000,0
1531217316096,1531217316092,1606842,0.00024120,20.43000000,1
1531217339894,1531217339888,1606843,0.00024060,25.70000000,1
1531217346491,1531217346487,1606844,0.00024060,4.20000000,1
1531217357163,1531217357159,1606845,0.00024200,110.06000000,0
1531217365830,1531217365822,1606846,0.00024060,0.09000000,1
1531217380322,1531217380317,1606847,0.00024060,22.65000000,1
1531217385034,1531217385029,1606848,0.00024180,11.71000000,0
1531217388025,1531217388020,1606849,0.00024180,0.03000000,0
1531217410140,1531217410136,1606850,0.00024070,25.35000000,1
1531217413163,1531217413157,1606851,0.00024060,13.76000000,1
1531217413163,1531217413157,1606852,0.00024040,11.59000000,1
1531217413530,1531217413525,1606853,0.00024040,25.35000000,1
1531217413537,1531217413531,1606854,0.00024040,25.35000000,1
1531217419143,1531217419138,1606855,0.00024040,0.03000000,1
1531217441456,1531217441452,1606856,0.00024040,61.13000000,1
1531217466411,1531217466406,1606857,0.00024020,229.31000000,1
1531217468552,1531217468548,1606858,0.00024010,54.71000000,1
1531217522735,1531217522731,1606859,0.00023960,25.07000000,1
1531217524304,1531217524300,1606860,0.00023950,192.16000000,1
1531217528372,1531217528367,1606861,0.00023960,0.02000000,0
1531217543697,1531217543693,1606862,0.00023930,5.00000000,1
1531217560354,1531217560350,1606863,0.00023930,25.35000000,1
1531217565107,1531217565103,1606864,0.00023930,63.31000000,1
1531217568027,1531217568022,1606865,0.00023930,12.67000000,1
1531217595062,1531217595057,1606866,0.00024070,0.07000000,0
1531217597106,1531217597102,1606867,0.00023930,520.23000000,1
1531217636663,1531217636658,1606868,0.00023940,0.39000000,1
1531217638231,1531217638227,1606869,0.00023930,0.39000000,1
1531217665756,1531217665751,1606870,0.00024040,0.41000000,0
1531217677310,1531217677305,1606871,0.00023940,28.01000000,1
1531217678436,1531217678432,1606872,0.00023930,30.95000000,1
1531217678585,1531217678580,1606873,0.00024000,1.81000000,0
1531217683302,1531217683298,1606874,0.00024000,3.22000000,0
1531217683446,1531217683440,1606875,0.00024000,2.96000000,0
1531217698117,1531217698113,1606876,0.00023920,6.96000000,1
1531217698355,1531217698350,1606877,0.00023920,43.04000000,1
1531217699313,1531217699310,1606878,0.00023910,100.00000000,1
1531217705318,1531217705313,1606879,0.00023880,13.09000000,1
1531217705325,1531217705313,1606880,0.00023870,4.19000000,1
1531217705325,1531217705313,1606881,0.00023820,12.60000000,1
1531217705325,1531217705313,1606882,0.00023800,8.46000000,1
1531217705325,1531217705313,1606883,0.00023770,6.32000000,1
1531217705325,1531217705313,1606884,0.00023760,105.55000000,1
1531217705325,1531217705313,1606885,0.00023750,42.90000000,1
1531217705325,1531217705313,1606886,0.00023740,79.23000000,1
1531217705325,1531217705313,1606887,0.00023730,42.92000000,1
1531217705325,1531217705313,1606888,0.00023720,140.50000000,1
1531217705325,1531217705313,1606889,0.00023710,69.11000000,1
1531217705326,1531217705313,1606890,0.00023700,159.44000000,1
1531217705327,1531217705313,1606891,0.00023700,120.80000000,1
1531217705327,1531217705313,1606892,0.00023690,251.45000000,1
1531217707644,1531217707640,1606893,0.00023800,6.60000000,0
1531217708695,1531217708691,1606894,0.00023750,0.77000000,0
1531217709281,1531217709277,1606895,0.00023740,12.90000000,0
1531217709876,1531217709869,1606896,0.00023740,7.12000000,0
1531217709876,1531217709869,1606897,0.00023750,4.08000000,0
1531217709876,1531217709869,1606898,0.00023760,16.27000000,0
1531217709876,1531217709869,1606899,0.00023790,101.65000000,0
1531217711283,1531217711279,1606900,0.00023790,4.08000000,0
1531217711841,1531217711837,1606901,0.00023770,20.30000000,0
1531217713050,1531217713046,1606902,0.00023760,12.43000000,1
1531217713368,1531217713364,1606903,0.00023760,24.17000000,1
1531217715728,1531217715724,1606904,0.00023740,44.30000000,0
1531217716323,1531217716319,1606905,0.00023740,15.16000000,0
1531217717390,1531217717386,1606906,0.00023740,4.60000000,0
1531217717480,1531217717475,1606907,0.00023740,180.85000000,0
1531217718298,1531217718294,1606908,0.00023790,15.17000000,0
1531217723029,1531217723026,1606909,0.00023790,2.83000000,0
1531217723173,1531217723168,1606910,0.00023790,3.13000000,0
1531217723271,1531217723267,1606911,0.00023790,0.89000000,0
1531217723319,1531217723315,1606912,0.00023790,2.66000000,0
1531217723456,1531217723452,1606913,0.00023790,3.75000000,0
1531217723544,1531217723540,1606914,0.00023790,3.26000000,0
1531217723605,1531217723601,1606915,0.00023790,3.09000000,0
1531217723692,1531217723688,1606916,0.00023790,2.70000000,0
1531217723740,1531217723736,1606917,0.00023790,1.24000000,0
1531217723785,1531217723780,1606918,0.00023790,2.35000000,0
1531217723831,1531217723827,1606919,0.00023790,2.80000000,0
1531217723980,1531217723976,1606920,0.00023790,1.67000000,0
1531217724128,1531217724124,1606921,0.00023790,1.06000000,0
1531217724139,1531217724135,1606922,0.00023790,2.37000000,0
1531217724170,1531217724166,1606923,0.00023790,2.96000000,0
1531217724227,1531217724223,1606924,0.00023790,2.83000000,0
1531217724235,1531217724230,1606925,0.00023790,3.13000000,0
1531217724271,1531217724267,1606926,0.00023790,1.12000000,0
1531217724330,1531217724326,1606927,0.00023790,3.17000000,0
1531217724379,1531217724375,1606928,0.00023790,2.24000000,0
1531217724654,1531217724649,1606929,0.00023790,1.71000000,0
1531217724767,1531217724763,1606930,0.00023790,2.67000000,0
1531217724908,1531217724904,1606931,0.00023790,1.52000000,0
1531217725017,1531217725012,1606932,0.00023790,2.36000000,0
1531217725101,1531217725097,1606933,0.00023790,2.18000000,0
1531217729563,1531217729558,1606934,0.00023790,0.01000000,0
1531217739138,1531217739133,1606935,0.00023710,40.66000000,1
1531217740387,1531217740384,1606936,0.00023710,1.51000000,1
1531217740387,1531217740384,1606937,0.00023700,38.33000000,1
1531217744971,1531217744967,1606938,0.00023700,0.01000000,1
1531217746744,1531217746740,1606939,0.00023700,25.27000000,1
1531217770452,1531217770448,1606940,0.00023700,12.79000000,1
1531217770619,1531217770614,1606941,0.00023700,4.27000000,1
1531217770629,1531217770626,1606942,0.00023700,4.27000000,1
1531217770844,1531217770839,1606943,0.00023700,63.93000000,1
1531217771090,1531217771085,1606944,0.00023700,10.23000000,1
1531217776719,1531217776713,1606945,0.00023740,37.23000000,0
1531217776719,1531217776713,1606946,0.00023750,223.14000000,0
1531217776719,1531217776713,1606947,0.00023810,8.33000000,0
1531217776719,1531217776713,1606948,0.00023860,35.31000000,0
1531217776719,1531217776713,1606949,0.00023870,44.77000000,0
1531217776719,1531217776713,1606950,0.00023880,59.02000000,0
1531217791676,1531217791671,1606951,0.00023740,4.26000000,1
1531217795903,1531217795899,1606952,0.00023820,0.47000000,0
1531217798409,1531217798406,1606953,0.00023750,17.90000000,1
1531217798409,1531217798406,1606954,0.00023740,39.53000000,1
1531217807741,1531217807738,1606955,0.00023740,25.40000000,1
1531217819463,1531217819459,1606956,0.00023820,3.79000000,0
1531217819463,1531217819459,1606957,0.00023830,2.12000000,0
1531217822478,1531217822474,1606958,0.00023830,0.01000000,0
1531217826729,1531217826726,1606959,0.00023780,16.68000000,1
1531217830992,1531217830988,1606960,0.00023760,26.20000000,1
1531217833007,1531217833001,1606961,0.00023780,25.10000000,0
1531217867057,1531217867053,1606962,0.00023780,329.45000000,1
1531217868901,1531217868895,1606963,0.00023750,8.42000000,1
1531217868901,1531217868895,1606964,0.00023740,94.77000000,1
1531217868901,1531217868895,1606965,0.00023690,4.23000000,1
1531217868901,1531217868895,1606966,0.00023680,11.09000000,1
1531217868901,1531217868895,1606967,0.00023630,28.47000000,1
1531217868915,1531217868910,1606968,0.00023650,433.74000000,0
1531217868929,1531217868924,1606969,0.00023650,113.50000000,0
1531217868937,1531217868932,1606970,0.00023650,126.77000000,0
1531217872162,1531217872157,1606971,0.00023670,105.42000000,1
1531217872528,1531217872524,1606972,0.00023670,0.01000000,1
1531217877514,1531217877508,1606973,0.00023670,0.59000000,1
1531217879478,1531217879474,1606974,0.00023660,0.59000000,1
1531217885523,1531217885519,1606975,0.00023660,20.71000000,1
1531217885527,1531217885523,1606976,0.00023650,15.00000000,1
1531217890547,1531217890543,1606977,0.00023700,18.45000000,0
1531217893502,1531217893498,1606978,0.00023690,13.17000000,0
1531217893502,1531217893498,1606979,0.00023700,1.30000000,0
1531217903331,1531217903326,1606980,0.00023700,15.00000000,0
1531217904494,1531217904490,1606981,0.00023700,23.97000000,0
1531217905867,1531217905862,1606982,0.00023700,15.00000000,0
1531217905949,1531217905943,1606983,0.00023700,106.41000000,0
1531217964598,1531217964594,1606984,0.00023700,8.61000000,1
1531217965709,1531217965705,1606985,0.00023700,110.71000000,0
1531217965934,1531217965929,1606986,0.00023700,0.01000000,0
1531217975472,1531217975468,1606987,0.00023730,30.00000000,0
1531217975582,1531217975577,1606988,0.00023730,27.60000000,0
1531217975582,1531217975577,1606989,0.00023760,3.76000000,0
1531217976237,1531217976233,1606990,0.00023760,22.00000000,0
1531217998380,1531217998376,1606991,0.00023740,21.92000000,1
1531217998380,1531217998376,1606992,0.00023640,73.87000000,1
1531217998380,1531217998376,1606993,0.00023630,265.55000000,1
1531218010530,1531218010526,1606994,0.00023760,0.40000000,0
1531218010530,1531218010526,1606995,0.00023820,4.98000000,0
1531218013535,1531218013531,1606996,0.00023820,0.02000000,0
1531218014324,1531218014319,1606997,0.00023660,27.45000000,1
1531218014324,1531218014319,1606998,0.00023650,73.62000000,1
1531218014324,1531218014319,1606999,0.00023630,64.40000000,1
1531218060573,1531218060568,1607000,0.00023660,21.30000000,1
1531218060573,1531218060568,1607001,0.00023610,172.90000000,1
1531218066183,1531218066179,1607002,0.00023620,8.24000000,1
1531218085801,1531218085795,1607003,0.00023620,6.25000000,1
1531218160558,1531218160555,1607004,0.00023740,0.19000000,0
1531218194579,1531218194573,1607005,0.00023720,7.39000000,0
1531218232300,1531218232297,1607006,0.00023680,27.00000000,0
1531218233153,1531218233148,1607007,0.00023640,0.26000000,1
1531218242718,1531218242713,1607008,0.00023690,8.00000000,0
1531218246737,1531218246733,1607009,0.00023690,124.36000000,0
1531218265820,1531218265815,1607010,0.00023690,62.63000000,0
1531218322821,1531218322817,1607011,0.00023750,0.10000000,0
1531218342758,1531218342754,1607012,0.00023710,50.00000000,1
1531218365160,1531218365156,1607013,0.00023710,34.35000000,1
1531218520335,1531218520330,1607014,0.00023680,81.31000000,1
1531218525432,1531218525427,1607015,0.00023710,229.68000000,0
1531218525657,1531218525652,1607016,0.00023710,25.52000000,0
1531218525657,1531218525652,1607017,0.00023730,33.62000000,0
1531218525657,1531218525652,1607018,0.00023830,26.11000000,0
1531218525669,1531218525663,1607019,0.00023830,159.10000000,1
1531218525697,1531218525692,1607020,0.00023830,7.50000000,1
1531218525698,1531218525694,1607021,0.00023830,3.34000000,1
1531218580213,1531218580208,1607022,0.00023800,5.38000000,0
1531218580421,1531218580417,1607023,0.00023800,94.62000000,1
1531218584426,1531218584422,1607024,0.00023770,27.42000000,1
1531218586427,1531218586422,1607025,0.00023760,33.58000000,1
1531218591335,1531218591331,1607026,0.00023720,0.49000000,1
1531218644459,1531218644457,1607027,0.00023720,90.00000000,1
1531218668302,1531218668297,1607028,0.00023810,0.87000000,0
1531218711402,1531218711398,1607029,0.00023710,100.00000000,1
1531218712776,1531218712770,1607030,0.00023800,9.81000000,0
1531218720384,1531218720378,1607031,0.00023800,17.61000000,0
1531218721521,1531218721517,1607032,0.00023800,13.06000000,1
1531218782904,1531218782899,1607033,0.00023730,26.38000000,1
1531218782904,1531218782899,1607034,0.00023690,15.04000000,1
1531218815857,1531218815851,1607035,0.00023700,58.30000000,1
1531218816175,1531218816170,1607036,0.00023800,3.51000000,0
1531218819200,1531218819196,1607037,0.00023800,0.01000000,0
1531218830546,1531218830542,1607038,0.00023800,22.86000000,0
1531218832053,1531218832048,1607039,0.00023800,56.80000000,1
1531218832437,1531218832432,1607040,0.00023800,358.59000000,1
1531218834524,1531218834520,1607041,0.00023760,33.58000000,1
1531218857213,1531218857208,1607042,0.00023810,0.04000000,0
1531218916427,1531218916422,1607043,0.00023810,13.85000000,0
1531218960588,1531218960584,1607044,0.00023810,4.88000000,0
1531218988179,1531218988175,1607045,0.00023810,0.70000000,0
1531218994289,1531218994284,1607046,0.00023720,61.06000000,1
1531219028392,1531219028389,1607047,0.00023800,0.03000000,0
1531219069220,1531219069215,1607048,0.00023800,0.73000000,0
1531219084312,1531219084306,1607049,0.00023800,26.67000000,0
1531219084335,1531219084329,1607050,0.00023800,73.95000000,1
1531219084337,1531219084332,1607051,0.00023800,0.01000000,1
1531219084343,1531219084339,1607052,0.00023720,73.96000000,1
1531219088002,1531219087996,1607053,0.00023760,37.81000000,0
1531219106834,1531219106829,1607054,0.00023750,1.04000000,0
1531219114388,1531219114384,1607055,0.00023750,35.10000000,0
1531219135954,1531219135948,1607056,0.00023800,14.13000000,0
1531219138968,1531219138963,1607057,0.00023800,0.03000000,0
1531219148724,1531219148720,1607058,0.00023800,0.41000000,0
1531219223891,1531219223886,1607059,0.00023800,59.38000000,0
1531219223914,1531219223909,1607060,0.00023800,6.23000000,1
1531219223919,1531219223914,1607061,0.00023720,6.23000000,1
1531219246274,1531219246269,1607062,0.00023810,12.63000000,0
1531219251544,1531219251540,1607063,0.00023800,9.84000000,1
1531219253312,1531219253308,1607064,0.00023810,1.41000000,0
1531219253312,1531219253308,1607065,0.00023840,89.11000000,0
1531219290232,1531219290227,1607066,0.00023840,0.14000000,0
1531219358064,1531219358059,1607067,0.00023800,0.04000000,0
1531219394419,1531219394415,1607068,0.00023800,0.19000000,0
1531219402859,1531219402855,1607069,0.00023800,12.04000000,0
1531219484002,1531219483998,1607070,0.00023800,0.19000000,0
1531219570789,1531219570783,1607071,0.00023800,4.54000000,0
1531219570789,1531219570783,1607072,0.00023830,30.21000000,0
1531219571577,1531219571571,1607073,0.00023830,4.55000000,0
1531219571577,1531219571571,1607074,0.00023840,30.82000000,0
1531219573178,1531219573173,1607075,0.00023840,1.85000000,0
1531219573178,1531219573173,1607076,0.00023850,33.52000000,0
1531219574144,1531219574139,1607077,0.00023850,15.01000000,0
1531219576026,1531219576022,1607078,0.00023850,1.60000000,0
1531219576026,1531219576022,1607079,0.00023890,13.34000000,0
1531219586299,1531219586294,1607080,0.00023830,4.59000000,1
1531219587482,1531219587478,1607081,0.00023840,113.50000000,1
1531219597253,1531219597250,1607082,0.00023860,16.66000000,1
1531219600500,1531219600495,1607083,0.00023870,8.51000000,1
1531219601202,1531219601198,1607084,0.00023850,16.66000000,1
1531219615898,1531219615893,1607085,0.00023830,10.00000000,1
1531219637266,1531219637264,1607086,0.00023890,0.01000000,0
1531219642837,1531219642831,1607087,0.00023830,3.17000000,1
1531219643322,1531219643316,1607088,0.00023830,2.74000000,1
1531219643898,1531219643895,1607089,0.00023830,3.26000000,1
1531219644476,1531219644470,1607090,0.00023830,1.06000000,1
1531219645281,1531219645276,1607091,0.00023830,3.22000000,1
1531219645638,1531219645635,1607092,0.00023830,2.96000000,1
1531219646285,1531219646279,1607093,0.00023830,2.32000000,1
1531219646507,1531219646503,1607094,0.00023830,2.36000000,1
1531219647037,1531219647033,1607095,0.00023830,2.18000000,1
1531219647579,1531219647569,1607096,0.00023830,3.13000000,1
1531219648348,1531219648344,1607097,0.00023830,1.52000000,1
1531219648589,1531219648584,1607098,0.00023830,2.67000000,1
1531219649333,1531219649328,1607099,0.00023830,1.71000000,1
1531219649938,1531219649932,1607100,0.00023830,2.24000000,1
1531219650488,1531219650483,1607101,0.00023830,3.17000000,1
1531219650799,1531219650794,1607102,0.00023830,3.13000000,1
1531219651381,1531219651376,1607103,0.00023830,2.96000000,1
1531219651942,1531219651937,1607104,0.00023830,1.12000000,1
1531219652405,1531219652400,1607105,0.00023830,3.26000000,1
1531219653103,1531219653099,1607106,0.00023830,2.83000000,1
1531219653532,1531219653528,1607107,0.00023830,3.25000000,1
1531219654013,1531219654008,1607108,0.00023830,2.37000000,1
1531219654557,1531219654552,1607109,0.00023830,1.67000000,1
1531219655231,1531219655227,1607110,0.00023830,2.80000000,1
1531219655757,1531219655752,1607111,0.00023830,2.35000000,1
1531219656404,1531219656399,1607112,0.00023830,1.24000000,1
1531219657120,1531219657117,1607113,0.00023830,2.83000000,1
1531219657723,1531219657719,1607114,0.00023830,2.70000000,1
1531219658429,1531219658425,1607115,0.00023830,3.09000000,1
1531219658788,1531219658783,1607116,0.00023830,3.26000000,1
1531219659487,1531219659480,1607117,0.00023830,1.81000000,1
1531219660010,1531219660005,1607118,0.00023830,3.75000000,1
1531219660591,1531219660588,1607119,0.00023830,2.66000000,1
1531219661285,1531219661282,1607120,0.00023830,0.89000000,1
1531219745486,1531219745481,1607121,0.00023890,1.14000000,0
1531219802455,1531219802450,1607122,0.00023860,22.54000000,1
1531219808073,1531219808069,1607123,0.00023860,50.00000000,1
1531219810595,1531219810591,1607124,0.00023860,18.49000000,1
1531219825328,1531219825323,1607125,0.00023850,30.00000000,1
1531219827179,1531219827176,1607126,0.00023890,41.85000000,0
1531219855497,1531219855492,1607127,0.00023850,47.40000000,1
1531219891881,1531219891876,1607128,0.00023890,0.07000000,0
1531219915203,1531219915197,1607129,0.00023890,41.85000000,0
1531219973540,1531219973536,1607130,0.00023890,0.08000000,0
1531220243613,1531220243608,1607131,0.00023840,0.03000000,1
1531220247812,1531220247807,1607132,0.00023890,0.70000000,0
1531220552117,1531220552112,1607133,0.00023840,73.30000000,1
1531220562960,1531220562955,1607134,0.00023840,201.13000000,1
1531220627796,1531220627791,1607135,0.00023840,39.99000000,1
1531220633475,1531220633470,1607136,0.00023840,47.00000000,1
1531220647536,1531220647531,1607137,0.00023880,0.66000000,0
1531220739403,1531220739400,1607138,0.00023880,0.27000000,0
1531220875827,1531220875821,1607139,0.00023880,0.20000000,0
1531220910889,1531220910886,1607140,0.00023850,38.00000000,1
1531220937185,1531220937179,1607141,0.00023860,349.17000000,1
1531220937185,1531220937179,1607142,0.00023840,5.68000000,1
1531220937801,1531220937795,1607143,0.00023840,13.82000000,0
1531220937842,1531220937837,1607144,0.00023840,68.01000000,0
1531220937842,1531220937837,1607145,0.00023890,13.81000000,0
1531220955379,1531220955374,1607146,0.00023890,28.66000000,0
1531220955379,1531220955374,1607147,0.00023900,1.43000000,0
1531220970531,1531220970525,1607148,0.00023900,23.77000000,0
1531220973546,1531220973540,1607149,0.00023920,0.66000000,0
1531220999842,1531220999837,1607150,0.00023900,41.60000000,0
1531221027915,1531221027910,1607151,0.00023850,93.06000000,1
1531221027915,1531221027910,1607152,0.00023840,57.71000000,1
1531221271249,1531221271244,1607153,0.00023880,0.01000000,0
1531221287100,1531221287094,1607154,0.00023880,41.87000000,0
1531221292093,1531221292087,1607155,0.00023880,2.89000000,0
1531221295119,1531221295114,1607156,0.00023880,0.01000000,0
1531221331328,1531221331322,1607157,0.00023880,1.09000000,0
1531221334354,1531221334348,1607158,0.00023880,0.01000000,0
1531221374005,1531221373999,1607159,0.00023850,9.30000000,1
1531221374897,1531221374894,1607160,0.00023850,9.30000000,0
1531221439544,1531221439540,1607161,0.00023830,0.73000000,1
1531221439649,1531221439646,1607162,0.00023830,1.04000000,1
1531221447992,1531221447987,1607163,0.00023830,2.43000000,1
1531221447992,1531221447987,1607164,0.00023800,338.22000000,1
1531221467181,1531221467176,1607165,0.00023880,0.04000000,0
1531221808155,1531221808150,1607166,0.00023810,0.03000000,1
1531221857050,1531221857046,1607167,0.00023810,80.40000000,1
1531222058201,1531222058196,1607168,0.00023880,24.29000000,0
1531222204416,1531222204411,1607169,0.00023800,8.56000000,1
1531222232671,1531222232666,1607170,0.00023800,0.27000000,1
1531222235818,1531222235813,1607171,0.00023800,1.43000000,1
1531222235818,1531222235813,1607172,0.00023690,15.63000000,1
1531222235818,1531222235813,1607173,0.00023660,904.04000000,1
1531222235842,1531222235837,1607174,0.00023660,581.16000000,0
1531222235849,1531222235843,1607175,0.00023660,305.03000000,0
1531222236834,1531222236830,1607176,0.00023840,176.00000000,0
1531222236834,1531222236830,1607177,0.00023850,257.73000000,0
1531222240054,1531222240049,1607178,0.00023770,33.56000000,1
1531222240054,1531222240049,1607179,0.00023710,244.84000000,1
1531222240054,1531222240049,1607180,0.00023640,23.23000000,1
1531222240054,1531222240049,1607181,0.00023620,235.94000000,1
1531222241122,1531222241118,1607182,0.00023630,33.58000000,1
1531222241208,1531222241204,1607183,0.00023630,0.01000000,1
1531222272420,1531222272416,1607184,0.00023740,0.05000000,0
1531222311170,1531222311167,1607185,0.00023670,1050.42000000,1
1531222311930,1531222311927,1607186,0.00023670,39.90000000,0
1531222311983,1531222311979,1607187,0.00023670,0.09000000,0
1531222312152,1531222312148,1607188,0.00023740,23.18000000,0
1531222312152,1531222312148,1607189,0.00023780,16.81000000,0
1531222315632,1531222315628,1607190,0.00023780,39.99000000,0
1531222387174,1531222387166,1607191,0.00023780,95.58000000,0
1531222515571,1531222515567,1607192,0.00023710,0.04000000,1
1531222518924,1531222518919,1607193,0.00023780,58.49000000,0
1531222541576,1531222541572,1607194,0.00023710,60.26000000,1
1531222541576,1531222541572,1607195,0.00023700,33.52000000,1
1531222543590,1531222543587,1607196,0.00023780,0.13000000,0
1531222583614,1531222583610,1607197,0.00023700,69.93000000,1
1531222640716,1531222640712,1607198,0.00023760,0.05000000,0
1531222662743,1531222662740,1607199,0.00023760,0.17000000,0
1531222672905,1531222672901,1607200,0.00023690,0.28000000,1
1531222700111,1531222700107,1607201,0.00023760,50.43000000,0
1531222700111,1531222700107,1607202,0.00023770,1.93000000,0
1531222730179,1531222730177,1607203,0.00023710,16.70000000,1
1531222730179,1531222730177,1607204,0.00023700,14.19000000,1
1531222738046,1531222738040,1607205,0.00023700,18.74000000,1
1531222738046,1531222738040,1607206,0.00023690,263.72000000,1
1531222738046,1531222738040,1607207,0.00023610,30.00000000,1
1531222738046,1531222738040,1607208,0.00023600,20.16000000,1
1531222738046,1531222738040,1607209,0.00023590,101.11000000,1
1531222738047,1531222738040,1607210,0.00023590,108.97000000,1
1531222738047,1531222738040,1607211,0.00023570,12.73000000,1
1531222738047,1531222738040,1607212,0.00023550,33.54000000,1
1531222738053,1531222738050,1607213,0.00023530,12.79000000,1
1531222738053,1531222738050,1607214,0.00023510,231.60000000,1
1531222738053,1531222738050,1607215,0.00023500,69.49000000,1
1531222738053,1531222738050,1607216,0.00023500,4.80000000,1
1531222738055,1531222738050,1607217,0.00023500,44.76000000,1
1531222738055,1531222738050,1607218,0.00023490,4.26000000,1
1531222738055,1531222738050,1607219,0.00023460,40.23000000,1
1531222738055,1531222738050,1607220,0.00023450,141.31000000,1
1531222738055,1531222738050,1607221,0.00023450,4.40000000,1
1531222738056,1531222738050,1607222,0.00023450,64.09000000,1
1531222738068,1531222738065,1607223,0.00023450,12.79000000,1
1531222738074,1531222738070,1607224,0.00023450,91.73000000,1
1531222738074,1531222738070,1607225,0.00023440,54.73000000,1
1531222738780,1531222738776,1607226,0.00023500,18.74000000,0
1531222738780,1531222738776,1607227,0.00023510,18.74000000,0
1531222738809,1531222738804,1607228,0.00023520,18.74000000,0
1531222738809,1531222738804,1607229,0.00023550,80.11000000,0
1531222738827,1531222738824,1607230,0.00023510,297.37000000,1
1531222738939,1531222738935,1607231,0.00023550,60.20000000,0
1531222738968,1531222738965,1607232,0.00023510,37.47000000,1
1531222738973,1531222738969,1607233,0.00023550,404.45000000,0
1531222738973,1531222738969,1607234,0.00023610,60.20000000,0
1531222739013,1531222739010,1607235,0.00023610,171.00000000,0
1531222739213,1531222739211,1607236,0.00023610,0.40000000,0
1531222739224,1531222739219,1607237,0.00023670,264.61000000,1
1531222739244,1531222739241,1607238,0.00023670,199.63000000,1
1531222743302,1531222743300,1607239,0.00023640,62.00000000,0
1531222743889,1531222743886,1607240,0.00023640,0.01000000,0
1531222744559,1531222744555,1607241,0.00023640,0.16000000,0
1531222744559,1531222744555,1607242,0.00023690,9.76000000,0
1531222748033,1531222748029,1607243,0.00023670,33.70000000,0
1531222748243,1531222748240,1607244,0.00023690,36.60000000,0
1531222748786,1531222748782,1607245,0.00023570,18.73000000,1
1531222755800,1531222755796,1607246,0.00023670,157.54000000,0
1531222773838,1531222773835,1607247,0.00023580,33.83000000,1
1531222775642,1531222775638,1607248,0.00023590,184.92000000,1
1531222776833,1531222776829,1607249,0.00023590,17.35000000,1
1531222781274,1531222781270,1607250,0.00023560,4.30000000,1
1531222783004,1531222783001,1607251,0.00023570,12.88000000,1
1531222785017,1531222785013,1607252,0.00023680,0.62000000,0
1531222791629,1531222791624,1607253,0.00023580,54.23000000,1
1531222791629,1531222791624,1607254,0.00023560,24.60000000,1
1531222791826,1531222791821,1607255,0.00023560,38.63000000,0
1531222791826,1531222791821,1607256,0.00023680,0.37000000,0
1531222792155,1531222792150,1607257,0.00023680,38.63000000,0
1531222798186,1531222798183,1607258,0.00023550,41.23000000,1
1531222822160,1531222822156,1607259,0.00023560,32.28000000,1
1531222822160,1531222822156,1607260,0.00023550,361.62000000,1
1531222836243,1531222836238,1607261,0.00023660,235.43000000,0
1531222841082,1531222841078,1607262,0.00023660,26.16000000,0
1531222841082,1531222841078,1607263,0.00023670,2.49000000,0
1531222849016,1531222849012,1607264,0.00023580,14.42000000,1
1531222851445,1531222851441,1607265,0.00023550,12.73000000,1
1531222852873,1531222852870,1607266,0.00023660,9.71000000,0
1531222865237,1531222865233,1607267,0.00023570,13.12000000,1
1531222871296,1531222871292,1607268,0.00023660,0.04000000,0
1531222872891,1531222872887,1607269,0.00023590,22.84000000,1
1531222873672,1531222873669,1607270,0.00023580,21.12000000,1
1531222884765,1531222884761,1607271,0.00023580,0.02000000,0
1531222887400,1531222887395,1607272,0.00023620,15.00000000,0
1531222889477,1531222889473,1607273,0.00023620,11.17000000,0
1531222891583,1531222891579,1607274,0.00023590,25.78000000,1
1531222891583,1531222891579,1607275,0.00023580,3.73000000,1
1531222892194,1531222892191,1607276,0.00023590,51.57000000,1
1531222893049,1531222893046,1607277,0.00023590,28.37000000,1
1531222903737,1531222903732,1607278,0.00023580,43.16000000,1
1531222905221,1531222905218,1607279,0.00023590,37.32000000,1
1531222919105,1531222919102,1607280,0.00023620,4.29000000,0
1531222930848,1531222930845,1607281,0.00023600,30.80000000,1
1531222937708,1531222937703,1607282,0.00023590,8.72000000,0
1531222979932,1531222979927,1607283,0.00023590,69.93000000,0
1531222980379,1531222980375,1607284,0.00023580,7.11000000,1
1531222988445,1531222988441,1607285,0.00023590,1.56000000,0
1531223013038,1531223013035,1607286,0.00023590,16.85000000,0
1531223013979,1531223013976,1607287,0.00023590,124.92000000,0
1531223014088,1531223014084,1607288,0.00023590,19.00000000,0
1531223014141,1531223014137,1607289,0.00023590,112.43000000,0
1531223014409,1531223014404,1607290,0.00023590,70.81000000,0
1531223014409,1531223014404,1607291,0.00023620,3.31000000,0
1531223018935,1531223018930,1607292,0.00023640,4.67000000,1
1531223019819,1531223019815,1607293,0.00023650,0.89000000,0
1531223020035,1531223020031,1607294,0.00023650,2.66000000,0
1531223020069,1531223020065,1607295,0.00023650,3.75000000,0
1531223020387,1531223020383,1607296,0.00023650,1.81000000,0
1531223020391,1531223020386,1607297,0.00023650,3.26000000,0
1531223020460,1531223020455,1607298,0.00023650,3.09000000,0
1531223020492,1531223020488,1607299,0.00023650,2.70000000,0
1531223020549,1531223020545,1607300,0.00023650,2.83000000,0
1531223020608,1531223020605,1607301,0.00023650,1.24000000,0
1531223020747,1531223020745,1607302,0.00023650,2.35000000,0
1531223021144,1531223021140,1607303,0.00023650,2.37000000,0
1531223021181,1531223021178,1607304,0.00023650,2.80000000,0
1531223021235,1531223021232,1607305,0.00023650,3.25000000,0
1531223021251,1531223021248,1607306,0.00023650,1.67000000,0
1531223021292,1531223021288,1607307,0.00023650,2.83000000,0
1531223021341,1531223021337,1607308,0.00023650,3.26000000,0
1531223021417,1531223021396,1607309,0.00023650,1.12000000,0
1531223021767,1531223021763,1607310,0.00023650,2.96000000,0
1531223021822,1531223021819,1607311,0.00023650,3.13000000,0
1531223021875,1531223021872,1607312,0.00023650,3.17000000,0
1531223021919,1531223021916,1607313,0.00023650,2.24000000,0
1531223021981,1531223021978,1607314,0.00023650,1.71000000,0
1531223022037,1531223022033,1607315,0.00023650,2.67000000,0
1531223022091,1531223022088,1607316,0.00023650,1.52000000,0
1531223022323,1531223022320,1607317,0.00023650,3.13000000,0
1531223022414,1531223022411,1607318,0.00023650,2.18000000,0
1531223022458,1531223022454,1607319,0.00023650,2.36000000,0
1531223022521,1531223022516,1607320,0.00023650,2.32000000,0
1531223022587,1531223022586,1607321,0.00023650,2.96000000,0
1531223022649,1531223022644,1607322,0.00023650,3.22000000,0
1531223022710,1531223022705,1607323,0.00023650,1.06000000,0
1531223022964,1531223022961,1607324,0.00023650,3.26000000,0
1531223023205,1531223023200,1607325,0.00023650,2.74000000,0
1531223023266,1531223023262,1607326,0.00023650,3.17000000,0
1531223034841,1531223034836,1607327,0.00023650,3.83000000,0
1531223034841,1531223034836,1607328,0.00023660,97.06000000,0
1531223041264,1531223041260,1607329,0.00023600,5.61000000,1
1531223074111,1531223074108,1607330,0.00023600,40.24000000,1
1531223088694,1531223088690,1607331,0.00023660,42.26000000,0
1531223180369,1531223180365,1607332,0.00023660,42.26000000,0
1531223181305,1531223181302,1607333,0.00023600,61.73000000,1
1531223213364,1531223213361,1607334,0.00023640,0.09000000,0
1531223226712,1531223226711,1607335,0.00023580,2.73000000,1
1531223226712,1531223226711,1607336,0.00023480,131.80000000,1
1531223226744,1531223226743,1607337,0.00023440,66.00000000,0
1531223226974,1531223226971,1607338,0.00023440,34.43000000,0
1531223228273,1531223228270,1607339,0.00023560,34.42000000,1
1531223228273,1531223228270,1607340,0.00023450,19.74000000,1
1531223229199,1531223229195,1607341,0.00023450,0.09000000,1
1531223277094,1531223277089,1607342,0.00023570,33.85000000,0
1531223277094,1531223277089,1607343,0.00023590,8.57000000,0
1531223300462,1531223300458,1607344,0.00023590,0.02000000,0
1531223332615,1531223332611,1607345,0.00023550,28.42000000,1
1531223332615,1531223332611,1607346,0.00023540,21.58000000,1
1531223338873,1531223338871,1607347,0.00023600,0.33000000,0
1531223371818,1531223371814,1607348,0.00023600,28.09000000,0
1531223383637,1531223383634,1607349,0.00023600,20.81000000,1
1531223438933,1531223438932,1607350,0.00023540,6.28000000,1
1531223442384,1531223442380,1607351,0.00023590,11.24000000,0
1531223442384,1531223442380,1607352,0.00023600,31.15000000,0
1531223472716,1531223472713,1607353,0.00023600,0.03000000,0
1531223524042,1531223524038,1607354,0.00023620,0.03000000,0
1531223628922,1531223628918,1607355,0.00023540,6.03000000,1
1531223628922,1531223628918,1607356,0.00023510,133.79000000,1
1531223645153,1531223645151,1607357,0.00023610,7.00000000,0
1531223708381,1531223708378,1607358,0.00023510,12.29000000,1
1531223714334,1531223714329,1607359,0.00023520,0.40000000,1
1531223715545,1531223715542,1607360,0.00023500,0.40000000,1
1531223755648,1531223755645,1607361,0.00023590,0.55000000,0
1531223793094,1531223793094,1607362,0.00023510,15.00000000,1
1531223808986,1531223808981,1607363,0.00023580,42.40000000,0
1531223867050,1531223867046,1607364,0.00023500,107.93000000,1
1531223927962,1531223927956,1607365,0.00023510,27.56000000,1
1531223927962,1531223927956,1607366,0.00023500,114.38000000,1
1531223927962,1531223927956,1607367,0.00023450,17.05000000,1
1531223927962,1531223927956,1607368,0.00023440,31.54000000,1
1531223927962,1531223927956,1607369,0.00023430,47.60000000,1
1531223927962,1531223927956,1607370,0.00023410,72.53000000,1
1531223927962,1531223927956,1607371,0.00023400,208.38000000,1
1531223927962,1531223927956,1607372,0.00023390,20.88000000,1
1531223927962,1531223927956,1607373,0.00023360,56.39000000,1
1531223927962,1531223927956,1607374,0.00023350,207.13000000,1
1531223933662,1531223933657,1607375,0.00023530,0.01000000,0
1531223948580,1531223948577,1607376,0.00023530,10.80000000,0
1531223950016,1531223950013,1607377,0.00023440,0.01000000,1
1531223973319,1531223973316,1607378,0.00023450,14.77000000,1
1531223974365,1531223974361,1607379,0.00023450,33.86000000,0
1531223974843,1531223974840,1607380,0.00023450,43.68000000,0
1531223990902,1531223990899,1607381,0.00023460,4.31000000,1
1531223993983,1531223993980,1607382,0.00023460,4.31000000,1
1531223997896,1531223997892,1607383,0.00023530,0.14000000,0
1531224149552,1531224149549,1607384,0.00023480,24.80000000,0
1531224166802,1531224166799,1607385,0.00023480,2.76000000,0
1531224166802,1531224166799,1607386,0.00023510,43.21000000,0
1531224166802,1531224166799,1607387,0.00023520,73.33000000,0
1531224176810,1531224176807,1607388,0.00023510,30.12000000,0
1531224194079,1531224194075,1607389,0.00023470,24.70000000,1
1531224194079,1531224194075,1607390,0.00023460,32.10000000,1
1531224194079,1531224194075,1607391,0.00023440,19.48000000,1
1531224194079,1531224194075,1607392,0.00023430,14.01000000,1
1531224194079,1531224194075,1607393,0.00023350,806.76000000,1
1531224200372,1531224200364,1607394,0.00023360,21.30000000,1
1531224200372,1531224200364,1607395,0.00023350,21.69000000,1
1531224216866,1531224216862,1607396,0.00023410,16.91000000,0
1531224216962,1531224216959,1607397,0.00023470,14.00000000,0
1531224237819,1531224237817,1607398,0.00023470,13.96000000,0
1531224248886,1531224248883,1607399,0.00023400,79.19000000,1
1531224248886,1531224248883,1607400,0.00023390,34.11000000,1
1531224248886,1531224248883,1607401,0.00023350,886.70000000,1
1531224277696,1531224277693,1607402,0.00023400,32.01000000,1
1531224277696,1531224277693,1607403,0.00023390,6.51000000,1
1531224288635,1531224288633,1607404,0.00023470,0.63000000,0
1531224301322,1531224301319,1607405,0.00023400,54.46000000,1
1531224301906,1531224301908,1607406,0.00023400,145.85000000,0
1531224337435,1531224337432,1607407,0.00023470,1.04000000,0
1531224552898,1531224552893,1607408,0.00023460,47.00000000,0
1531224555447,1531224555444,1607409,0.00023460,19.00000000,0
1531224556408,1531224556403,1607410,0.00023460,4.06000000,0
1531224557829,1531224557826,1607411,0.00023460,9.94000000,1
1531224574517,1531224574513,1607412,0.00023460,34.34000000,0
1531224577546,1531224577541,1607413,0.00023460,0.08000000,0
1531224621363,1531224621359,1607414,0.00023460,0.36000000,0
1531224743643,1531224743645,1607415,0.00023460,0.66000000,0
1531224837109,1531224837106,1607416,0.00023460,0.01000000,0
1531224871502,1531224871498,1607417,0.00023460,5.23000000,0
1531224874512,1531224874508,1607418,0.00023460,0.01000000,0
1531224902408,1531224902405,1607419,0.00023400,35.59000000,1
1531224902408,1531224902405,1607420,0.00023380,85.06000000,1
1531224918530,1531224918527,1607421,0.00023450,205.59000000,0
1531224933688,1531224933685,1607422,0.00023460,213.21000000,0
1531224933886,1531224933882,1607423,0.00023460,34.11000000,0
1531224943974,1531224943977,1607424,0.00023460,30.94000000,0
1531224951599,1531224951596,1607425,0.00023450,5.11000000,1
1531224955842,1531224955839,1607426,0.00023460,57.35000000,0
1531224959610,1531224959606,1607427,0.00023460,0.36000000,0
1531224963969,1531224963966,1607428,0.00023460,42.31000000,0
1531224972095,1531224972095,1607429,0.00023460,165.28000000,0
1531224978264,1531224978260,1607430,0.00023460,0.01000000,0
1531224978287,1531224978282,1607431,0.00023460,32.99000000,1
1531224984686,1531224984690,1607432,0.00023420,21.30000000,1
1531224997119,1531224997116,1607433,0.00023430,42.08000000,1
1531225010693,1531225010690,1607434,0.00023430,22.62000000,1
1531225010695,1531225010692,1607435,0.00023420,12.01000000,1
1531225044545,1531225044540,1607436,0.00023460,10.61000000,0
1531225044582,1531225044579,1607437,0.00023460,73.42000000,1
1531225115553,1531225115548,1607438,0.00023470,2.07000000,0
1531225118536,1531225118532,1607439,0.00023470,0.01000000,0
1531225124550,1531225124545,1607440,0.00023470,261.24000000,0
1531225175273,1531225175271,1607441,0.00023470,1.87000000,0
1531225178266,1531225178262,1607442,0.00023470,0.01000000,0
1531225208336,1531225208331,1607443,0.00023470,141.18000000,0
1531225214780,1531225214777,1607444,0.00023470,0.15000000,0
