event_time,trade_time,trade_id,price,quantity,maker
1531210355986,1531210355984,8014606,0.00260100,2.15000000,0
1531210360574,1531210360569,8014607,0.00259600,4.92000000,1
1531210364065,1531210364061,8014608,0.00259600,0.96000000,1
1531210364111,1531210364106,8014609,0.00259600,9.11000000,0
1531210364200,1531210364195,8014610,0.00259600,76.93000000,0
1531210364498,1531210364493,8014611,0.00259500,2.16000000,1
1531210364503,1531210364497,8014612,0.00259600,506.87000000,0
1531210370501,1531210370496,8014613,0.00259700,0.96000000,0
1531210370508,1531210370504,8014614,0.00259500,45.00000000,1
1531210371415,1531210371410,8014615,0.00259800,165.50000000,0
1531210376176,1531210376172,8014616,0.00259900,12.49000000,0
1531210376825,1531210376822,8014617,0.00259900,0.03000000,0
1531210378009,1531210378004,8014618,0.00259600,0.60000000,1
1531210380160,1531210380155,8014619,0.00259900,161.61000000,0
1531210380428,1531210380423,8014620,0.00259900,2.48000000,1
1531210380501,1531210380498,8014621,0.00259900,9.44000000,1
1531210383634,1531210383630,8014622,0.00260000,0.95000000,0
1531210383634,1531210383630,8014623,0.00260100,1.45000000,0
1531210385230,1531210385226,8014624,0.00259600,3.11000000,1
1531210390168,1531210390165,8014625,0.00260000,6.12000000,0
1531210391927,1531210391923,8014626,0.00260100,0.02000000,0
1531210407043,1531210407038,8014627,0.00260100,11.27000000,0
1531210411263,1531210411259,8014628,0.00260000,173.46000000,0
1531210415957,1531210415953,8014629,0.00260100,17.75000000,0
1531210415957,1531210415953,8014630,0.00260200,0.96000000,0
1531210416612,1531210416607,8014631,0.00260000,0.50000000,1
1531210417588,1531210417585,8014632,0.00260000,3.00000000,1
1531210417610,1531210417606,8014633,0.00260100,0.22000000,0
1531210418012,1531210418007,8014634,0.00260000,8.86000000,1
1531210418929,1531210418926,8014635,0.00260200,0.24000000,0
1531210419412,1531210419407,8014636,0.00260000,0.58000000,1
1531210419974,1531210419966,8014637,0.00260100,0.24000000,0
1531210420376,1531210420371,8014638,0.00260100,0.85000000,0
1531210421868,1531210421863,8014639,0.00260100,0.23000000,0
1531210423988,1531210423983,8014640,0.00260100,1.93000000,0
1531210428148,1531210428143,8014641,0.00260400,0.03000000,0
1531210441292,1531210441287,8014642,0.00260100,9.78000000,1
1531210454065,1531210454059,8014643,0.00260200,29.09000000,0
1531210454234,1531210454230,8014644,0.00260200,0.23000000,0
1531210454995,1531210454991,8014645,0.00260000,1.47000000,1
1531210457734,1531210457731,8014646,0.00260100,2.40000000,0
1531210461548,1531210461543,8014647,0.00260000,7.82000000,1
1531210461718,1531210461714,8014648,0.00260100,7.19000000,0
1531210462607,1531210462603,8014649,0.00260100,0.02000000,0
1531210475511,1531210475505,8014650,0.00260100,8.00000000,0
1531210476478,1531210476475,8014651,0.00260000,73.47000000,1
1531210486187,1531210486184,8014652,0.00260100,68.97000000,0
1531210487415,1531210487410,8014653,0.00260100,67.72000000,0
1531210487429,1531210487424,8014654,0.00260200,105.62000000,0
1531210499403,1531210499398,8014655,0.00260000,1.00000000,1
1531210499830,1531210499825,8014656,0.00260200,173.33000000,0
1531210507728,1531210507725,8014657,0.00260200,1.66000000,0
1531210517978,1531210517972,8014658,0.00260000,11.54000000,1
1531210518805,1531210518801,8014659,0.00260000,0.15000000,1
1531210519529,1531210519525,8014660,0.00260000,197.05000000,1
1531210519546,1531210519543,8014661,0.00260000,24.92000000,1
1531210539762,1531210539759,8014662,0.00260000,173.46000000,0
1531210540887,1531210540883,8014663,0.00260000,0.96000000,0
1531210540887,1531210540883,8014664,0.00260100,0.18000000,0
1531210540911,1531210540907,8014665,0.00259700,13.60000000,1
1531210546788,1531210546784,8014666,0.00259900,173.53000000,0
1531210561083,1531210561077,8014667,0.00259900,6.91000000,0
1531210562378,1531210562374,8014668,0.00259900,2.23000000,0
1531210564718,1531210564715,8014669,0.00259900,1.13000000,0
1531210565527,1531210565523,8014670,0.00259900,3.33000000,0
1531210567228,1531210567222,8014671,0.00260100,0.79000000,0
1531210579552,1531210579548,8014672,0.00260000,3.78000000,0
1531210581110,1531210581103,8014673,0.00260000,7.19000000,0
1531210584191,1531210584186,8014674,0.00260000,50.03000000,0
1531210584216,1531210584212,8014675,0.00260000,112.45000000,0
1531210584518,1531210584514,8014676,0.00260000,10.95000000,1
1531210586126,1531210586121,8014677,0.00260100,0.60000000,0
1531210587796,1531210587792,8014678,0.00260000,0.28000000,0
1531210591741,1531210591738,8014679,0.00259900,11.91000000,0
1531210602250,1531210602245,8014680,0.00260000,27.76000000,1
1531210616345,1531210616341,8014681,0.00259900,1.54000000,0
1531210616425,1531210616421,8014682,0.00259900,1.54000000,0
1531210618173,1531210618171,8014683,0.00259900,1.54000000,0
1531210618861,1531210618858,8014684,0.00259900,1.54000000,0
1531210620803,1531210620799,8014685,0.00260000,1.54000000,0
1531210620890,1531210620885,8014686,0.00260000,0.04000000,0
1531210621707,1531210621702,8014687,0.00260000,1.54000000,0
1531210622164,1531210622159,8014688,0.00259700,5.07000000,1
1531210625590,1531210625585,8014689,0.00259800,3.56000000,1
1531210627287,1531210627285,8014690,0.00259800,25.54000000,1
1531210627287,1531210627285,8014691,0.00259700,3.30000000,1
1531210630541,1531210630537,8014692,0.00259900,173.55000000,0
1531210638974,1531210638970,8014693,0.00259900,0.02000000,0
1531210641020,1531210641015,8014694,0.00259900,173.53000000,0
1531210651676,1531210651671,8014695,0.00259900,7.21000000,1
1531210662209,1531210662205,8014696,0.00259800,77.76000000,0
1531210670798,1531210670793,8014697,0.00259500,0.57000000,1
1531210670798,1531210670793,8014698,0.00259300,0.43000000,1
1531210676783,1531210676778,8014699,0.00259700,179.41000000,0
1531210676796,1531210676792,8014700,0.00259700,1.48000000,0
1531210681176,1531210681171,8014701,0.00259800,0.96000000,0
1531210698581,1531210698576,8014702,0.00259800,361.64000000,0
1531210707184,1531210707184,8014703,0.00259900,4.65000000,0
1531210708858,1531210708853,8014704,0.00259900,1.48000000,0
1531210710549,1531210710545,8014705,0.00259900,0.04000000,0
1531210715852,1531210715847,8014706,0.00259800,7.19000000,1
1531210717148,1531210717143,8014707,0.00259900,170.00000000,0
1531210729741,1531210729736,8014708,0.00259800,46.78000000,0
1531210733600,1531210733597,8014709,0.00259900,0.78000000,0
1531210734484,1531210734480,8014710,0.00259800,0.23000000,1
1531210737529,1531210737524,8014711,0.00259800,153.18000000,1
1531210751417,1531210751413,8014712,0.00259800,13.98000000,0
1531210751741,1531210751737,8014713,0.00259800,146.35000000,0
1531210754584,1531210754578,8014714,0.00259800,13.98000000,0
1531210755120,1531210755116,8014715,0.00259800,211.56000000,0
1531210756296,1531210756292,8014716,0.00259900,6.03000000,0
1531210764813,1531210764809,8014717,0.00259800,181.50000000,1
1531210766279,1531210766275,8014718,0.00259600,29.10000000,1
1531210766279,1531210766275,8014719,0.00259500,95.79000000,1
1531210770241,1531210770236,8014720,0.00259800,13.98000000,0
1531210773361,1531210773357,8014721,0.00259800,4.66000000,0
1531210776536,1531210776531,8014722,0.00259800,4.66000000,0
1531210780415,1531210780411,8014723,0.00259700,4.66000000,0
1531210780473,1531210780473,8014724,0.00259700,46.62000000,0
1531210780611,1531210780607,8014725,0.00259700,46.62000000,0
1531210780746,1531210780741,8014726,0.00259700,41.94000000,0
1531210780785,1531210780780,8014727,0.00259700,88.62000000,0
1531210785029,1531210785024,8014728,0.00259700,228.03000000,0
1531210788410,1531210788404,8014729,0.00259700,49.83000000,1
1531210788410,1531210788404,8014730,0.00259500,2.14000000,1
1531210788410,1531210788404,8014731,0.00259100,3.08000000,1
1531210788410,1531210788404,8014732,0.00259000,32.65000000,1
1531210788410,1531210788404,8014733,0.00258900,20.99000000,1
1531210788428,1531210788424,8014734,0.00259100,2.58000000,0
1531210790542,1531210790538,8014735,0.00259600,2.29000000,0
1531210791594,1531210791589,8014736,0.00259800,0.96000000,0
1531210793648,1531210793643,8014737,0.00259900,0.40000000,0
1531210796915,1531210796911,8014738,0.00259900,0.40000000,0
1531210797041,1531210797041,8014739,0.00259900,0.40000000,0
1531210797174,1531210797170,8014740,0.00259900,0.40000000,0
1531210797296,1531210797293,8014741,0.00259900,0.40000000,0
1531210797427,1531210797424,8014742,0.00259900,0.40000000,0
1531210797588,1531210797583,8014743,0.00259600,14.00000000,1
1531210797588,1531210797583,8014744,0.00259500,0.96000000,1
1531210797620,1531210797616,8014745,0.00259500,7.41000000,0
1531210797651,1531210797647,8014746,0.00259500,2.82000000,0
1531210797692,1531210797688,8014747,0.00259500,46.67000000,0
1531210797736,1531210797732,8014748,0.00259500,41.29000000,0
1531210797764,1531210797758,8014749,0.00259500,13.99000000,0
1531210797815,1531210797811,8014750,0.00259500,18.00000000,0
1531210797823,1531210797819,8014751,0.00259500,37.66000000,0
1531210803436,1531210803432,8014752,0.00259700,137.10000000,1
1531210806052,1531210806048,8014753,0.00259700,230.34000000,1
1531210806068,1531210806063,8014754,0.00259700,215.46000000,1
1531210806475,1531210806471,8014755,0.00259500,46.67000000,1
1531210806658,1531210806654,8014756,0.00259500,73.18000000,0
1531210806677,1531210806674,8014757,0.00259500,85.80000000,0
1531210808741,1531210808737,8014758,0.00259500,4.11000000,0
1531210809955,1531210809952,8014759,0.00259600,0.41000000,0
1531210810097,1531210810093,8014760,0.00259500,1.99000000,1
1531210810539,1531210810535,8014761,0.00259500,3.25000000,1
1531210810559,1531210810554,8014762,0.00259500,3.51000000,1
1531210812787,1531210812782,8014763,0.00259400,7.80000000,0
1531210813864,1531210813861,8014764,0.00259400,0.08000000,1
1531210821292,1531210821288,8014765,0.00259500,0.55000000,0
1531210822294,1531210822288,8014766,0.00259500,1.50000000,1
1531210825382,1531210825378,8014767,0.00259600,0.77000000,0
1531210825382,1531210825378,8014768,0.00259700,9.23000000,0
1531210826358,1531210826353,8014769,0.00259600,0.11000000,1
1531210827278,1531210827275,8014770,0.00259600,51.41000000,1
1531210827297,1531210827292,8014771,0.00259600,108.89000000,1
1531210830703,1531210830698,8014772,0.00259600,58.24000000,1
1531210830929,1531210830925,8014773,0.00259500,5.15000000,1
1531210834420,1531210834417,8014774,0.00259500,36.91000000,0
1531210834449,1531210834444,8014775,0.00259500,35.06000000,0
1531210837695,1531210837692,8014776,0.00259500,55.65000000,1
1531210843290,1531210843287,8014777,0.00259400,14.82000000,0
1531210846006,1531210846002,8014778,0.00259400,367.29000000,0
1531210858604,1531210858600,8014779,0.00259400,1.89000000,1
1531210864114,1531210864108,8014780,0.00259400,7.93000000,1
1531210867174,1531210867170,8014781,0.00259300,28.15000000,0
1531210871758,1531210871754,8014782,0.00259300,270.23000000,0
1531210871781,1531210871781,8014783,0.00259300,73.36000000,0
1531210871804,1531210871800,8014784,0.00259400,369.18000000,0
1531210877187,1531210877183,8014785,0.00259400,7.93000000,1
1531210877845,1531210877841,8014786,0.00259400,38.01000000,0
1531210884198,1531210884194,8014787,0.00259300,384.13000000,0
1531210888785,1531210888782,8014788,0.00259300,378.25000000,1
1531210889389,1531210889384,8014789,0.00259300,0.96000000,1
1531210889551,1531210889548,8014790,0.00259300,20.52000000,0
1531210905778,1531210905774,8014791,0.00259600,0.96000000,0
1531210905778,1531210905774,8014792,0.00259700,1.86000000,0
1531210910559,1531210910555,8014793,0.00259600,0.59000000,0
1531210913534,1531210913528,8014794,0.00259600,76.78000000,0
1531210913618,1531210913618,8014795,0.00259600,0.59000000,1
1531210915586,1531210915582,8014796,0.00259700,4.00000000,0
1531210924495,1531210924490,8014797,0.00259400,98.20000000,0
1531210924506,1531210924502,8014798,0.00259600,183.87000000,0
1531210924526,1531210924521,8014799,0.00259600,45.89000000,0
1531210949762,1531210949758,8014800,0.00259600,7.20000000,1
1531210959064,1531210959058,8014801,0.00259600,134.12000000,0
1531210964797,1531210964793,8014802,0.00259600,100.00000000,0
1531210968853,1531210968848,8014803,0.00259600,307.50000000,0
1531210968868,1531210968864,8014804,0.00259600,152.27000000,0
1531210972544,1531210972540,8014805,0.00259600,37.50000000,1
1531210972554,1531210972549,8014806,0.00259600,17.49000000,1
1531210974776,1531210974773,8014807,0.00259600,14.00000000,1
1531210976612,1531210976608,8014808,0.00259700,104.00000000,1
1531210978566,1531210978562,8014809,0.00259700,7.69000000,1
1531210980871,1531210980867,8014810,0.00259700,205.68000000,1
1531210980886,1531210980881,8014811,0.00259600,31.01000000,1
1531210993114,1531210993110,8014812,0.00259500,22.98000000,0
1531210995573,1531210995568,8014813,0.00259500,223.81000000,0
1531210995590,1531210995586,8014814,0.00259500,232.43000000,0
1531210995611,1531210995606,8014815,0.00259600,221.26000000,0
1531210995628,1531210995624,8014816,0.00259700,111.69000000,0
1531210997556,1531210997550,8014817,0.00259700,205.68000000,1
1531211011967,1531211011962,8014818,0.00259700,188.34000000,0
1531211011985,1531211011980,8014819,0.00259700,107.79000000,0
1531211012002,1531211012001,8014820,0.00259600,31.01000000,1
1531211024921,1531211024916,8014821,0.00259600,221.26000000,0
1531211040113,1531211040109,8014822,0.00259700,35.00000000,0
1531211044756,1531211044750,8014823,0.00259700,1.81000000,0
1531211045664,1531211045658,8014824,0.00259500,0.57000000,1
1531211047543,1531211047539,8014825,0.00259500,0.13000000,0
1531211058678,1531211058674,8014826,0.00259500,33.23000000,0
1531211058693,1531211058688,8014827,0.00259600,103.40000000,0
1531211058711,1531211058707,8014828,0.00259600,159.62000000,0
1531211074113,1531211074113,8014829,0.00259500,3.89000000,1
1531211079443,1531211079441,8014830,0.00259700,287.62000000,0
1531211079463,1531211079459,8014831,0.00259700,8.52000000,0
1531211092767,1531211092762,8014832,0.00259600,205.46000000,0
1531211092787,1531211092782,8014833,0.00259600,58.21000000,0
1531211096619,1531211096615,8014834,0.00259700,4.00000000,0
1531211101018,1531211101015,8014835,0.00259600,24.00000000,0
1531211105186,1531211105180,8014836,0.00259600,146.97000000,0
1531211108361,1531211108356,8014837,0.00259800,0.40000000,0
1531211108495,1531211108490,8014838,0.00259800,0.40000000,0
1531211108623,1531211108620,8014839,0.00259800,0.40000000,0
1531211108760,1531211108755,8014840,0.00259800,0.40000000,0
1531211108884,1531211108878,8014841,0.00259800,0.40000000,0
1531211111068,1531211111063,8014842,0.00259800,9.55000000,0
1531211112968,1531211112965,8014843,0.00259600,0.04000000,1
1531211113019,1531211113015,8014844,0.00259800,0.01000000,0
1531211117992,1531211117988,8014845,0.00259600,23.95000000,1
1531211118703,1531211118699,8014846,0.00259500,0.31000000,1
1531211127397,1531211127392,8014847,0.00259500,0.03000000,1
1531211136888,1531211136884,8014848,0.00259500,2.00000000,1
1531211137220,1531211137216,8014849,0.00259500,0.09000000,1
1531211138142,1531211138138,8014850,0.00259500,0.88000000,1
1531211156285,1531211156282,8014851,0.00259400,2.34000000,1
1531211156562,1531211156558,8014852,0.00259400,2.58000000,0
1531211156562,1531211156558,8014853,0.00259800,12.42000000,0
1531211165933,1531211165929,8014854,0.00259500,205.62000000,0
1531211168214,1531211168210,8014855,0.00259500,5.97000000,1
1531211168678,1531211168673,8014856,0.00259400,0.96000000,1
1531211168678,1531211168673,8014857,0.00259300,3.85000000,1
1531211168678,1531211168673,8014858,0.00259200,29.18000000,1
1531211175150,1531211175146,8014859,0.00259400,0.79000000,0
1531211180548,1531211180543,8014860,0.00259200,7.21000000,1
1531211180548,1531211180543,8014861,0.00259100,7.64000000,1
1531211180548,1531211180543,8014862,0.00259000,42.74000000,1
1531211187454,1531211187449,8014863,0.00258800,64.58000000,1
1531211187552,1531211187546,8014864,0.00258700,103.08000000,1
1531211187676,1531211187670,8014865,0.00258800,25.38000000,0
1531211187773,1531211187769,8014866,0.00258800,0.01000000,0
1531211188362,1531211188358,8014867,0.00259100,1.13000000,0
1531211188362,1531211188358,8014868,0.00259200,1.88000000,0
1531211188428,1531211188424,8014869,0.00259200,0.45000000,0
1531211191570,1531211191571,8014870,0.00259100,1.92000000,0
1531211193782,1531211193778,8014871,0.00259100,106.79000000,0
1531211193806,1531211193801,8014872,0.00259100,188.12000000,0
1531211200527,1531211200521,8014873,0.00259100,3.44000000,0
1531211201713,1531211201709,8014874,0.00259100,1.54000000,0
1531211202262,1531211202257,8014875,0.00259100,1.54000000,0
1531211203584,1531211203579,8014876,0.00259100,1.54000000,0
1531211203966,1531211203961,8014877,0.00259100,1.54000000,0
1531211207195,1531211207189,8014878,0.00259100,1.54000000,1
1531211213194,1531211213189,8014879,0.00258900,171.42000000,0
1531211213207,1531211213204,8014880,0.00259000,3.00000000,0
1531211213230,1531211213225,8014881,0.00259000,124.51000000,0
1531211215914,1531211215911,8014882,0.00258800,8.18000000,1
1531211238091,1531211238087,8014883,0.00258800,4.69000000,1
1531211241890,1531211241885,8014884,0.00258800,11.46000000,1
1531211241994,1531211241990,8014885,0.00258800,8.08000000,0
1531211246772,1531211246767,8014886,0.00258800,2.50000000,0
1531211248553,1531211248548,8014887,0.00258800,8.10000000,0
1531211254592,1531211254586,8014888,0.00259000,36.95000000,0
1531211254592,1531211254586,8014889,0.00259400,3.08000000,0
1531211254592,1531211254586,8014890,0.00259500,6.69000000,0
1531211254592,1531211254586,8014891,0.00259600,53.28000000,0
1531211263013,1531211263007,8014892,0.00259000,0.77000000,0
1531211266726,1531211266720,8014893,0.00258700,0.96000000,1
1531211266726,1531211266720,8014894,0.00258600,1.44000000,1
1531211268591,1531211268587,8014895,0.00258700,0.96000000,0
1531211270191,1531211270187,8014896,0.00258900,0.50000000,0
1531211280154,1531211280149,8014897,0.00259300,0.96000000,0
1531211280154,1531211280149,8014898,0.00259400,4.04000000,0
1531211285246,1531211285242,8014899,0.00259300,12.67000000,0
1531211285269,1531211285265,8014900,0.00259300,213.81000000,0
1531211287591,1531211287588,8014901,0.00258900,7.42000000,0
1531211301068,1531211301062,8014902,0.00258700,3.87000000,1
1531211335587,1531211335583,8014903,0.00259000,67.18000000,0
1531211347607,1531211347602,8014904,0.00258900,13.00000000,1
1531211347607,1531211347602,8014905,0.00258800,0.57000000,1
1531211347641,1531211347636,8014906,0.00258700,28.31000000,1
1531211348642,1531211348637,8014907,0.00258800,2.40000000,0
1531211350742,1531211350739,8014908,0.00258800,2.40000000,0
1531211352600,1531211352594,8014909,0.00258800,2.82000000,0
1531211352604,1531211352600,8014910,0.00258900,13.02000000,0
1531211352778,1531211352774,8014911,0.00259100,2.40000000,1
1531211357393,1531211357390,8014912,0.00259100,298.75000000,0
1531211365888,1531211365884,8014913,0.00258700,0.96000000,1
1531211365888,1531211365884,8014914,0.00258600,16.50000000,1
1531211375615,1531211375611,8014915,0.00258800,0.96000000,0
1531211375643,1531211375639,8014916,0.00258800,16.50000000,0
1531211379752,1531211379748,8014917,0.00258900,26.14000000,0
1531211379774,1531211379770,8014918,0.00258900,218.46000000,0
1531211383208,1531211383203,8014919,0.00259200,18.51000000,0
1531211393036,1531211393030,8014920,0.00259100,12.41000000,0
1531211393060,1531211393055,8014921,0.00259100,130.37000000,0
1531211410180,1531211410176,8014922,0.00259000,132.25000000,0
1531211415873,1531211415869,8014923,0.00258700,0.14000000,1
1531211418192,1531211418188,8014924,0.00259000,245.53000000,0
1531211418214,1531211418209,8014925,0.00259000,53.34000000,0
1531211422088,1531211422082,8014926,0.00259000,14.56000000,1
1531211422707,1531211422703,8014927,0.00258700,0.82000000,1
1531211422707,1531211422703,8014928,0.00258600,90.87000000,1
1531211422707,1531211422703,8014929,0.00258500,8.31000000,1
1531211424202,1531211424198,8014930,0.00258900,0.01000000,0
1531211435076,1531211435072,8014931,0.00258800,32.14000000,0
1531211435121,1531211435115,8014932,0.00258800,61.84000000,0
1531211435277,1531211435272,8014933,0.00258800,14.86000000,0
1531211436957,1531211436951,8014934,0.00258800,5.00000000,0
1531211439441,1531211439437,8014935,0.00258800,1.93000000,0
1531211439782,1531211439778,8014936,0.00258800,184.29000000,0
1531211449395,1531211449390,8014937,0.00259000,254.75000000,0
1531211449410,1531211449405,8014938,0.00259000,158.86000000,0
1531211449430,1531211449425,8014939,0.00258800,64.82000000,1
1531211451604,1531211451601,8014940,0.00258800,179.29000000,0
1531211459976,1531211459971,8014941,0.00259000,317.93000000,0
1531211472774,1531211472770,8014942,0.00258900,126.17000000,0
1531211472783,1531211472779,8014943,0.00258700,116.81000000,1
1531211485380,1531211485376,8014944,0.00258800,175.18000000,1
1531211492758,1531211492755,8014945,0.00258900,0.76000000,0
1531211505219,1531211505214,8014946,0.00259000,293.69000000,0
1531211505232,1531211505228,8014947,0.00259000,119.93000000,0
1531211507233,1531211507225,8014948,0.00258600,3.89000000,1
1531211510073,1531211510067,8014949,0.00259000,0.96000000,0
1531211510073,1531211510067,8014950,0.00259100,16.95000000,0
1531211510073,1531211510067,8014951,0.00259200,136.10000000,0
1531211510073,1531211510067,8014952,0.00259300,99.22000000,0
1531211526526,1531211526521,8014953,0.00258700,56.00000000,1
1531211551973,1531211551968,8014954,0.00258700,132.84000000,1
1531211562198,1531211562193,8014955,0.00258700,31.44000000,1
1531211562371,1531211562366,8014956,0.00258700,14.69000000,1
1531211565638,1531211565632,8014957,0.00258800,0.73000000,0
1531211565638,1531211565632,8014958,0.00259100,1.67000000,0
1531211566748,1531211566744,8014959,0.00258700,328.50000000,1
1531211566766,1531211566762,8014960,0.00258700,100.73000000,1
1531211578766,1531211578760,8014961,0.00258600,13.10000000,1
1531211578766,1531211578760,8014962,0.00258500,8.77000000,1
1531211578783,1531211578779,8014963,0.00258500,13.10000000,1
1531211579508,1531211579503,8014964,0.00258500,14.56000000,1
1531211582655,1531211582650,8014965,0.00258500,37.50000000,1
1531211584663,1531211584659,8014966,0.00258500,240.08000000,1
1531211585640,1531211585636,8014967,0.00258600,2.40000000,0
1531211585772,1531211585767,8014968,0.00258600,318.93000000,0
1531211585793,1531211585788,8014969,0.00258700,145.90000000,0
1531211589637,1531211589633,8014970,0.00258300,3.98000000,1
1531211595063,1531211595057,8014971,0.00258300,0.07000000,1
1531211596838,1531211596832,8014972,0.00258200,3.94000000,1
1531211602295,1531211602290,8014973,0.00258200,0.24000000,1
1531211603804,1531211603798,8014974,0.00258300,0.75000000,0
1531211614847,1531211614843,8014975,0.00258200,0.73000000,1
1531211614936,1531211614930,8014976,0.00258400,94.15000000,0
1531211614956,1531211614953,8014977,0.00258400,132.71000000,0
1531211619694,1531211619692,8014978,0.00258200,1.51000000,1
1531211622341,1531211622336,8014979,0.00258400,8.80000000,0
1531211623964,1531211623958,8014980,0.00258100,0.43000000,1
1531211630300,1531211630294,8014981,0.00258300,5.00000000,0
1531211635218,1531211635213,8014982,0.00258200,0.44000000,0
1531211636621,1531211636615,8014983,0.00258100,2.30000000,1
1531211642608,1531211642604,8014984,0.00258200,0.08000000,0
1531211647491,1531211647486,8014985,0.00258100,1.30000000,1
1531211656324,1531211656319,8014986,0.00258100,7.86000000,1
1531211656324,1531211656319,8014987,0.00258000,413.32000000,1
1531211656328,1531211656319,8014988,0.00257900,7.21000000,1
1531211656328,1531211656319,8014989,0.00257800,9.60000000,1
1531211656328,1531211656319,8014990,0.00257700,5.24000000,1
1531211656328,1531211656319,8014991,0.00257500,10.00000000,1
1531211656328,1531211656319,8014992,0.00257400,2.30000000,1
1531211656328,1531211656319,8014993,0.00257300,344.09000000,1
1531211656328,1531211656319,8014994,0.00257200,39.61000000,1
1531211656328,1531211656319,8014995,0.00257100,7.55000000,1
1531211656328,1531211656319,8014996,0.00257000,21.33000000,1
1531211656328,1531211656319,8014997,0.00257000,278.18000000,1
1531211657651,1531211657646,8014998,0.00257900,5.24000000,1
1531211657848,1531211657844,8014999,0.00257900,0.96000000,0
1531211659255,1531211659250,8015000,0.00258000,1.61000000,0
1531211659659,1531211659655,8015001,0.00258000,0.69000000,0
1531211659659,1531211659655,8015002,0.00258100,0.49000000,0
1531211660227,1531211660222,8015003,0.00257900,1.86000000,1
1531211660251,1531211660250,8015004,0.00257900,4.70000000,1
1531211662517,1531211662516,8015005,0.00258100,0.06000000,0
1531211662835,1531211662831,8015006,0.00257900,0.96000000,1
1531211662835,1531211662831,8015007,0.00257600,0.97000000,1
1531211662835,1531211662831,8015008,0.00257500,8.07000000,1
1531211663537,1531211663533,8015009,0.00258100,3.87000000,0
1531211663762,1531211663759,8015010,0.00258000,0.87000000,0
1531211664708,1531211664705,8015011,0.00258000,16.22000000,1
1531211669651,1531211669626,8015012,0.00257900,0.97000000,0
1531211670152,1531211670148,8015013,0.00258000,0.90000000,0
1531211671155,1531211671151,8015014,0.00258000,0.90000000,0
1531211671914,1531211671909,8015015,0.00257900,2.69000000,0
1531211671928,1531211671924,8015016,0.00257900,15.51000000,0
1531211671982,1531211671977,8015017,0.00257900,3.88000000,0
1531211672010,1531211672006,8015018,0.00257900,4.89000000,0
1531211672068,1531211672064,8015019,0.00257900,7.98000000,0
1531211673400,1531211673395,8015020,0.00258000,23.76000000,0
1531211673688,1531211673684,8015021,0.00258000,2.72000000,0
1531211673708,1531211673704,8015022,0.00258000,154.59000000,0
1531211673722,1531211673716,8015023,0.00258000,114.18000000,0
1531211675650,1531211675643,8015024,0.00258000,19.24000000,1
1531211688211,1531211688205,8015025,0.00257800,0.40000000,1
1531211692998,1531211692994,8015026,0.00258100,309.12000000,0
1531211693016,1531211693011,8015027,0.00258100,82.34000000,0
1531211694970,1531211694966,8015028,0.00257800,0.73000000,0
1531211695659,1531211695655,8015029,0.00257800,0.06000000,0
1531211695795,1531211695789,8015030,0.00257600,14.56000000,1
1531211695795,1531211695789,8015031,0.00257500,10.00000000,1
1531211695795,1531211695789,8015032,0.00257400,1.19000000,1
1531211695795,1531211695789,8015033,0.00257200,16.27000000,1
1531211695795,1531211695789,8015034,0.00257100,688.87000000,1
1531211697134,1531211697129,8015035,0.00257800,2.32000000,0
1531211700086,1531211700081,8015036,0.00257600,0.51000000,1
1531211700086,1531211700081,8015037,0.00257200,41.09000000,1
1531211700086,1531211700081,8015038,0.00257100,146.31000000,1
1531211700108,1531211700104,8015039,0.00257100,46.29000000,0
1531211700111,1531211700107,8015040,0.00257100,54.63000000,0
1531211700156,1531211700153,8015041,0.00258000,1.36000000,0
1531211700156,1531211700153,8015042,0.00258100,96.54000000,0
1531211702212,1531211702206,8015043,0.00257900,1.53000000,0
1531211708905,1531211708905,8015044,0.00257600,0.40000000,1
1531211709181,1531211709176,8015045,0.00257600,1.18000000,1
1531211709906,1531211709900,8015046,0.00257900,0.40000000,0
1531211709906,1531211709900,8015047,0.00258000,3.37000000,0
1531211714734,1531211714730,8015048,0.00257800,0.01000000,0
1531211716228,1531211716223,8015049,0.00257800,0.90000000,0
1531211716895,1531211716889,8015050,0.00257800,4.18000000,0
1531211716990,1531211716984,8015051,0.00257700,0.57000000,0
1531211716990,1531211716984,8015052,0.00257800,0.33000000,0
1531211718223,1531211718217,8015053,0.00257800,373.56000000,0
1531211718244,1531211718240,8015054,0.00257800,178.26000000,0
1531211723971,1531211723967,8015055,0.00258000,0.57000000,0
1531211728545,1531211728540,8015056,0.00257900,0.90000000,0
1531211729262,1531211729262,8015057,0.00257900,0.90000000,0
1531211730253,1531211730250,8015058,0.00257900,1.27000000,0
1531211731264,1531211731259,8015059,0.00257900,1.45000000,0
1531211731264,1531211731259,8015060,0.00258000,0.11000000,0
1531211732051,1531211732047,8015061,0.00258000,1.01000000,0
1531211733055,1531211733050,8015062,0.00258000,1.57000000,0
1531211733513,1531211733508,8015063,0.00257800,5.42000000,1
1531211734157,1531211734152,8015064,0.00257800,3.70000000,0
1531211735982,1531211735977,8015065,0.00257700,4.70000000,0
1531211736135,1531211736130,8015066,0.00257500,1.71000000,1
1531211736438,1531211736433,8015067,0.00257700,47.06000000,0
1531211736568,1531211736563,8015068,0.00257700,47.06000000,0
1531211736707,1531211736704,8015069,0.00257700,47.06000000,0
1531211736739,1531211736734,8015070,0.00257700,86.53000000,0
1531211736778,1531211736775,8015071,0.00257700,107.17000000,0
1531211741871,1531211741866,8015072,0.00258000,1.10000000,0
1531211742254,1531211742250,8015073,0.00258000,1.10000000,0
1531211743270,1531211743266,8015074,0.00258000,1.10000000,0
1531211746741,1531211746736,8015075,0.00258000,2.20000000,0
1531211748890,1531211748857,8015076,0.00257700,0.79000000,1
1531211749488,1531211749484,8015077,0.00258000,0.05000000,0
1531211752213,1531211752208,8015078,0.00258000,0.02000000,0
1531211757910,1531211757906,8015079,0.00258000,0.90000000,0
1531211758359,1531211758356,8015080,0.00258000,0.90000000,0
1531211759548,1531211759543,8015081,0.00257700,162.40000000,1
1531211759562,1531211759558,8015082,0.00257700,246.96000000,1
1531211763262,1531211763258,8015083,0.00257800,0.85000000,0
1531211763346,1531211763342,8015084,0.00258000,6.26000000,0
1531211769171,1531211769166,8015085,0.00258000,0.90000000,0
1531211769201,1531211769196,8015086,0.00257800,41.41000000,1
1531211779201,1531211779196,8015087,0.00258000,0.02000000,0
1531211784081,1531211784079,8015088,0.00257900,5.24000000,1
1531211784081,1531211784079,8015089,0.00257800,120.85000000,1
1531211785271,1531211785267,8015090,0.00257900,140.65000000,0
1531211785288,1531211785282,8015091,0.00257800,315.12000000,1
1531211785299,1531211785295,8015092,0.00257800,191.31000000,1
1531211787781,1531211787777,8015093,0.00258000,2.40000000,0
1531211789004,1531211789000,8015094,0.00257700,0.55000000,0
1531211789532,1531211789528,8015095,0.00257900,1.10000000,0
1531211791163,1531211791159,8015096,0.00257700,0.72000000,1
1531211795283,1531211795279,8015097,0.00257800,329.77000000,0
1531211795295,1531211795289,8015098,0.00257700,317.31000000,1
1531211804648,1531211804644,8015099,0.00257900,4.13000000,0
1531211829505,1531211829498,8015100,0.00257700,0.55000000,1
1531211829595,1531211829591,8015101,0.00257700,0.28000000,1
1531211835046,1531211835042,8015102,0.00257800,0.01000000,0
1531211836761,1531211836758,8015103,0.00257800,0.72000000,0
1531211859856,1531211859851,8015104,0.00257800,0.46000000,0
1531211860292,1531211860288,8015105,0.00257800,4.80000000,0
1531211861302,1531211861298,8015106,0.00257800,3.99000000,0
1531211879979,1531211879973,8015107,0.00257700,0.85000000,0
1531211882691,1531211882686,8015108,0.00257800,3.00000000,0
1531211882912,1531211882908,8015109,0.00257800,1.94000000,0
1531211887315,1531211887309,8015110,0.00257700,9.04000000,1
1531211890540,1531211890536,8015111,0.00257700,144.18000000,1
1531211890564,1531211890560,8015112,0.00257700,32.42000000,1
1531211890704,1531211890701,8015113,0.00257700,20.93000000,1
1531211892743,1531211892739,8015114,0.00257700,0.74000000,0
1531211892743,1531211892739,8015115,0.00257800,0.29000000,0
1531211904430,1531211904426,8015116,0.00258000,2.10000000,0
1531211909128,1531211909123,8015117,0.00257800,431.86000000,0
1531211909142,1531211909138,8015118,0.00257700,191.09000000,1
1531211914598,1531211914593,8015119,0.00257800,4.55000000,1
1531211916902,1531211916898,8015120,0.00257800,2.70000000,1
1531211925688,1531211925683,8015121,0.00257900,300.00000000,1
1531211926405,1531211926400,8015122,0.00257900,36.70000000,1
1531211927514,1531211927512,8015123,0.00257700,0.73000000,0
1531211929795,1531211929790,8015124,0.00257900,3.88000000,0
1531211933630,1531211933626,8015125,0.00257900,0.39000000,0
1531211935309,1531211935306,8015126,0.00257900,3.07000000,0
1531211939878,1531211939878,8015127,0.00257900,4.00000000,0
1531211940402,1531211940397,8015128,0.00257900,14.00000000,0
1531211942552,1531211942549,8015129,0.00257900,47.06000000,0
1531211942716,1531211942711,8015130,0.00257900,47.06000000,0
1531211942854,1531211942851,8015131,0.00257900,119.57000000,0
1531211943144,1531211943140,8015132,0.00257900,3.88000000,0
1531211943442,1531211943438,8015133,0.00257900,14.00000000,0
1531211943838,1531211943831,8015134,0.00257900,40.29000000,0
1531211944054,1531211944048,8015135,0.00257900,2.79000000,0
1531211944054,1531211944048,8015136,0.00258000,10.38000000,0
1531211953312,1531211953307,8015137,0.00258000,3.41000000,0
1531211955201,1531211955197,8015138,0.00258000,0.03000000,0
1531211955848,1531211955844,8015139,0.00257900,331.68000000,1
1531211955861,1531211955857,8015140,0.00257900,101.70000000,1
1531211957316,1531211957310,8015141,0.00257600,0.51000000,1
1531211963377,1531211963373,8015142,0.00258000,2.90000000,0
1531211970788,1531211970783,8015143,0.00257900,89.28000000,1
1531211971088,1531211971081,8015144,0.00258000,88.44000000,0
1531211972147,1531211972143,8015145,0.00257900,116.67000000,1
1531211972161,1531211972156,8015146,0.00257900,150.81000000,0
1531211972174,1531211972169,8015147,0.00257900,116.67000000,1
1531211975860,1531211975856,8015148,0.00257900,4.70000000,0
1531211975862,1531211975858,8015149,0.00257900,3.88000000,0
1531211975981,1531211975977,8015150,0.00257900,27.25000000,0
1531211978616,1531211978612,8015151,0.00257900,2.09000000,0
1531211983706,1531211983701,8015152,0.00257900,12.59000000,0
1531211987109,1531211987102,8015153,0.00258000,3.02000000,0
1531211989696,1531211989695,8015154,0.00257800,0.82000000,0
1531212002333,1531212002329,8015155,0.00258000,0.19000000,0
1531212003729,1531212003724,8015156,0.00257900,48.32000000,1
1531212003744,1531212003740,8015157,0.00257900,226.28000000,1
1531212012001,1531212011996,8015158,0.00257900,163.37000000,1
1531212012024,1531212012020,8015159,0.00257900,40.92000000,1
1531212012648,1531212012643,8015160,0.00257600,0.42000000,1
1531212012721,1531212012716,8015161,0.00257600,0.20000000,1
1531212019488,1531212019483,8015162,0.00257900,4.71000000,0
1531212020062,1531212020056,8015163,0.00257700,0.81000000,0
1531212022591,1531212022586,8015164,0.00257900,4.71000000,0
1531212024277,1531212024273,8015165,0.00257900,2.69000000,0
1531212025754,1531212025748,8015166,0.00257900,4.71000000,0
1531212029685,1531212029681,8015167,0.00257900,4.71000000,0
1531212032820,1531212032814,8015168,0.00257900,4.71000000,0
1531212036590,1531212036586,8015169,0.00257900,3.88000000,0
1531212039711,1531212039707,8015170,0.00257900,3.88000000,0
1531212045862,1531212045857,8015171,0.00257800,58.71000000,1
1531212045890,1531212045885,8015172,0.00257800,300.94000000,1
1531212048898,1531212048894,8015173,0.00257900,0.80000000,0
1531212048921,1531212048918,8015174,0.00257900,4.71000000,0
1531212051194,1531212051191,8015175,0.00257900,47.09000000,0
1531212051316,1531212051312,8015176,0.00257900,27.70000000,0
1531212051969,1531212051966,8015177,0.00257900,0.80000000,1
1531212056689,1531212056684,8015178,0.00258000,2.11000000,0
1531212077352,1531212077341,8015179,0.00258000,1.42000000,0
1531212085502,1531212085498,8015180,0.00257800,134.81000000,1
1531212097158,1531212097154,8015181,0.00257900,0.06000000,0
1531212103745,1531212103742,8015182,0.00257900,0.02000000,0
1531212106414,1531212106409,8015183,0.00257800,120.93000000,1
1531212106434,1531212106428,8015184,0.00257800,386.18000000,1
1531212116148,1531212116144,8015185,0.00257700,11.64000000,1
1531212116148,1531212116144,8015186,0.00257600,0.72000000,1
1531212130602,1531212130598,8015187,0.00257700,180.27000000,1
1531212130641,1531212130636,8015188,0.00257700,210.09000000,1
1531212130668,1531212130663,8015189,0.00257700,256.75000000,1
1531212130698,1531212130692,8015190,0.00257700,0.82000000,1
1531212135196,1531212135190,8015191,0.00257800,0.85000000,0
1531212135196,1531212135190,8015192,0.00257900,0.72000000,0
1531212137956,1531212137955,8015193,0.00258000,2.20000000,0
1531212145156,1531212145150,8015194,0.00258000,42.48000000,0
1531212145986,1531212145982,8015195,0.00258000,0.21000000,0
1531212146461,1531212146456,8015196,0.00258000,2.80000000,0
1531212146948,1531212146944,8015197,0.00258000,4.71000000,0
1531212148090,1531212148087,8015198,0.00258000,63.84000000,0
1531212148311,1531212148307,8015199,0.00257800,0.83000000,0
1531212149641,1531212149637,8015200,0.00258000,2.40000000,0
1531212151045,1531212151040,8015201,0.00258000,19.74000000,0
1531212152550,1531212152546,8015202,0.00258000,14.00000000,0
1531212152677,1531212152673,8015203,0.00258000,14.00000000,0
1531212152765,1531212152761,8015204,0.00258000,2.40000000,0
1531212154883,1531212154881,8015205,0.00258000,2.74000000,0
1531212155112,1531212155107,8015206,0.00258000,2.73000000,1
1531212159076,1531212159072,8015207,0.00258100,120.30000000,0
1531212159320,1531212159315,8015208,0.00258000,189.90000000,1
1531212159345,1531212159340,8015209,0.00258000,266.11000000,1
1531212159424,1531212159419,8015210,0.00258000,1.76000000,0
1531212159424,1531212159419,8015211,0.00258100,2.24000000,0
1531212159609,1531212159605,8015212,0.00258100,5.00000000,0
1531212160446,1531212160440,8015213,0.00258100,1.00000000,0
1531212160912,1531212160904,8015214,0.00258100,26.68000000,0
1531212160917,1531212160912,8015215,0.00258200,4.70000000,0
1531212160953,1531212160949,8015216,0.00258200,26.41000000,0
1531212160956,1531212160953,8015217,0.00258200,13.34000000,0
1531212160999,1531212160995,8015218,0.00258200,33.38000000,0
1531212161410,1531212161405,8015219,0.00258400,4.00000000,0
1531212166723,1531212166716,8015220,0.00258200,0.11000000,1
1531212169558,1531212169554,8015221,0.00258300,6.35000000,1
1531212171645,1531212171641,8015222,0.00258300,240.34000000,1
1531212171667,1531212171663,8015223,0.00258300,58.10000000,1
1531212177723,1531212177718,8015224,0.00258300,8.97000000,0
1531212184422,1531212184417,8015225,0.00258300,0.74000000,0
1531212184422,1531212184417,8015226,0.00258500,2.21000000,0
1531212195249,1531212195242,8015227,0.00258500,0.02000000,0
1531212198279,1531212198274,8015228,0.00258500,0.02000000,0
1531212204835,1531212204830,8015229,0.00258300,101.65000000,1
1531212204846,1531212204841,8015230,0.00258300,238.59000000,1
1531212219852,1531212219849,8015231,0.00258300,25.00000000,1
1531212220819,1531212220814,8015232,0.00258300,292.62000000,1
1531212224253,1531212224247,8015233,0.00258300,25.80000000,0
1531212224280,1531212224276,8015234,0.00258400,0.73000000,0
1531212259236,1531212259232,8015235,0.00258500,3.00000000,0
1531212261277,1531212261272,8015236,0.00258400,0.53000000,1
1531212261731,1531212261729,8015237,0.00258500,5.55000000,0
1531212262732,1531212262729,8015238,0.00258500,9.70000000,1
1531212264856,1531212264852,8015239,0.00258400,200.50000000,1
1531212266735,1531212266732,8015240,0.00258400,0.53000000,0
1531212269738,1531212269734,8015241,0.00258400,1.27000000,1
1531212270419,1531212270415,8015242,0.00258600,24.52000000,0
1531212273097,1531212273094,8015243,0.00258500,187.51000000,0
1531212273110,1531212273106,8015244,0.00258400,100.63000000,1
1531212283817,1531212283811,8015245,0.00258600,14.00000000,0
1531212283817,1531212283811,8015246,0.00258700,15.25000000,0
1531212283817,1531212283811,8015247,0.00258800,10.56000000,0
1531212292380,1531212292376,8015248,0.00258500,60.10000000,1
1531212295726,1531212295721,8015249,0.00258600,28.00000000,0
1531212305063,1531212305060,8015250,0.00258500,186.81000000,1
1531212305772,1531212305766,8015251,0.00258600,0.01000000,0
1531212307722,1531212307717,8015252,0.00258600,4.87000000,0
1531212310157,1531212310154,8015253,0.00258800,20.00000000,0
1531212313440,1531212313435,8015254,0.00258400,0.20000000,1
1531212324164,1531212324161,8015255,0.00258500,0.23000000,1
1531212324198,1531212324193,8015256,0.00258800,3.92000000,0
1531212331461,1531212331457,8015257,0.00258600,124.70000000,1
1531212345710,1531212345705,8015258,0.00258600,224.68000000,1
1531212347566,1531212347563,8015259,0.00258900,0.41000000,0
1531212347697,1531212347693,8015260,0.00258900,0.41000000,0
1531212347832,1531212347829,8015261,0.00258900,0.41000000,0
1531212347968,1531212347964,8015262,0.00258900,0.41000000,0
1531212348102,1531212348095,8015263,0.00258900,0.41000000,0
1531212349722,1531212349718,8015264,0.00258900,25.28000000,0
1531212365785,1531212365781,8015265,0.00258700,12.60000000,1
1531212367719,1531212367714,8015266,0.00258800,273.26000000,1
1531212368057,1531212368053,8015267,0.00258700,1.40000000,1
1531212369870,1531212369864,8015268,0.00258500,28.11000000,1
1531212369870,1531212369864,8015269,0.00258400,11.02000000,1
1531212381606,1531212381603,8015270,0.00258700,0.41000000,0
1531212381739,1531212381738,8015271,0.00258700,0.41000000,0
1531212381873,1531212381869,8015272,0.00258700,0.41000000,0
1531212382004,1531212382000,8015273,0.00258700,0.41000000,0
1531212382129,1531212382124,8015274,0.00258700,0.41000000,0
1531212389453,1531212389449,8015275,0.00258400,228.50000000,1
1531212389476,1531212389472,8015276,0.00258400,57.28000000,1
1531212389477,1531212389473,8015277,0.00258400,217.86000000,1
1531212396222,1531212396217,8015278,0.00258400,2.27000000,0
1531212396882,1531212396878,8015279,0.00258400,3.92000000,0
1531212401662,1531212401658,8015280,0.00258400,0.69000000,0
1531212401681,1531212401677,8015281,0.00258400,50.39000000,0
1531212402929,1531212402925,8015282,0.00258500,490.43000000,1
1531212409812,1531212409806,8015283,0.00258400,0.21000000,1
1531212427680,1531212427677,8015284,0.00258700,0.02000000,0
1531212445183,1531212445179,8015285,0.00258300,17.82000000,1
1531212472238,1531212472235,8015286,0.00258300,231.55000000,0
1531212472578,1531212472574,8015287,0.00258200,0.42000000,1
1531212475042,1531212475041,8015288,0.00258400,2.00000000,0
1531212475061,1531212475055,8015289,0.00258400,1.98000000,0
1531212475128,1531212475123,8015290,0.00258400,2.00000000,0
1531212479505,1531212479500,8015291,0.00258300,56.17000000,0
1531212479521,1531212479515,8015292,0.00258300,55.78000000,0
1531212498167,1531212498162,8015293,0.00258300,21.14000000,0
1531212503902,1531212503897,8015294,0.00258300,231.55000000,0
1531212516185,1531212516178,8015295,0.00258300,0.64000000,0
1531212518297,1531212518292,8015296,0.00258300,50.83000000,0
1531212531701,1531212531697,8015297,0.00258400,0.03000000,0
1531212534296,1531212534291,8015298,0.00258300,0.63000000,1
1531212538614,1531212538610,8015299,0.00258200,14.00000000,1
1531212547312,1531212547308,8015300,0.00258200,2.44000000,1
1531212558459,1531212558455,8015301,0.00258300,50.83000000,0
1531212559052,1531212559047,8015302,0.00258300,0.63000000,1
1531212575993,1531212575988,8015303,0.00258200,0.26000000,1
1531212578524,1531212578518,8015304,0.00258000,5.88000000,1
1531212587576,1531212587572,8015305,0.00258000,4.70000000,1
1531212597433,1531212597428,8015306,0.00258200,0.41000000,0
1531212597495,1531212597490,8015307,0.00258000,2.96000000,1
1531212597573,1531212597568,8015308,0.00258200,0.41000000,0
1531212597710,1531212597705,8015309,0.00258200,0.41000000,0
1531212597837,1531212597833,8015310,0.00258200,0.41000000,0
1531212597961,1531212597958,8015311,0.00258200,0.41000000,0
1531212602803,1531212602799,8015312,0.00258200,22.21000000,0
1531212604229,1531212604223,8015313,0.00258200,0.12000000,0
1531212604229,1531212604223,8015314,0.00258300,20.79000000,0
1531212605892,1531212605886,8015315,0.00258200,31.84000000,0
1531212606739,1531212606735,8015316,0.00258100,3.87000000,1
1531212610342,1531212610337,8015317,0.00258100,0.56000000,1
1531212612082,1531212612079,8015318,0.00258100,10.00000000,1
1531212613482,1531212613479,8015319,0.00258200,4.98000000,0
1531212615226,1531212615221,8015320,0.00258200,48.35000000,0
1531212615246,1531212615241,8015321,0.00258200,178.31000000,0
1531212615957,1531212615953,8015322,0.00258100,0.20000000,1
1531212618672,1531212618669,8015323,0.00258100,4.74000000,1
1531212618672,1531212618669,8015324,0.00257900,5.26000000,1
1531212624330,1531212624325,8015325,0.00258100,11.49000000,0
1531212628180,1531212628174,8015326,0.00257900,2.78000000,1
1531212635107,1531212635102,8015327,0.00258200,0.03000000,0
1531212638780,1531212638775,8015328,0.00258200,0.41000000,0
1531212638907,1531212638904,8015329,0.00258200,0.41000000,0
1531212639029,1531212639024,8015330,0.00258200,0.11000000,0
1531212639029,1531212639024,8015331,0.00258300,0.30000000,0
1531212639383,1531212639379,8015332,0.00258300,0.41000000,0
1531212639506,1531212639502,8015333,0.00258300,0.41000000,0
1531212641526,1531212641522,8015334,0.00258200,2.63000000,0
1531212645665,1531212645660,8015335,0.00258100,236.72000000,0
1531212661063,1531212661058,8015336,0.00258000,6.08000000,1
1531212667658,1531212667653,8015337,0.00258000,1.93000000,0
1531212667683,1531212667678,8015338,0.00258000,17.27000000,0
1531212669617,1531212669613,8015339,0.00258300,1.00000000,0
1531212679748,1531212679744,8015340,0.00258000,4.53000000,0
1531212684675,1531212684672,8015341,0.00258000,5.03000000,1
1531212692434,1531212692429,8015342,0.00258000,25.36000000,1
1531212692762,1531212692756,8015343,0.00258000,0.01000000,0
1531212700259,1531212700256,8015344,0.00258000,28.59000000,0
1531212710803,1531212710799,8015345,0.00257900,0.93000000,1
1531212714740,1531212714734,8015346,0.00258100,12.32000000,1
1531212737693,1531212737689,8015347,0.00258200,0.01000000,0
1531212745069,1531212745066,8015348,0.00258200,0.10000000,0
1531212753865,1531212753860,8015349,0.00258100,0.01000000,1
1531212754689,1531212754685,8015350,0.00258100,0.48000000,0
1531212760839,1531212760835,8015351,0.00258200,0.02000000,0
1531212762853,1531212762847,8015352,0.00258200,0.30000000,0
1531212767546,1531212767541,8015353,0.00258100,5.67000000,1
1531212767546,1531212767541,8015354,0.00258000,0.58000000,1
1531212767546,1531212767541,8015355,0.00257900,19.74000000,1
1531212770569,1531212770565,8015356,0.00257800,0.07000000,1
1531212771589,1531212771583,8015357,0.00257800,30.00000000,1
1531212771622,1531212771619,8015358,0.00257800,79.56000000,1
1531212772979,1531212772974,8015359,0.00258000,150.25000000,0
1531212774539,1531212774534,8015360,0.00258000,41.15000000,1
1531212783491,1531212783485,8015361,0.00258000,58.85000000,1
1531212784725,1531212784720,8015362,0.00257900,1.46000000,1
1531212784725,1531212784720,8015363,0.00257800,17.77000000,1
1531212794754,1531212794750,8015364,0.00258000,94.87000000,0
1531212795745,1531212795742,8015365,0.00258100,7.53000000,0
1531212796752,1531212796748,8015366,0.00258300,29.43000000,0
1531212796781,1531212796776,8015367,0.00258400,43.16000000,0
1531212797933,1531212797929,8015368,0.00258500,0.41000000,0
1531212798060,1531212798056,8015369,0.00258400,0.41000000,0
1531212798188,1531212798184,8015370,0.00258400,0.41000000,0
1531212798313,1531212798309,8015371,0.00258400,0.41000000,0
1531212798454,1531212798449,8015372,0.00258400,0.41000000,0
1531212798771,1531212798767,8015373,0.00258400,297.18000000,0
1531212798771,1531212798767,8015374,0.00258500,15.68000000,0
1531212800097,1531212800095,8015375,0.00258100,0.41000000,1
1531212800217,1531212800214,8015376,0.00258100,0.12000000,1
1531212800217,1531212800214,8015377,0.00258000,0.29000000,1
1531212800336,1531212800331,8015378,0.00258000,0.14000000,1
1531212800336,1531212800331,8015379,0.00257800,0.27000000,1
1531212800456,1531212800451,8015380,0.00257800,0.41000000,1
1531212800584,1531212800579,8015381,0.00257800,0.41000000,1
1531212800713,1531212800708,8015382,0.00258400,0.41000000,0
1531212800771,1531212800766,8015383,0.00258400,149.59000000,0
1531212800854,1531212800850,8015384,0.00258800,0.41000000,0
1531212800983,1531212800979,8015385,0.00258800,0.41000000,0
1531212801121,1531212801118,8015386,0.00258800,0.41000000,0
1531212801253,1531212801249,8015387,0.00258800,0.41000000,0
1531212801746,1531212801741,8015388,0.00258300,0.96000000,0
1531212801756,1531212801751,8015389,0.00258400,65.00000000,0
1531212802743,1531212802739,8015390,0.00258700,331.79000000,0
1531212806445,1531212806440,8015391,0.00258800,0.01000000,0
1531212808345,1531212808340,8015392,0.00258800,0.31000000,0
1531212808345,1531212808340,8015393,0.00258900,391.99000000,0
1531212811538,1531212811534,8015394,0.00258500,0.13000000,1
1531212812722,1531212812718,8015395,0.00258600,0.14000000,1
1531212813959,1531212813954,8015396,0.00258600,0.24000000,1
1531212814755,1531212814750,8015397,0.00258600,0.10000000,1
1531212815460,1531212815456,8015398,0.00258700,0.23000000,1
1531212816157,1531212816152,8015399,0.00258700,0.46000000,1
1531212816898,1531212816893,8015400,0.00258700,0.30000000,1
1531212817367,1531212817363,8015401,0.00258700,0.08000000,1
1531212817805,1531212817801,8015402,0.00258700,0.21000000,1
1531212818147,1531212818141,8015403,0.00258700,6.66000000,1
1531212818408,1531212818403,8015404,0.00258700,0.29000000,1
1531212818681,1531212818677,8015405,0.00258700,387.52000000,1
1531212818860,1531212818856,8015406,0.00258600,0.31000000,1
1531212819501,1531212819496,8015407,0.00258100,0.16000000,1
1531212819537,1531212819532,8015408,0.00258700,8.23000000,0
1531212819560,1531212819557,8015409,0.00258900,2.05000000,0
1531212820148,1531212820143,8015410,0.00258200,0.31000000,1
1531212820616,1531212820612,8015411,0.00258200,0.11000000,1
1531212820745,1531212820741,8015412,0.00258500,0.40000000,0
1531212832312,1531212832308,8015413,0.00258600,19.57000000,1
1531212832339,1531212832335,8015414,0.00258600,35.03000000,1
1531212832362,1531212832359,8015415,0.00258600,0.02000000,1
1531212832641,1531212832636,8015416,0.00258400,4.78000000,1
1531212840499,1531212840494,8015417,0.00258600,3.50000000,1
1531212843754,1531212843748,8015418,0.00258800,0.79000000,0
1531212844358,1531212844353,8015419,0.00258900,0.03000000,0
1531212846633,1531212846628,8015420,0.00258900,0.06000000,0
1531212847937,1531212847932,8015421,0.00258900,0.10000000,0
1531212851433,1531212851429,8015422,0.00258900,3.47000000,0
1531212852692,1531212852688,8015423,0.00259000,14.24000000,0
1531212854750,1531212854748,8015424,0.00259100,2.71000000,0
1531212859629,1531212859626,8015425,0.00258600,0.17000000,1
1531212862895,1531212862892,8015426,0.00258700,3.90000000,1
1531212864427,1531212864424,8015427,0.00259000,28.00000000,0
1531212871443,1531212871439,8015428,0.00259000,0.02000000,0
1531212872752,1531212872746,8015429,0.00259000,0.04000000,0
1531212876111,1531212876108,8015430,0.00258900,0.77000000,1
1531212889732,1531212889727,8015431,0.00258700,0.10000000,1
1531212896179,1531212896174,8015432,0.00258800,3.87000000,1
1531212897368,1531212897364,8015433,0.00258800,3.75000000,1
1531212897388,1531212897384,8015434,0.00258700,0.69000000,1
1531212897500,1531212897496,8015435,0.00258500,0.16000000,1
1531212914109,1531212914104,8015436,0.00258700,0.54000000,1
1531212914760,1531212914755,8015437,0.00258700,3.87000000,1
1531212916979,1531212916974,8015438,0.00258800,0.02000000,0
1531212929753,1531212929749,8015439,0.00258500,9.90000000,1
1531212929766,1531212929760,8015440,0.00258500,0.10000000,1
1531212929766,1531212929760,8015441,0.00258400,0.44000000,1
1531212929794,1531212929790,8015442,0.00258300,5.00000000,1
1531212929796,1531212929792,8015443,0.00258400,9.46000000,0
1531212930841,1531212930836,8015444,0.00258500,0.01000000,0
1531212930857,1531212930852,8015445,0.00258500,9.99000000,0
1531212931309,1531212931304,8015446,0.00258800,0.94000000,0
1531212931309,1531212931304,8015447,0.00258900,9.06000000,0
1531212938080,1531212938076,8015448,0.00258900,0.04000000,0
1531212953873,1531212953868,8015449,0.00258600,18.20000000,1
1531212954099,1531212954095,8015450,0.00258600,6.80000000,1
1531212956734,1531212956730,8015451,0.00258500,59.06000000,1
1531212956739,1531212956732,8015452,0.00258400,2.59000000,1
1531212956744,1531212956740,8015453,0.00258400,28.24000000,1
1531212956744,1531212956740,8015454,0.00258100,0.25000000,1
1531212957221,1531212957217,8015455,0.00258400,16.72000000,0
1531212957257,1531212957255,8015456,0.00258400,18.12000000,0
1531212959378,1531212959374,8015457,0.00258400,37.50000000,0
1531212960377,1531212960373,8015458,0.00258400,22.52000000,0
1531212962976,1531212962971,8015459,0.00258300,25.84000000,1
1531212963062,1531212963060,8015460,0.00258300,11.61000000,1
1531212983290,1531212983286,8015461,0.00258300,0.40000000,1
1531212985592,1531212985586,8015462,0.00258700,304.57000000,0
1531213006633,1531213006629,8015463,0.00258400,0.96000000,1
1531213006645,1531213006640,8015464,0.00258600,146.43000000,0
1531213006663,1531213006658,8015465,0.00258600,313.43000000,0
1531213013955,1531213013952,8015466,0.00258500,0.37000000,0
1531213015674,1531213015668,8015467,0.00258500,126.68000000,0
1531213015686,1531213015683,8015468,0.00258500,339.13000000,0
1531213016097,1531213016092,8015469,0.00258500,0.37000000,1
1531213020615,1531213020610,8015470,0.00258400,4.85000000,0
1531213037634,1531213037629,8015471,0.00258500,88.43000000,0
1531213037662,1531213037657,8015472,0.00258500,65.43000000,0
1531213042209,1531213042205,8015473,0.00258500,114.81000000,0
1531213042221,1531213042217,8015474,0.00258500,93.70000000,0
1531213057247,1531213057242,8015475,0.00258600,1.77000000,1
1531213058774,1531213058768,8015476,0.00258700,194.75000000,0
1531213058788,1531213058783,8015477,0.00258600,76.13000000,1
1531213063772,1531213063768,8015478,0.00258600,1.77000000,0
1531213084796,1531213084793,8015479,0.00258700,227.71000000,1
1531213084808,1531213084803,8015480,0.00258800,523.16000000,0
1531213084823,1531213084819,8015481,0.00258800,348.76000000,1
1531213084824,1531213084820,8015482,0.00258800,48.25000000,1
1531213094645,1531213094639,8015483,0.00258800,118.03000000,1
1531213094671,1531213094666,8015484,0.00258800,126.15000000,1
1531213101444,1531213101439,8015485,0.00258900,0.05000000,0
1531213101955,1531213101950,8015486,0.00258900,3.86000000,0
1531213117598,1531213117594,8015487,0.00258700,0.10000000,1
1531213119323,1531213119319,8015488,0.00258700,125.69000000,1
1531213125514,1531213125509,8015489,0.00258700,0.10000000,0
1531213143516,1531213143511,8015490,0.00258700,16.28000000,1
1531213144687,1531213144682,8015491,0.00258700,20.05000000,1
1531213145398,1531213145394,8015492,0.00258700,89.36000000,1
1531213145411,1531213145406,8015493,0.00258700,442.90000000,0
1531213145425,1531213145421,8015494,0.00258700,89.36000000,1
1531213150053,1531213150049,8015495,0.00258600,4.28000000,1
1531213152434,1531213152431,8015496,0.00258700,36.43000000,0
1531213157476,1531213157472,8015497,0.00258700,0.91000000,1
1531213158131,1531213158127,8015498,0.00258700,0.22000000,1
1531213172571,1531213172567,8015499,0.00258900,0.05000000,0
1531213179640,1531213179636,8015500,0.00258800,359.30000000,0
1531213179653,1531213179648,8015501,0.00258700,45.42000000,1
1531213179664,1531213179658,8015502,0.00258700,268.12000000,1
1531213180156,1531213180151,8015503,0.00258900,0.04000000,0
1531213184796,1531213184792,8015504,0.00258800,472.93000000,0
1531213184813,1531213184808,8015505,0.00258700,222.96000000,1
1531213188092,1531213188088,8015506,0.00258900,0.41000000,0
1531213197833,1531213197828,8015507,0.00258600,4.22000000,1
1531213204738,1531213204734,8015508,0.00258600,221.68000000,1
1531213204758,1531213204754,8015509,0.00258600,397.56000000,1
1531213214588,1531213214582,8015510,0.00258500,0.57000000,1
1531213214588,1531213214582,8015511,0.00258400,0.96000000,1
1531213214588,1531213214582,8015512,0.00258300,0.96000000,1
1531213214588,1531213214582,8015513,0.00258200,20.47000000,1
1531213222235,1531213222231,8015514,0.00258500,0.01000000,0
1531213228236,1531213228231,8015515,0.00258200,9.16000000,1
1531213239600,1531213239595,8015516,0.00258300,49.17000000,1
1531213239623,1531213239618,8015517,0.00258300,78.84000000,1
1531213241372,1531213241368,8015518,0.00258500,0.06000000,0
1531213254049,1531213254045,8015519,0.00258500,0.01000000,0
1531213255054,1531213255049,8015520,0.00258500,0.20000000,0
1531213256811,1531213256807,8015521,0.00258400,41.65000000,0
1531213256825,1531213256820,8015522,0.00258300,306.74000000,1
1531213256849,1531213256845,8015523,0.00258300,347.50000000,1
1531213259095,1531213259092,8015524,0.00258200,0.20000000,1
1531213261012,1531213261008,8015525,0.00258400,1.16000000,0
1531213261215,1531213261211,8015526,0.00258200,19.17000000,1
1531213261241,1531213261234,8015527,0.00258100,5.11000000,1
1531213262996,1531213262992,8015528,0.00258200,0.80000000,0
1531213265242,1531213265239,8015529,0.00258200,0.64000000,0
1531213266571,1531213266567,8015530,0.00258100,1.86000000,1
1531213266571,1531213266567,8015531,0.00258000,43.58000000,1
1531213267823,1531213267818,8015532,0.00258000,171.47000000,1
1531213268958,1531213268953,8015533,0.00258200,0.65000000,0
1531213269453,1531213269447,8015534,0.00258000,150.00000000,1
1531213271049,1531213271045,8015535,0.00258200,0.52000000,0
1531213273105,1531213273100,8015536,0.00258200,0.42000000,0
1531213277977,1531213277972,8015537,0.00258100,82.37000000,0
1531213277998,1531213277993,8015538,0.00258000,60.57000000,1
1531213280805,1531213280800,8015539,0.00258000,1.61000000,0
1531213282086,1531213282081,8015540,0.00257900,5.24000000,1
1531213282086,1531213282081,8015541,0.00257800,29.77000000,1
1531213282105,1531213282101,8015542,0.00257800,61.67000000,1
1531213282105,1531213282101,8015543,0.00257600,127.27000000,1
1531213285919,1531213285914,8015544,0.00257900,23.57000000,0
1531213285946,1531213285942,8015545,0.00257900,54.64000000,0
1531213287356,1531213287352,8015546,0.00258200,1.00000000,0
1531213287356,1531213287352,8015547,0.00258300,0.94000000,0
1531213289009,1531213289006,8015548,0.00257900,23.57000000,1
1531213291614,1531213291608,8015549,0.00257900,246.09000000,1
1531213295614,1531213295609,8015550,0.00258000,0.05000000,0
1531213296879,1531213296876,8015551,0.00257700,312.18000000,1
1531213306169,1531213306164,8015552,0.00257800,287.93000000,1
1531213308095,1531213308090,8015553,0.00258000,0.55000000,0
1531213308219,1531213308215,8015554,0.00258300,2.15000000,0
1531213312705,1531213312700,8015555,0.00258300,5.98000000,0
1531213315685,1531213315679,8015556,0.00258300,14.00000000,0
1531213315707,1531213315701,8015557,0.00258300,21.18000000,1
1531213326266,1531213326263,8015558,0.00258000,0.40000000,1
1531213335869,1531213335866,8015559,0.00258100,37.50000000,1
1531213335892,1531213335887,8015560,0.00258100,18.75000000,1
1531213339734,1531213339729,8015561,0.00258100,205.84000000,1
1531213345921,1531213345918,8015562,0.00258100,3.87000000,1
1531213350515,1531213350510,8015563,0.00258100,3.87000000,1
1531213355066,1531213355061,8015564,0.00258200,3.87000000,1
1531213355867,1531213355862,8015565,0.00258200,90.39000000,1
1531213359648,1531213359644,8015566,0.00258100,3.87000000,1
1531213366566,1531213366560,8015567,0.00258100,3.87000000,1
1531213383704,1531213383698,8015568,0.00258100,0.51000000,1
1531213390681,1531213390678,8015569,0.00258200,108.38000000,0
1531213390689,1531213390684,8015570,0.00258300,7.75000000,0
1531213390707,1531213390703,8015571,0.00258300,42.67000000,0
1531213392267,1531213392264,8015572,0.00258200,0.55000000,1
1531213394664,1531213394660,8015573,0.00258200,0.22000000,1
1531213394664,1531213394660,8015574,0.00258100,1.10000000,1
1531213395698,1531213395692,8015575,0.00258300,392.11000000,0
1531213395720,1531213395715,8015576,0.00258300,146.80000000,0
1531213410822,1531213410818,8015577,0.00258300,0.22000000,0
1531213412062,1531213412058,8015578,0.00258300,187.78000000,0
1531213420108,1531213420103,8015579,0.00258300,0.22000000,1
1531213432862,1531213432858,8015580,0.00258200,29.37000000,0
1531213438236,1531213438233,8015581,0.00258300,148.37000000,0
1531213448603,1531213448598,8015582,0.00258100,10.87000000,1
1531213448603,1531213448598,8015583,0.00258000,0.95000000,1
1531213448611,1531213448606,8015584,0.00258000,0.01000000,1
1531213448612,1531213448607,8015585,0.00257600,3.10000000,1
1531213448612,1531213448607,8015586,0.00257500,7.77000000,1
1531213448862,1531213448857,8015587,0.00257900,10.87000000,0
1531213481726,1531213481721,8015588,0.00258200,0.04000000,0
1531213486086,1531213486082,8015589,0.00257900,0.02000000,0
1531213492046,1531213492042,8015590,0.00257800,0.41000000,0
1531213492169,1531213492165,8015591,0.00257800,0.41000000,0
1531213492285,1531213492279,8015592,0.00257800,329.74000000,0
1531213492297,1531213492293,8015593,0.00257800,0.41000000,0
1531213492348,1531213492342,8015594,0.00257800,210.13000000,0
1531213492637,1531213492632,8015595,0.00257900,0.41000000,0
1531213492696,1531213492692,8015596,0.00257900,4.81000000,0
1531213492696,1531213492692,8015597,0.00258200,45.19000000,0
1531213492771,1531213492767,8015598,0.00258200,0.41000000,0
1531213517354,1531213517349,8015599,0.00258000,1.13000000,0
1531213518432,1531213518428,8015600,0.00257800,1.06000000,1
1531213522274,1531213522269,8015601,0.00257600,17.29000000,1
1531213523463,1531213523459,8015602,0.00257800,0.96000000,0
1531213527433,1531213527429,8015603,0.00257800,6.82000000,0
1531213527701,1531213527694,8015604,0.00257800,2.40000000,0
1531213551330,1531213551326,8015605,0.00257700,0.92000000,1
1531213587290,1531213587286,8015606,0.00257800,1.55000000,0
1531213587766,1531213587761,8015607,0.00257800,1.55000000,0
1531213589521,1531213589515,8015608,0.00257800,1.55000000,0
1531213594931,1531213594927,8015609,0.00257800,37.50000000,0
1531213595312,1531213595308,8015610,0.00257800,2.68000000,0
1531213598661,1531213598656,8015611,0.00257900,2.68000000,1
1531213599803,1531213599798,8015612,0.00258000,239.72000000,0
1531213599825,1531213599820,8015613,0.00258000,106.36000000,0
1531213612265,1531213612259,8015614,0.00258000,0.09000000,1
1531213613061,1531213613057,8015615,0.00258100,0.10000000,0
1531213619636,1531213619632,8015616,0.00258100,172.09000000,1
1531213619656,1531213619652,8015617,0.00258100,283.12000000,1
1531213635337,1531213635332,8015618,0.00258100,12.00000000,0
1531213635337,1531213635332,8015619,0.00258300,4.25000000,0
1531213635337,1531213635332,8015620,0.00258400,8.75000000,0
1531213644820,1531213644815,8015621,0.00258100,323.00000000,1
1531213656448,1531213656443,8015622,0.00258400,0.04000000,0
1531213663931,1531213663927,8015623,0.00258100,245.40000000,1
1531213663942,1531213663937,8015624,0.00258100,120.56000000,1
1531213682963,1531213682959,8015625,0.00258300,29.84000000,0
1531213684653,1531213684649,8015626,0.00258200,395.24000000,1
1531213684676,1531213684671,8015627,0.00258200,154.90000000,1
1531213688195,1531213688192,8015628,0.00258200,7.38000000,1
1531213689750,1531213689746,8015629,0.00258200,20.14000000,1
1531213689775,1531213689769,8015630,0.00258200,14.99000000,1
1531213699038,1531213699034,8015631,0.00258200,1.00000000,0
1531213700917,1531213700911,8015632,0.00258300,0.41000000,0
1531213701051,1531213701048,8015633,0.00258300,0.41000000,0
1531213701186,1531213701182,8015634,0.00258300,0.41000000,0
1531213701311,1531213701307,8015635,0.00258300,0.41000000,0
1531213701441,1531213701436,8015636,0.00258300,0.41000000,0
1531213709999,1531213709995,8015637,0.00258200,2.05000000,1
1531213717900,1531213717896,8015638,0.00258300,0.68000000,0
1531213725893,1531213725888,8015639,0.00258200,13.02000000,1
1531213730181,1531213730178,8015640,0.00258200,20.73000000,1
1531213731033,1531213731028,8015641,0.00258300,0.20000000,0
1531213735649,1531213735645,8015642,0.00258400,0.03000000,0
1531213739645,1531213739640,8015643,0.00258200,70.15000000,1
1531213739665,1531213739661,8015644,0.00258200,245.59000000,1
1531213761723,1531213761718,8015645,0.00258200,8.77000000,1
1531213772789,1531213772785,8015646,0.00258400,0.02000000,0
1531213778461,1531213778457,8015647,0.00258200,44.28000000,1
1531213778482,1531213778476,8015648,0.00258200,309.18000000,1
1531213784989,1531213784983,8015649,0.00258100,2.77000000,1
1531213785439,1531213785434,8015650,0.00258300,0.01000000,0
1531213785861,1531213785856,8015651,0.00258000,0.10000000,1
1531213793488,1531213793485,8015652,0.00258100,12.45000000,1
1531213793533,1531213793528,8015653,0.00258100,4.62000000,1
1531213796735,1531213796731,8015654,0.00258100,202.40000000,1
1531213796751,1531213796746,8015655,0.00258100,5.14000000,1
1531213796960,1531213796954,8015656,0.00258100,2.30000000,0
1531213797755,1531213797750,8015657,0.00258100,5.00000000,0
1531213797769,1531213797765,8015658,0.00258100,9.77000000,0
1531213817324,1531213817320,8015659,0.00258100,67.29000000,1
1531213819575,1531213819571,8015660,0.00258400,0.41000000,0
1531213819712,1531213819709,8015661,0.00258400,0.41000000,0
1531213819838,1531213819835,8015662,0.00258400,0.41000000,0
1531213819972,1531213819968,8015663,0.00258400,0.41000000,0
1531213820107,1531213820101,8015664,0.00258400,0.41000000,0
1531213823893,1531213823888,8015665,0.00258100,5.06000000,1
1531213831450,1531213831446,8015666,0.00258100,155.84000000,1
1531213831468,1531213831464,8015667,0.00258100,33.07000000,1
1531213853569,1531213853564,8015668,0.00258100,322.07000000,1
1531213854911,1531213854908,8015669,0.00258200,2.12000000,1
1531213872076,1531213872072,8015670,0.00258300,2.00000000,0
1531213874181,1531213874177,8015671,0.00258100,340.63000000,1
1531213895817,1531213895811,8015672,0.00258300,0.02000000,0
1531213898959,1531213898953,8015673,0.00258200,360.58000000,0
1531213898973,1531213898968,8015674,0.00258100,33.03000000,1
1531213898994,1531213898989,8015675,0.00258100,217.84000000,1
1531213899550,1531213899547,8015676,0.00258300,0.03000000,0
1531213902574,1531213902569,8015677,0.00258300,0.94000000,0
1531213911787,1531213911783,8015678,0.00258000,26.99000000,1
1531213915117,1531213915112,8015679,0.00258000,10.00000000,1
1531213919073,1531213919068,8015680,0.00258100,112.50000000,1
1531213919076,1531213919072,8015681,0.00258100,37.50000000,1
1531213919093,1531213919088,8015682,0.00258100,16.75000000,1
1531213919093,1531213919088,8015683,0.00258000,4.15000000,1
1531213931423,1531213931418,8015684,0.00258100,171.93000000,1
1531213931435,1531213931430,8015685,0.00258100,389.50000000,1
1531213931911,1531213931907,8015686,0.00258000,101.91000000,1
1531213931911,1531213931907,8015687,0.00257900,3.56000000,1
1531213931927,1531213931925,8015688,0.00257700,1.40000000,1
1531213932040,1531213932037,8015689,0.00257900,1.43000000,0
1531213933433,1531213933430,8015690,0.00257700,0.39000000,1
1531213938884,1531213938880,8015691,0.00257600,3.11000000,1
1531213938930,1531213938893,8015692,0.00257500,2.23000000,1
1531213938969,1531213938964,8015693,0.00257500,0.85000000,0
1531213939026,1531213939020,8015694,0.00257500,0.40000000,0
1531213939119,1531213939116,8015695,0.00257500,1.49000000,0
1531213939991,1531213939987,8015696,0.00257200,0.07000000,1
1531213941528,1531213941524,8015697,0.00257600,49.90000000,0
1531213948154,1531213948151,8015698,0.00257900,0.13000000,0
1531213952283,1531213952278,8015699,0.00257500,8.40000000,1
1531213953892,1531213953887,8015700,0.00257500,0.97000000,1
1531213959086,1531213959081,8015701,0.00257600,157.80000000,0
1531213959100,1531213959096,8015702,0.00257500,223.00000000,1
1531213959126,1531213959121,8015703,0.00257500,82.18000000,1
1531213960363,1531213960359,8015704,0.00257800,0.42000000,0
1531213966859,1531213966856,8015705,0.00257500,51.39000000,1
1531213969673,1531213969668,8015706,0.00257500,0.61000000,0
1531213969894,1531213969890,8015707,0.00257500,22.19000000,0
1531213970909,1531213970904,8015708,0.00257500,4.87000000,0
1531213972941,1531213972938,8015709,0.00257500,15.88000000,0
1531213975332,1531213975326,8015710,0.00257800,4.00000000,0
1531213984378,1531213984374,8015711,0.00257500,205.12000000,1
1531213984394,1531213984391,8015712,0.00257500,167.56000000,1
1531213987508,1531213987504,8015713,0.00257800,4.75000000,0
1531213990767,1531213990762,8015714,0.00257500,31.27000000,1
1531213990976,1531213990972,8015715,0.00257500,43.28000000,1
1531213990989,1531213990985,8015716,0.00257500,29.67000000,1
1531213997167,1531213997163,8015717,0.00257500,236.65000000,1
1531213999689,1531213999685,8015718,0.00257500,3.88000000,0
1531213999708,1531213999705,8015719,0.00257500,31.08000000,0
1531213999722,1531213999718,8015720,0.00257500,4.72000000,0
1531213999728,1531213999724,8015721,0.00257500,31.39000000,0
1531214010466,1531214010463,8015722,0.00257500,14.00000000,0
1531214012208,1531214012204,8015723,0.00257500,0.02000000,0
1531214014757,1531214014752,8015724,0.00257500,9.66000000,0
1531214017456,1531214017451,8015725,0.00257400,351.60000000,0
1531214017473,1531214017469,8015726,0.00257300,234.40000000,1
1531214022186,1531214022183,8015727,0.00257500,5.00000000,0
1531214023925,1531214023922,8015728,0.00257500,5.39000000,0
1531214029969,1531214029965,8015729,0.00257400,0.81000000,1
1531214030898,1531214030895,8015730,0.00257300,29.03000000,0
1531214033899,1531214033894,8015731,0.00257300,5.24000000,0
1531214039769,1531214039764,8015732,0.00257300,226.43000000,1
1531214039787,1531214039782,8015733,0.00257300,214.59000000,1
1531214052412,1531214052407,8015734,0.00257500,0.08000000,0
1531214057681,1531214057676,8015735,0.00257300,301.18000000,1
1531214057713,1531214057708,8015736,0.00257300,322.25000000,1
1531214062774,1531214062770,8015737,0.00257500,16.90000000,0
1531214073480,1531214073475,8015738,0.00257400,296.71000000,0
1531214073496,1531214073491,8015739,0.00257300,126.79000000,1
1531214081738,1531214081733,8015740,0.00257500,2.26000000,0
1531214084073,1531214084069,8015741,0.00257500,124.92000000,0
1531214086422,1531214086418,8015742,0.00257300,164.37000000,1
1531214086431,1531214086425,8015743,0.00257300,109.65000000,1
1531214092425,1531214092420,8015744,0.00257300,4.86000000,0
1531214099365,1531214099361,8015745,0.00257300,221.71000000,1
1531214099383,1531214099378,8015746,0.00257300,346.98000000,1
1531214102001,1531214101997,8015747,0.00257300,3.13000000,0
1531214108664,1531214108660,8015748,0.00257500,3.21000000,0
1531214117250,1531214117247,8015749,0.00257300,58.39000000,1
1531214137004,1531214136999,8015750,0.00257400,154.53000000,1
1531214137022,1531214137018,8015751,0.00257400,59.42000000,1
1531214144953,1531214144947,8015752,0.00257500,401.60000000,0
1531214150451,1531214150447,8015753,0.00257500,2.48000000,1
1531214158919,1531214158915,8015754,0.00257600,1.75000000,1
1531214162732,1531214162727,8015755,0.00257500,71.88000000,1
1531214163502,1531214163497,8015756,0.00257500,1.97000000,1
1531214165078,1531214165074,8015757,0.00257500,8.75000000,1
1531214165355,1531214165351,8015758,0.00257500,17.34000000,1
1531214171182,1531214171177,8015759,0.00257400,0.77000000,0
1531214186768,1531214186765,8015760,0.00257400,1.91000000,0
1531214189522,1531214189518,8015761,0.00257400,3.01000000,1
1531214191736,1531214191730,8015762,0.00257500,0.41000000,0
1531214191863,1531214191859,8015763,0.00257500,0.41000000,0
1531214192204,1531214192201,8015764,0.00257500,0.41000000,0
1531214192338,1531214192333,8015765,0.00257500,0.41000000,0
1531214192462,1531214192457,8015766,0.00257500,0.41000000,0
1531214206728,1531214206723,8015767,0.00257500,0.44000000,0
1531214225052,1531214225048,8015768,0.00257500,0.41000000,0
1531214225183,1531214225178,8015769,0.00257500,0.41000000,0
1531214225304,1531214225300,8015770,0.00257500,0.41000000,0
1531214225436,1531214225431,8015771,0.00257500,0.41000000,0
1531214225568,1531214225563,8015772,0.00257500,0.41000000,0
1531214232164,1531214232160,8015773,0.00257500,15.79000000,0
1531214233205,1531214233200,8015774,0.00257800,17.00000000,0
1531214234792,1531214234788,8015775,0.00257800,157.17000000,0
1531214235988,1531214235984,8015776,0.00257900,77.93000000,0
1531214237557,1531214237554,8015777,0.00257700,17.98000000,1
1531214238571,1531214238566,8015778,0.00258000,0.62000000,0
1531214239199,1531214239194,8015779,0.00258000,0.38000000,0
1531214241544,1531214241539,8015780,0.00257900,0.76000000,0
1531214242138,1531214242133,8015781,0.00257800,3.89000000,1
1531214242286,1531214242282,8015782,0.00257800,1.28000000,1
1531214245042,1531214245038,8015783,0.00257800,384.48000000,1
1531214245069,1531214245065,8015784,0.00257800,390.32000000,1
1531214250929,1531214250924,8015785,0.00257800,7.22000000,0
1531214250929,1531214250924,8015786,0.00257900,7.33000000,0
1531214250929,1531214250924,8015787,0.00258000,9.00000000,0
1531214252309,1531214252306,8015788,0.00258000,29.77000000,1
1531214253923,1531214253920,8015789,0.00257900,0.96000000,1
1531214265035,1531214265030,8015790,0.00258300,0.07000000,0
1531214268985,1531214268981,8015791,0.00258000,29.60000000,1
1531214277869,1531214277865,8015792,0.00257900,10.36000000,1
1531214277922,1531214277918,8015793,0.00257900,58.02000000,0
1531214283916,1531214283911,8015794,0.00257800,5.00000000,0
1531214288973,1531214288968,8015795,0.00257800,48.89000000,1
1531214298547,1531214298541,8015796,0.00258300,0.01000000,0
1531214303008,1531214303004,8015797,0.00258300,2.00000000,0
1531214306030,1531214306025,8015798,0.00258300,0.01000000,0
1531214310460,1531214310456,8015799,0.00258200,1.00000000,0
1531214320806,1531214320802,8015800,0.00258300,28.47000000,0
1531214320806,1531214320802,8015801,0.00258400,10.36000000,0
1531214321324,1531214321319,8015802,0.00258200,0.01000000,0
1531214325134,1531214325128,8015803,0.00257800,0.02000000,1
1531214339594,1531214339591,8015804,0.00258400,0.08000000,0
1531214344139,1531214344135,8015805,0.00258000,0.16000000,1
1531214347646,1531214347641,8015806,0.00258400,0.53000000,0
1531214357129,1531214357125,8015807,0.00258200,331.04000000,0
1531214357147,1531214357142,8015808,0.00258100,108.93000000,1
1531214357167,1531214357163,8015809,0.00258100,113.37000000,1
1531214361885,1531214361879,8015810,0.00258100,201.18000000,1
1531214361903,1531214361899,8015811,0.00258100,254.28000000,1
1531214364462,1531214364459,8015812,0.00258400,42.24000000,0
1531214372299,1531214372294,8015813,0.00258100,244.34000000,1
1531214372325,1531214372322,8015814,0.00258100,323.62000000,1
1531214382118,1531214382114,8015815,0.00258300,14.64000000,1
1531214383711,1531214383707,8015816,0.00258400,0.48000000,0
1531214384532,1531214384529,8015817,0.00258300,9.61000000,1
1531214384556,1531214384552,8015818,0.00258300,4.00000000,1
1531214384964,1531214384959,8015819,0.00258300,365.46000000,1
1531214385005,1531214385000,8015820,0.00258300,215.18000000,1
1531214385026,1531214385022,8015821,0.00258300,219.95000000,1
1531214389108,1531214389103,8015822,0.00258400,34.83000000,0
1531214389127,1531214389121,8015823,0.00258400,41.59000000,0
1531214407885,1531214407882,8015824,0.00258400,0.52000000,0
1531214410057,1531214410053,8015825,0.00258400,4.69000000,0
1531214410731,1531214410726,8015826,0.00258400,2.40000000,0
1531214411857,1531214411853,8015827,0.00258400,196.36000000,0
1531214412117,1531214412114,8015828,0.00258400,0.40000000,1
1531214412158,1531214412155,8015829,0.00258500,5.00000000,0
1531214412715,1531214412710,8015830,0.00258400,7.20000000,1
1531214412765,1531214412761,8015831,0.00258500,2.40000000,0
1531214413729,1531214413725,8015832,0.00258300,7.20000000,1
1531214413778,1531214413774,8015833,0.00258500,2.60000000,0
1531214413778,1531214413774,8015834,0.00258600,34.22000000,0
1531214413815,1531214413812,8015835,0.00258600,2.69000000,1
1531214413853,1531214413849,8015836,0.00258600,0.21000000,1
1531214413939,1531214413934,8015837,0.00258600,1.45000000,1
1531214413949,1531214413945,8015838,0.00258600,1.45000000,1
1531214413964,1531214413960,8015839,0.00258600,4.12000000,1
1531214419674,1531214419670,8015840,0.00258700,0.58000000,0
1531214419674,1531214419670,8015841,0.00258800,1.82000000,0
1531214424099,1531214424096,8015842,0.00258800,14.00000000,0
1531214424099,1531214424096,8015843,0.00258900,32.76000000,0
1531214424699,1531214424694,8015844,0.00258900,2.50000000,0
1531214430209,1531214430206,8015845,0.00258800,4.69000000,0
1531214430662,1531214430657,8015846,0.00258500,2.88000000,1
1531214432837,1531214432834,8015847,0.00258800,17.00000000,0
1531214440155,1531214440151,8015848,0.00258800,1.00000000,0
1531214440168,1531214440162,8015849,0.00258800,2.67000000,0
1531214442955,1531214442951,8015850,0.00258800,105.48000000,0
1531214449143,1531214449141,8015851,0.00258800,10.05000000,0
1531214452768,1531214452765,8015852,0.00258800,0.41000000,0
1531214454076,1531214454073,8015853,0.00258800,15.53000000,0
1531214454969,1531214454964,8015854,0.00258800,55.44000000,0
1531214456120,1531214456115,8015855,0.00258500,0.03000000,1
1531214456766,1531214456762,8015856,0.00258800,0.50000000,0
1531214457099,1531214457095,8015857,0.00258600,5.81000000,1
1531214457117,1531214457113,8015858,0.00258500,1.72000000,1
1531214462816,1531214462812,8015859,0.00258500,279.12000000,1
1531214463064,1531214463061,8015860,0.00258700,2.88000000,0
1531214464678,1531214464675,8015861,0.00258700,4.74000000,0
1531214467093,1531214467089,8015862,0.00258600,3.15000000,0
1531214467323,1531214467319,8015863,0.00258500,0.41000000,0
1531214467323,1531214467319,8015864,0.00258600,6.38000000,0
1531214467349,1531214467344,8015865,0.00258600,57.47000000,0
1531214467349,1531214467344,8015866,0.00258800,1.77000000,0
1531214467555,1531214467551,8015867,0.00258800,24.35000000,0
1531214467709,1531214467706,8015868,0.00258800,1.76000000,1
1531214467963,1531214467959,8015869,0.00258800,0.01000000,1
1531214467988,1531214467985,8015870,0.00258600,0.98000000,1
1531214470794,1531214470789,8015871,0.00258900,0.02000000,0
1531214473975,1531214473972,8015872,0.00258800,38.93000000,0
1531214475410,1531214475406,8015873,0.00258800,1.32000000,0
1531214476014,1531214476009,8015874,0.00258800,38.84000000,0
1531214477129,1531214477125,8015875,0.00258800,99.96000000,0
1531214481091,1531214481083,8015876,0.00258800,9.23000000,0
1531214482636,1531214482631,8015877,0.00258800,26.68000000,0
1531214482636,1531214482631,8015878,0.00258900,34.62000000,0
1531214485959,1531214485956,8015879,0.00258400,240.34000000,1
1531214485988,1531214485983,8015880,0.00258400,2.49000000,1
1531214486857,1531214486853,8015881,0.00258300,29.60000000,1
1531214486857,1531214486853,8015882,0.00258200,121.38000000,1
1531214486907,1531214486902,8015883,0.00258200,22.31000000,1
1531214486921,1531214486918,8015884,0.00258200,2.69000000,1
1531214487287,1531214487284,8015885,0.00258200,12.15000000,1
1531214493079,1531214493074,8015886,0.00258700,0.65000000,0
1531214495246,1531214495241,8015887,0.00258100,1.57000000,1
1531214495269,1531214495265,8015888,0.00258700,0.40000000,0
1531214497544,1531214497540,8015889,0.00258300,17.98000000,1
1531214498292,1531214498288,8015890,0.00258300,0.02000000,1
1531214498292,1531214498288,8015891,0.00258200,230.75000000,1
1531214498310,1531214498307,8015892,0.00258200,150.85000000,1
1531214499597,1531214499593,8015893,0.00258300,0.39000000,0
1531214499820,1531214499816,8015894,0.00258200,138.87000000,1
1531214500649,1531214500645,8015895,0.00258200,0.95000000,0
1531214501434,1531214501429,8015896,0.00258000,0.82000000,1
1531214505605,1531214505602,8015897,0.00258000,3.88000000,1
1531214506624,1531214506621,8015898,0.00258000,5.88000000,1
1531214509372,1531214509366,8015899,0.00257900,2.67000000,1
1531214509585,1531214509581,8015900,0.00257900,15.33000000,1
1531214509585,1531214509581,8015901,0.00257800,219.67000000,1
1531214515861,1531214515857,8015902,0.00258100,0.38000000,0
1531214518006,1531214518003,8015903,0.00257900,0.42000000,0
1531214536691,1531214536687,8015904,0.00257900,1.53000000,0
1531214537468,1531214537463,8015905,0.00258100,0.46000000,0
1531214543337,1531214543332,8015906,0.00258000,0.62000000,0
1531214558186,1531214558182,8015907,0.00257900,0.49000000,0
1531214559440,1531214559436,8015908,0.00257600,0.40000000,1
1531214572167,1531214572162,8015909,0.00257600,1.51000000,1
1531214579665,1531214579661,8015910,0.00257600,0.01000000,1
1531214579665,1531214579661,8015911,0.00257500,2.29000000,1
1531214580063,1531214580059,8015912,0.00257800,31.01000000,0
1531214580779,1531214580775,8015913,0.00257500,0.90000000,1
1531214583858,1531214583853,8015914,0.00258000,0.50000000,0
1531214586885,1531214586880,8015915,0.00257800,13.99000000,1
1531214586887,1531214586882,8015916,0.00257800,0.01000000,1
1531214586887,1531214586882,8015917,0.00257700,34.99000000,1
1531214587517,1531214587489,8015918,0.00257800,17.98000000,1
1531214588704,1531214588700,8015919,0.00257800,0.02000000,1
1531214592480,1531214592477,8015920,0.00257600,1.00000000,1
1531214592492,1531214592488,8015921,0.00257600,2.69000000,1
1531214599071,1531214599066,8015922,0.00257500,6.81000000,1
1531214599071,1531214599066,8015923,0.00257400,2.83000000,1
1531214599157,1531214599154,8015924,0.00257900,0.01000000,0
1531214599630,1531214599627,8015925,0.00257900,2.50000000,0
1531214599856,1531214599852,8015926,0.00257800,2.69000000,0
1531214599903,1531214599899,8015927,0.00257800,4.74000000,0
1531214601672,1531214601667,8015928,0.00257800,2.30000000,0
1531214603819,1531214603815,8015929,0.00257800,4.00000000,0
1531214605592,1531214605588,8015930,0.00257700,4.00000000,0
1531214607224,1531214607220,8015931,0.00257700,4.74000000,0
1531214607342,1531214607338,8015932,0.00257700,193.62000000,0
1531214607364,1531214607360,8015933,0.00257700,50.30000000,0
1531214608054,1531214608050,8015934,0.00257900,15.92000000,0
1531214608302,1531214608298,8015935,0.00257700,9.67000000,1
1531214615305,1531214615302,8015936,0.00258000,10.00000000,0
1531214615996,1531214615993,8015937,0.00258000,10.00000000,0
1531214617064,1531214617061,8015938,0.00258000,34.96000000,0
1531214617069,1531214617066,8015939,0.00258000,20.00000000,0
1531214617174,1531214617170,8015940,0.00258000,35.04000000,0
1531214618659,1531214618654,8015941,0.00258200,90.00000000,0
1531214624062,1531214624058,8015942,0.00258100,3.87000000,0
1531214625464,1531214625460,8015943,0.00258100,3.87000000,0
1531214626754,1531214626751,8015944,0.00258100,147.45000000,0
1531214626923,1531214626918,8015945,0.00258100,7.73000000,1
1531214626923,1531214626918,8015946,0.00258000,15.02000000,1
1531214630344,1531214630341,8015947,0.00258000,1.16000000,0
1531214633426,1531214633421,8015948,0.00257700,37.50000000,0
1531214633427,1531214633424,8015949,0.00257700,37.50000000,0
1531214633664,1531214633661,8015950,0.00257700,8.00000000,0
1531214633766,1531214633761,8015951,0.00257700,2.34000000,0
1531214633972,1531214633969,8015952,0.00257700,34.66000000,0
1531214634077,1531214634073,8015953,0.00258000,34.66000000,0
1531214634214,1531214634211,8015954,0.00258000,4.37000000,0
1531214634736,1531214634730,8015955,0.00257700,2.30000000,1
1531214635369,1531214635365,8015956,0.00258000,4.33000000,0
1531214635540,1531214635536,8015957,0.00258000,0.77000000,0
1531214636757,1531214636751,8015958,0.00257700,2.40000000,1
1531214647302,1531214647298,8015959,0.00257700,15.80000000,1
1531214647764,1531214647761,8015960,0.00257900,264.76000000,0
1531214666937,1531214666934,8015961,0.00258000,3.38000000,0
1531214671994,1531214671989,8015962,0.00257900,291.56000000,0
1531214676408,1531214676404,8015963,0.00258000,12.69000000,0
1531214676657,1531214676654,8015964,0.00258000,2.40000000,0
1531214678754,1531214678749,8015965,0.00257900,2.50000000,0
1531214680635,1531214680631,8015966,0.00257700,2.11000000,0
1531214680645,1531214680641,8015967,0.00257900,363.18000000,0
1531214680662,1531214680658,8015968,0.00257900,161.72000000,0
1531214681025,1531214681021,8015969,0.00257900,2.49000000,1
1531214686855,1531214686851,8015970,0.00258000,45.77000000,0
1531214687280,1531214687276,8015971,0.00257600,0.97000000,1
1531214687280,1531214687276,8015972,0.00257500,10.00000000,1
1531214687280,1531214687276,8015973,0.00257400,28.03000000,1
1531214688903,1531214688897,8015974,0.00257400,0.03000000,1
1531214704423,1531214704419,8015975,0.00257800,247.87000000,0
1531214710146,1531214710142,8015976,0.00257700,135.53000000,0
1531214717106,1531214717103,8015977,0.00257800,4.89000000,0
1531214720968,1531214720963,8015978,0.00257800,150.58000000,0
1531214720996,1531214720991,8015979,0.00257800,37.50000000,0
1531214720998,1531214720994,8015980,0.00257800,57.03000000,0
1531214725984,1531214725979,8015981,0.00257900,0.97000000,0
1531214725984,1531214725979,8015982,0.00258000,36.53000000,0
1531214726015,1531214726011,8015983,0.00258000,3.69000000,0
1531214727502,1531214727499,8015984,0.00258000,37.50000000,0
1531214729013,1531214729008,8015985,0.00257800,3.36000000,1
1531214731026,1531214731022,8015986,0.00257800,2.68000000,1
1531214732092,1531214732088,8015987,0.00258100,218.31000000,0
1531214732906,1531214732902,8015988,0.00258100,0.96000000,0
1531214733911,1531214733907,8015989,0.00258000,52.00000000,0
1531214733985,1531214733981,8015990,0.00258000,48.00000000,0
1531214734427,1531214734423,8015991,0.00257900,2.15000000,1
1531214735982,1531214735978,8015992,0.00258200,2.72000000,0
1531214736779,1531214736773,8015993,0.00258000,0.96000000,1
1531214736779,1531214736773,8015994,0.00257900,2.26000000,1
1531214737709,1531214737705,8015995,0.00258000,1.72000000,1
1531214739734,1531214739730,8015996,0.00258000,0.73000000,1
1531214741700,1531214741697,8015997,0.00258000,0.58000000,1
1531214743240,1531214743235,8015998,0.00258000,171.00000000,1
1531214743372,1531214743368,8015999,0.00258000,28.99000000,0
1531214743392,1531214743388,8016000,0.00258000,0.01000000,0
1531214743636,1531214743633,8016001,0.00258000,0.58000000,1
1531214745711,1531214745707,8016002,0.00258100,0.47000000,1
1531214746921,1531214746915,8016003,0.00258100,0.02000000,1
1531214747985,1531214747980,8016004,0.00258100,0.53000000,1
1531214749375,1531214749371,8016005,0.00258400,0.01000000,0
1531214753340,1531214753335,8016006,0.00258000,18.00000000,1
1531214753340,1531214753335,8016007,0.00257900,52.00000000,1
1531214753340,1531214753335,8016008,0.00257800,45.54000000,1
1531214753340,1531214753335,8016009,0.00257700,18.00000000,1
1531214753340,1531214753335,8016010,0.00257600,16.46000000,1
1531214756981,1531214756978,8016011,0.00258300,59.26000000,0
1531214758353,1531214758349,8016012,0.00258000,43.77000000,0
1531214758365,1531214758362,8016013,0.00258000,14.20000000,0
1531214758986,1531214758981,8016014,0.00258000,142.03000000,0
1531214759664,1531214759659,8016015,0.00258000,1.00000000,0
1531214759974,1531214759969,8016016,0.00258000,15.93000000,0
1531214759987,1531214759982,8016017,0.00258000,123.07000000,0
1531214769688,1531214769684,8016018,0.00258200,0.55000000,0
1531214770595,1531214770590,8016019,0.00258000,2.84000000,0
1531214771096,1531214771091,8016020,0.00258000,1.84000000,0
1531214772543,1531214772538,8016021,0.00258000,245.32000000,0
1531214779639,1531214779635,8016022,0.00258100,2.70000000,1
1531214779639,1531214779635,8016023,0.00257900,24.47000000,1
1531214779639,1531214779635,8016024,0.00257800,154.83000000,1
1531214779639,1531214779635,8016025,0.00257600,18.00000000,1
1531214781486,1531214781482,8016026,0.00257900,1.99000000,1
1531214781988,1531214781982,8016027,0.00258300,473.61000000,0
1531214782291,1531214782287,8016028,0.00258400,0.40000000,0
1531214782291,1531214782287,8016029,0.00258500,0.20000000,0
1531214782518,1531214782514,8016030,0.00257900,7.30000000,1
1531214787117,1531214787112,8016031,0.00258100,300.00000000,1
1531214788291,1531214788287,8016032,0.00258500,9.80000000,0
1531214788291,1531214788287,8016033,0.00258600,3.08000000,0
1531214788291,1531214788287,8016034,0.00258700,42.04000000,0
1531214789264,1531214789260,8016035,0.00258600,4.69000000,0
1531214789426,1531214789423,8016036,0.00258600,5.10000000,0
1531214790606,1531214790601,8016037,0.00258300,25.81000000,0
1531214790623,1531214790617,8016038,0.00258100,113.64000000,1
1531214790768,1531214790764,8016039,0.00258100,75.64000000,0
1531214790963,1531214790959,8016040,0.00258100,3.87000000,0
1531214790979,1531214790976,8016041,0.00258100,137.66000000,0
1531214792476,1531214792470,8016042,0.00258300,0.96000000,0
1531214792476,1531214792470,8016043,0.00258400,0.77000000,0
1531214796724,1531214796719,8016044,0.00258400,0.77000000,0
1531214796724,1531214796719,8016045,0.00258600,1.63000000,0
1531214797979,1531214797976,8016046,0.00258600,9.80000000,0
1531214798744,1531214798738,8016047,0.00258400,0.39000000,1
1531214798744,1531214798738,8016048,0.00258200,0.96000000,1
1531214798744,1531214798738,8016049,0.00258100,26.06000000,1
1531214798744,1531214798738,8016050,0.00258000,10.00000000,1
1531214798744,1531214798738,8016051,0.00257800,62.58000000,1
1531214804336,1531214804332,8016052,0.00258400,0.96000000,0
1531214804336,1531214804332,8016053,0.00258500,10.00000000,0
1531214804336,1531214804332,8016054,0.00258700,103.16000000,0
1531214805544,1531214805539,8016055,0.00258100,33.13000000,1
1531214805544,1531214805539,8016056,0.00258000,48.26000000,1
1531214805660,1531214805656,8016057,0.00258000,77.34000000,0
1531214805683,1531214805679,8016058,0.00258000,127.79000000,0
1531214805720,1531214805716,8016059,0.00258000,4.73000000,0
1531214806022,1531214806017,8016060,0.00258000,8.75000000,0
1531214808894,1531214808889,8016061,0.00258700,0.83000000,0
1531214814173,1531214814170,8016062,0.00258400,300.00000000,1
1531214815615,1531214815610,8016063,0.00258400,29.11000000,1
1531214815634,1531214815630,8016064,0.00258400,62.66000000,1
1531214825379,1531214825373,8016065,0.00258100,0.96000000,1
1531214825379,1531214825373,8016066,0.00258000,39.76000000,1
1531214825482,1531214825477,8016067,0.00258000,14.23000000,0
1531214825489,1531214825485,8016068,0.00258000,14.19000000,0
1531214825509,1531214825506,8016069,0.00258000,77.34000000,0
1531214825515,1531214825510,8016070,0.00258000,3.52000000,0
1531214825803,1531214825797,8016071,0.00258700,12.05000000,0
1531214831813,1531214831808,8016072,0.00258100,154.81000000,1
1531214834183,1531214834178,8016073,0.00258400,4.07000000,0
1531214834998,1531214834992,8016074,0.00258100,376.05000000,1
1531214834998,1531214834992,8016075,0.00258000,123.95000000,1
1531214835715,1531214835711,8016076,0.00258400,0.96000000,0
1531214835715,1531214835711,8016077,0.00258500,3.59000000,0
1531214840564,1531214840561,8016078,0.00258500,2.11000000,0
1531214847729,1531214847725,8016079,0.00258500,4.29000000,0
1531214848332,1531214848327,8016080,0.00258500,0.01000000,0
1531214848337,1531214848333,8016081,0.00258500,0.78000000,1
1531214848364,1531214848359,8016082,0.00258700,2.50000000,0
1531214848576,1531214848570,8016083,0.00258500,1.72000000,1
1531214848576,1531214848570,8016084,0.00258100,0.96000000,1
1531214848576,1531214848570,8016085,0.00258000,20.35000000,1
1531214849019,1531214849014,8016086,0.00258000,62.66000000,0
1531214849023,1531214849019,8016087,0.00258000,414.31000000,0
1531214853562,1531214853558,8016088,0.00258300,0.61000000,0
1531214853581,1531214853576,8016089,0.00258400,0.96000000,0
1531214853581,1531214853576,8016090,0.00258500,3.09000000,0
1531214853581,1531214853576,8016091,0.00258600,70.93000000,0
1531214853717,1531214853714,8016092,0.00258600,61.88000000,0
1531214853830,1531214853826,8016093,0.00258600,61.88000000,0
1531214853981,1531214853976,8016094,0.00258600,61.88000000,0
1531214854008,1531214854005,8016095,0.00258600,4.02000000,0
1531214854122,1531214854119,8016096,0.00258600,34.86000000,0
1531214855104,1531214855098,8016097,0.00258700,4.58000000,0
1531214856234,1531214856230,8016098,0.00258700,25.61000000,0
1531214857488,1531214857484,8016099,0.00258700,3.58000000,0
1531214859824,1531214859818,8016100,0.00258700,186.00000000,0
1531214860019,1531214860015,8016101,0.00258700,25.77000000,1
1531214860172,1531214860166,8016102,0.00258400,35.86000000,1
1531214860172,1531214860166,8016103,0.00258000,10.00000000,1
1531214860187,1531214860182,8016104,0.00258000,236.44000000,0
1531214860189,1531214860187,8016105,0.00258000,267.70000000,0
1531214860224,1531214860219,8016106,0.00258800,22.71000000,0
1531214860224,1531214860219,8016107,0.00258900,213.73000000,0
1531214862774,1531214862771,8016108,0.00258500,10.00000000,0
1531214863132,1531214863126,8016109,0.00258500,61.91000000,0
1531214863140,1531214863137,8016110,0.00258500,36.16000000,0
1531214863154,1531214863149,8016111,0.00258500,15.47000000,0
1531214863224,1531214863216,8016112,0.00258500,13.26000000,0
1531214863697,1531214863694,8016113,0.00258400,34.86000000,0
1531214863697,1531214863694,8016114,0.00258500,48.92000000,0
1531214864028,1531214864024,8016115,0.00258400,65.55000000,0
1531214865045,1531214865040,8016116,0.00258500,105.74000000,0
1531214866017,1531214866013,8016117,0.00258400,0.96000000,0
1531214866505,1531214866500,8016118,0.00258000,13.26000000,1
1531214872089,1531214872086,8016119,0.00258700,0.58000000,0
1531214872089,1531214872086,8016120,0.00258900,3.28000000,0
1531214872095,1531214872091,8016121,0.00258900,54.40000000,0
1531214872136,1531214872131,8016122,0.00258900,155.76000000,0
1531214872136,1531214872131,8016123,0.00259000,21.97000000,0
1531214873887,1531214873884,8016124,0.00258400,0.96000000,1
1531214873887,1531214873884,8016125,0.00258300,1.79000000,1
1531214873887,1531214873884,8016126,0.00258100,1.25000000,1
1531214875836,1531214875832,8016127,0.00258100,51.98000000,1
1531214875836,1531214875832,8016128,0.00258000,10.00000000,1
1531214875885,1531214875880,8016129,0.00258000,2.33000000,0
1531214876021,1531214876016,8016130,0.00258000,24.81000000,0
1531214876022,1531214876016,8016131,0.00258000,510.88000000,0
1531214876069,1531214876066,8016132,0.00258900,0.96000000,0
1531214876069,1531214876066,8016133,0.00259000,15.79000000,0
1531214882778,1531214882774,8016134,0.00258500,10.00000000,1
1531214898374,1531214898369,8016135,0.00258600,2.31000000,0
1531214898841,1531214898837,8016136,0.00258600,0.02000000,0
1531214898841,1531214898837,8016137,0.00259000,0.45000000,0
1531214902128,1531214902123,8016138,0.00259000,1.00000000,0
1531214907277,1531214907274,8016139,0.00258400,3.18000000,1
1531214908304,1531214908301,8016140,0.00259000,9.01000000,0
1531214908308,1531214908305,8016141,0.00259000,77.22000000,0
1531214908376,1531214908373,8016142,0.00258900,0.96000000,0
1531214908390,1531214908386,8016143,0.00259000,28.56000000,0
1531214909014,1531214909009,8016144,0.00258900,211.61000000,0
1531214909034,1531214909030,8016145,0.00259000,1.28000000,0
1531214912259,1531214912253,8016146,0.00259200,30.83000000,0
1531214913485,1531214913481,8016147,0.00259000,2.75000000,1
1531214915112,1531214915107,8016148,0.00259100,1.86000000,1
1531214915475,1531214915471,8016149,0.00259100,2.20000000,1
1531214917367,1531214917360,8016150,0.00259300,1.16000000,0
1531214917367,1531214917360,8016151,0.00259400,8.17000000,0
1531214917367,1531214917360,8016152,0.00259500,9.17000000,0
1531214917367,1531214917360,8016153,0.00259600,145.54000000,0
1531214917367,1531214917360,8016154,0.00259700,18.39000000,0
1531214917759,1531214917754,8016155,0.00259300,0.96000000,1
1531214917759,1531214917754,8016156,0.00259200,28.70000000,1
1531214918206,1531214918201,8016157,0.00259200,0.58000000,1
1531214925466,1531214925463,8016158,0.00259500,0.96000000,0
1531214925466,1531214925463,8016159,0.00259600,5.04000000,0
1531214927170,1531214927166,8016160,0.00259300,24.24000000,0
1531214928240,1531214928235,8016161,0.00259400,11.66000000,0
1531214933669,1531214933665,8016162,0.00259600,380.12000000,0
1531214933685,1531214933680,8016163,0.00259600,41.96000000,0
1531214934599,1531214934594,8016164,0.00259600,145.00000000,0
1531214935205,1531214935201,8016165,0.00259200,1.54000000,1
1531214935568,1531214935562,8016166,0.00259200,2.11000000,1
1531214935721,1531214935716,8016167,0.00259700,1.92000000,0
1531214936206,1531214936201,8016168,0.00259300,1.54000000,1
1531214936533,1531214936529,8016169,0.00259300,8.62000000,1
1531214937021,1531214937017,8016170,0.00259600,11.12000000,0
1531214937641,1531214937636,8016171,0.00259300,2.11000000,1
1531214937733,1531214937729,8016172,0.00259300,0.96000000,1
1531214937833,1531214937828,8016173,0.00259300,0.38000000,0
1531214938049,1531214938046,8016174,0.00259700,7.90000000,0
1531214938055,1531214938052,8016175,0.00259900,3.07000000,0
1531214938055,1531214938052,8016176,0.00260000,4.83000000,0
1531214938080,1531214938075,8016177,0.00260000,980.22000000,0
1531214938121,1531214938117,8016178,0.00260100,0.77000000,0
1531214938181,1531214938176,8016179,0.00260200,484.20000000,0
1531214938194,1531214938190,8016180,0.00259600,2.62000000,1
1531214938208,1531214938204,8016181,0.00259600,1.12000000,1
1531214938226,1531214938220,8016182,0.00260300,911.71000000,0
1531214938233,1531214938228,8016183,0.00259600,1.52000000,1
1531214938353,1531214938349,8016184,0.00259600,2.49000000,1
1531214938823,1531214938819,8016185,0.00259600,1.28000000,1
1531214939051,1531214939046,8016186,0.00259600,20.89000000,1
1531214939083,1531214939080,8016187,0.00259600,4.19000000,1
1531214939125,1531214939121,8016188,0.00260300,352.76000000,0
1531214939125,1531214939121,8016189,0.00260400,230.39000000,0
1531214939183,1531214939178,8016190,0.00260300,57.70000000,0
1531214939183,1531214939178,8016191,0.00260500,222.16000000,0
1531214939394,1531214939391,8016192,0.00259700,20.99000000,1
1531214939695,1531214939692,8016193,0.00259700,2.75000000,0
1531214939717,1531214939713,8016194,0.00259300,0.65000000,1
1531214939965,1531214939960,8016195,0.00259700,0.03000000,0
1531214939965,1531214939960,8016196,0.00260200,20.17000000,0
1531214939991,1531214939986,8016197,0.00259600,0.97000000,1
1531214940040,1531214940036,8016198,0.00260200,25.22000000,0
1531214940040,1531214940036,8016199,0.00260300,29.01000000,0
1531214940161,1531214940158,8016200,0.00260300,20.99000000,0
1531214940962,1531214940957,8016201,0.00260100,4.23000000,0
1531214941018,1531214941014,8016202,0.00260500,3.06000000,0
1531214941018,1531214941014,8016203,0.00260600,168.80000000,0
1531214941046,1531214941042,8016204,0.00260100,10.90000000,1
1531214941154,1531214941150,8016205,0.00260100,1.10000000,1
1531214941332,1531214941327,8016206,0.00260700,1.80000000,0
1531214941332,1531214941327,8016207,0.00260800,12.90000000,0
1531214941332,1531214941327,8016208,0.00260900,4.51000000,0
1531214941367,1531214941361,8016209,0.00260100,4.23000000,1
1531214941775,1531214941771,8016210,0.00260200,0.96000000,1
1531214941775,1531214941771,8016211,0.00260100,0.46000000,1
1531214942014,1531214942010,8016212,0.00260400,4.23000000,0
1531214942873,1531214942867,8016213,0.00260200,12.53000000,1
1531214943036,1531214943031,8016214,0.00260400,4.23000000,0
1531214943062,1531214943058,8016215,0.00260500,0.96000000,0
1531214943241,1531214943236,8016216,0.00260200,1.65000000,1
1531214943703,1531214943697,8016217,0.00260800,0.07000000,0
1531214943740,1531214943734,8016218,0.00260200,1.09000000,1
1531214943750,1531214943747,8016219,0.00260800,0.09000000,0
1531214943776,1531214943771,8016220,0.00260800,0.09000000,0
1531214944015,1531214944011,8016221,0.00260700,12.53000000,0
1531214944015,1531214944011,8016222,0.00260800,249.75000000,0
1531214944283,1531214944279,8016223,0.00260300,0.77000000,1
1531214944559,1531214944554,8016224,0.00260300,0.19000000,1
1531214944559,1531214944554,8016225,0.00260200,6.43000000,1
1531214944939,1531214944934,8016226,0.00260200,0.78000000,1
1531214945877,1531214945872,8016227,0.00260200,2.24000000,1
1531214946640,1531214946634,8016228,0.00260200,5.25000000,1
1531214946935,1531214946930,8016229,0.00260200,5.44000000,1
1531214948266,1531214948262,8016230,0.00260200,6.56000000,1
1531214949027,1531214949023,8016231,0.00260200,323.66000000,0
1531214950858,1531214950853,8016232,0.00260100,4.18000000,1
1531214950907,1531214950904,8016233,0.00260200,0.41000000,0
1531214951011,1531214951007,8016234,0.00260200,54.00000000,0
1531214951013,1531214951007,8016235,0.00260200,120.41000000,0
1531214952021,1531214952017,8016236,0.00260600,0.96000000,0
1531214953038,1531214953034,8016237,0.00260700,3.21000000,0
1531214954468,1531214954463,8016238,0.00260900,29.35000000,0
1531214955073,1531214955070,8016239,0.00260400,0.77000000,1
1531214956035,1531214956031,8016240,0.00260400,0.88000000,1
1531214957366,1531214957362,8016241,0.00260400,1.21000000,1
1531214957677,1531214957674,8016242,0.00260800,0.77000000,0
1531214957677,1531214957674,8016243,0.00260900,1.13000000,0
1531214957677,1531214957674,8016244,0.00261000,0.93000000,0
1531214958396,1531214958392,8016245,0.00260200,0.77000000,1
1531214958396,1531214958392,8016246,0.00260100,1.32000000,1
1531214962491,1531214962487,8016247,0.00260900,0.39000000,0
1531214963229,1531214963225,8016248,0.00260200,2.09000000,1
1531214963810,1531214963806,8016249,0.00260200,7.30000000,1
1531214966951,1531214966947,8016250,0.00260900,19.73000000,0
1531214968530,1531214968526,8016251,0.00260500,0.39000000,1
1531214970506,1531214970501,8016252,0.00260400,2.89000000,1
1531214970888,1531214970884,8016253,0.00260400,2.81000000,1
1531214974211,1531214974206,8016254,0.00260400,0.96000000,1
