event_time,trade_time,trade_id,price,quantity,maker
1531210371762,1531210371757,1987337,0.00004412,1860.00000000,0
1531210372164,1531210372159,1987338,0.00004412,1326.00000000,0
1531210372238,1531210372234,1987339,0.00004412,725.00000000,0
1531210372391,1531210372386,1987340,0.00004412,311.00000000,0
1531210372418,1531210372413,1987341,0.00004412,202.00000000,1
1531210372425,1531210372421,1987342,0.00004412,153.00000000,1
1531210372653,1531210372648,1987343,0.00004413,3054.00000000,0
1531210372683,1531210372679,1987344,0.00004412,370.00000000,1
1531210372841,1531210372837,1987345,0.00004421,898.00000000,1
1531210372845,1531210372842,1987346,0.00004421,897.00000000,1
1531210373216,1531210373211,1987347,0.00004423,285.00000000,0
1531210373216,1531210373211,1987348,0.00004433,80.00000000,0
1531210373216,1531210373211,1987349,0.00004447,226.00000000,0
1531210373216,1531210373211,1987350,0.00004449,910.00000000,0
1531210373326,1531210373322,1987351,0.00004421,92.00000000,1
1531210373646,1531210373642,1987352,0.00004422,130.00000000,1
1531210381122,1531210381118,1987353,0.00004426,1332.00000000,1
1531210381122,1531210381118,1987354,0.00004425,314.00000000,1
1531210381122,1531210381118,1987355,0.00004421,46.00000000,1
1531210381122,1531210381118,1987356,0.00004420,144.00000000,1
1531210395893,1531210395889,1987357,0.00004420,14.00000000,1
1531210405303,1531210405298,1987358,0.00004438,42.00000000,0
1531210406204,1531210406198,1987359,0.00004412,408.00000000,0
1531210407736,1531210407733,1987360,0.00004411,134.00000000,1
1531210407762,1531210407758,1987361,0.00004405,163.00000000,1
1531210408578,1531210408574,1987362,0.00004408,117.00000000,0
1531210409576,1531210409576,1987363,0.00004409,134.00000000,0
1531210415305,1531210415300,1987364,0.00004406,414.00000000,0
1531210421742,1531210421737,1987365,0.00004405,194.00000000,1
1531210423999,1531210423994,1987366,0.00004402,171.00000000,1
1531210423999,1531210423994,1987367,0.00004401,1.00000000,1
1531210425547,1531210425542,1987368,0.00004421,44.00000000,0
1531210425779,1531210425773,1987369,0.00004421,255.00000000,0
1531210426401,1531210426397,1987370,0.00004422,46.00000000,0
1531210426418,1531210426415,1987371,0.00004422,54.00000000,0
1531210427585,1531210427581,1987372,0.00004421,194.00000000,0
1531210428074,1531210428069,1987373,0.00004422,30.00000000,0
1531210428074,1531210428069,1987374,0.00004426,96.00000000,0
1531210429722,1531210429716,1987375,0.00004426,38.00000000,0
1531210436437,1531210436434,1987376,0.00004411,114.00000000,1
1531210463438,1531210463434,1987377,0.00004421,68.00000000,1
1531210463438,1531210463434,1987378,0.00004411,134.00000000,1
1531210463438,1531210463434,1987379,0.00004410,71.00000000,1
1531210467262,1531210467258,1987380,0.00004410,482.00000000,0
1531210467344,1531210467339,1987381,0.00004423,114.00000000,0
1531210468601,1531210468597,1987382,0.00004422,182.00000000,0
1531210471588,1531210471582,1987383,0.00004425,71.00000000,0
1531210473591,1531210473586,1987384,0.00004426,134.00000000,0
1531210475155,1531210475149,1987385,0.00004409,503.00000000,1
1531210482971,1531210482966,1987386,0.00004437,41.00000000,0
1531210482998,1531210482994,1987387,0.00004438,153.00000000,0
1531210483042,1531210483036,1987388,0.00004438,47.00000000,0
1531210483066,1531210483066,1987389,0.00004444,684.00000000,0
1531210483495,1531210483489,1987390,0.00004458,46.00000000,0
1531210483515,1531210483514,1987391,0.00004458,46.00000000,0
1531210483535,1531210483531,1987392,0.00004458,46.00000000,0
1531210483554,1531210483549,1987393,0.00004458,62.00000000,0
1531210484557,1531210484553,1987394,0.00004439,3.00000000,1
1531210490187,1531210490182,1987395,0.00004440,194.00000000,1
1531210507597,1531210507592,1987396,0.00004440,651.00000000,1
1531210520125,1531210520120,1987397,0.00004441,230.00000000,0
1531210534596,1531210534592,1987398,0.00004445,472.00000000,0
1531210540732,1531210540728,1987399,0.00004452,648.00000000,0
1531210540763,1531210540758,1987400,0.00004452,25.00000000,1
1531210545217,1531210545214,1987401,0.00004441,266.00000000,1
1531210576478,1531210576472,1987402,0.00004443,377.00000000,0
1531210592317,1531210592314,1987403,0.00004447,407.00000000,0
1531210616075,1531210616071,1987404,0.00004453,3.00000000,0
1531210627040,1531210627035,1987405,0.00004445,716.00000000,0
1531210649330,1531210649331,1987406,0.00004447,145.00000000,1
1531210649335,1531210649331,1987407,0.00004447,153.00000000,1
1531210649381,1531210649377,1987408,0.00004447,47.00000000,1
1531210649429,1531210649424,1987409,0.00004447,120.00000000,1
1531210657294,1531210657290,1987410,0.00004451,438.00000000,0
1531210700685,1531210700679,1987411,0.00004450,431.00000000,1
1531210714226,1531210714222,1987412,0.00004449,502.00000000,0
1531210726487,1531210726482,1987413,0.00004439,148.00000000,1
1531210764149,1531210764145,1987414,0.00004449,283.00000000,1
1531210765451,1531210765446,1987415,0.00004440,429.00000000,1
1531210774088,1531210774084,1987416,0.00004448,148.00000000,0
1531210774088,1531210774084,1987417,0.00004449,170.00000000,0
1531210775341,1531210775335,1987418,0.00004440,114.00000000,1
1531210819102,1531210819097,1987419,0.00004456,452.00000000,0
1531210819133,1531210819133,1987420,0.00004459,24.00000000,0
1531210819133,1531210819133,1987421,0.00004461,22.00000000,0
1531210819154,1531210819149,1987422,0.00004461,46.00000000,0
1531210819184,1531210819182,1987423,0.00004461,46.00000000,0
1531210819197,1531210819197,1987424,0.00004461,46.00000000,0
1531210819225,1531210819219,1987425,0.00004461,46.00000000,0
1531210819250,1531210819245,1987426,0.00004461,70.00000000,0
1531210819671,1531210819668,1987427,0.00004460,266.00000000,0
1531210820673,1531210820669,1987428,0.00004460,300.00000000,0
1531210821020,1531210821015,1987429,0.00004447,310.00000000,1
1531210821133,1531210821127,1987430,0.00004464,46.00000000,0
1531210821171,1531210821166,1987431,0.00004464,46.00000000,0
1531210821190,1531210821186,1987432,0.00004464,46.00000000,0
1531210821195,1531210821194,1987433,0.00004464,46.00000000,0
1531210821233,1531210821228,1987434,0.00004464,46.00000000,0
1531210821241,1531210821237,1987435,0.00004464,70.00000000,0
1531210822175,1531210822168,1987436,0.00004463,299.00000000,0
1531210823155,1531210823151,1987437,0.00004463,1.00000000,0
1531210823155,1531210823151,1987438,0.00004464,45.00000000,0
1531210823182,1531210823177,1987439,0.00004464,46.00000000,0
1531210823196,1531210823191,1987440,0.00004464,46.00000000,0
1531210823208,1531210823204,1987441,0.00004464,46.00000000,0
1531210823238,1531210823232,1987442,0.00004464,46.00000000,0
1531210823258,1531210823254,1987443,0.00004464,69.00000000,0
1531210824154,1531210824150,1987444,0.00004464,23.00000000,0
1531210824749,1531210824749,1987445,0.00004450,88.00000000,1
1531210825650,1531210825646,1987446,0.00004463,121.00000000,0
1531210826144,1531210826140,1987447,0.00004463,1.00000000,0
1531210826144,1531210826140,1987448,0.00004464,45.00000000,0
1531210826170,1531210826165,1987449,0.00004464,53.00000000,0
1531210827157,1531210827154,1987450,0.00004464,23.00000000,0
1531210836930,1531210836926,1987451,0.00004453,269.00000000,0
1531210838297,1531210838292,1987452,0.00004455,158.00000000,1
1531210838303,1531210838299,1987453,0.00004455,633.00000000,1
1531210839188,1531210839183,1987454,0.00004455,86.00000000,1
1531210839236,1531210839231,1987455,0.00004457,162.00000000,1
1531210839236,1531210839231,1987456,0.00004455,182.00000000,1
1531210842643,1531210842638,1987457,0.00004453,26.00000000,1
1531210842643,1531210842638,1987458,0.00004445,133.00000000,1
1531210848957,1531210848951,1987459,0.00004447,156.00000000,1
1531210848957,1531210848951,1987460,0.00004438,148.00000000,1
1531210885077,1531210885071,1987461,0.00004456,507.00000000,0
1531210890805,1531210890799,1987462,0.00004458,156.00000000,0
1531210894095,1531210894091,1987463,0.00004455,419.00000000,1
1531210942081,1531210942076,1987464,0.00004453,255.00000000,1
1531210950956,1531210950951,1987465,0.00004455,237.00000000,0
1531210994887,1531210994884,1987466,0.00004439,1.00000000,1
1531211004873,1531211004868,1987467,0.00004457,423.00000000,1
1531211012948,1531211012943,1987468,0.00004459,408.00000000,1
1531211021684,1531211021681,1987469,0.00004465,177.00000000,0
1531211021698,1531211021693,1987470,0.00004466,1140.00000000,0
1531211021698,1531211021693,1987471,0.00004469,65.00000000,0
1531211021708,1531211021705,1987472,0.00004469,152.00000000,0
1531211023248,1531211023243,1987473,0.00004455,176.00000000,1
1531211058792,1531211058787,1987474,0.00004460,295.00000000,1
1531211080810,1531211080806,1987475,0.00004461,382.00000000,1
1531211082372,1531211082368,1987476,0.00004460,9.00000000,1
1531211116804,1531211116801,1987477,0.00004461,242.00000000,0
1531211119444,1531211119439,1987478,0.00004460,292.00000000,1
1531211136681,1531211136677,1987479,0.00004461,250.00000000,1
1531211184474,1531211184470,1987480,0.00004461,389.00000000,0
1531211191420,1531211191415,1987481,0.00004461,414.00000000,0
1531211193861,1531211193856,1987482,0.00004470,4963.00000000,0
1531211193861,1531211193856,1987483,0.00004472,9405.00000000,0
1531211194623,1531211194619,1987484,0.00004478,84.00000000,0
1531211197019,1531211197013,1987485,0.00004487,38.00000000,0
1531211198716,1531211198712,1987486,0.00004487,31.00000000,0
1531211198962,1531211198955,1987487,0.00004473,30.00000000,1
1531211199077,1531211199071,1987488,0.00004473,121.00000000,1
1531211199768,1531211199765,1987489,0.00004473,1.00000000,1
1531211199768,1531211199765,1987490,0.00004472,262.00000000,1
1531211199768,1531211199765,1987491,0.00004462,47.00000000,1
1531211204268,1531211204264,1987492,0.00004483,34.00000000,0
1531211204604,1531211204598,1987493,0.00004483,34.00000000,0
1531211204870,1531211204866,1987494,0.00004483,131.00000000,0
1531211205304,1531211205299,1987495,0.00004484,41.00000000,0
1531211205915,1531211205911,1987496,0.00004484,23.00000000,0
1531211206064,1531211206058,1987497,0.00004484,59.00000000,0
1531211206064,1531211206058,1987498,0.00004485,38.00000000,0
1531211206064,1531211206058,1987499,0.00004489,114.00000000,0
1531211206064,1531211206058,1987500,0.00004521,711.00000000,0
1531211206064,1531211206058,1987501,0.00004522,2507.00000000,0
1531211206064,1531211206058,1987502,0.00004523,88.00000000,0
1531211206064,1531211206058,1987503,0.00004530,1884.00000000,0
1531211206323,1531211206318,1987504,0.00004484,26.00000000,1
1531211206344,1531211206342,1987505,0.00004467,26.00000000,1
1531211206930,1531211206924,1987506,0.00004527,77.00000000,0
1531211208234,1531211208230,1987507,0.00004482,32.00000000,1
1531211208918,1531211208912,1987508,0.00004482,44.00000000,1
1531211208918,1531211208912,1987509,0.00004481,1.00000000,1
1531211208920,1531211208917,1987510,0.00004481,54.00000000,1
1531211208941,1531211208937,1987511,0.00004481,77.00000000,1
1531211208941,1531211208937,1987512,0.00004473,139.00000000,1
1531211209198,1531211209194,1987513,0.00004483,220.00000000,1
1531211209225,1531211209218,1987514,0.00004473,220.00000000,1
1531211210007,1531211210002,1987515,0.00004479,132.00000000,1
1531211210053,1531211210048,1987516,0.00004474,105.00000000,1
1531211210098,1531211210094,1987517,0.00004474,26.00000000,1
1531211210771,1531211210767,1987518,0.00004474,339.00000000,1
1531211210820,1531211210821,1987519,0.00004474,153.00000000,1
1531211225041,1531211225036,1987520,0.00004484,44.00000000,0
1531211226451,1531211226445,1987521,0.00004484,80.00000000,0
1531211226486,1531211226480,1987522,0.00004484,371.00000000,1
1531211226510,1531211226506,1987523,0.00004484,118.00000000,1
1531211226630,1531211226626,1987524,0.00004485,359.00000000,0
1531211227837,1531211227832,1987525,0.00004488,26.00000000,0
1531211229634,1531211229629,1987526,0.00004489,26.00000000,0
1531211231311,1531211231308,1987527,0.00004484,20.00000000,1
1531211231329,1531211231323,1987528,0.00004484,6.00000000,1
1531211231377,1531211231373,1987529,0.00004484,6.00000000,1
1531211231412,1531211231408,1987530,0.00004484,5.00000000,1
1531211231456,1531211231452,1987531,0.00004484,6.00000000,1
1531211231544,1531211231541,1987532,0.00004484,9.00000000,1
1531211231603,1531211231598,1987533,0.00004484,13.00000000,1
1531211231700,1531211231696,1987534,0.00004484,6.00000000,1
1531211231718,1531211231714,1987535,0.00004484,3018.00000000,1
1531211231724,1531211231719,1987536,0.00004462,6.00000000,1
1531211231770,1531211231766,1987537,0.00004462,13.00000000,1
1531211231895,1531211231890,1987538,0.00004462,5.00000000,1
1531211231937,1531211231933,1987539,0.00004462,12.00000000,1
1531211231961,1531211231958,1987540,0.00004463,6.00000000,1
1531211232003,1531211231999,1987541,0.00004463,9.00000000,1
1531211244438,1531211244435,1987542,0.00004472,320.00000000,1
1531211245180,1531211245176,1987543,0.00004473,254.00000000,1
1531211251981,1531211251975,1987544,0.00004492,22.00000000,0
1531211252011,1531211252011,1987545,0.00004492,91.00000000,0
1531211255272,1531211255266,1987546,0.00004498,100.00000000,0
1531211255272,1531211255266,1987547,0.00004499,421.00000000,0
1531211255272,1531211255266,1987548,0.00004500,255.00000000,0
1531211255272,1531211255266,1987549,0.00004503,132.00000000,0
1531211255272,1531211255266,1987550,0.00004506,207.00000000,0
1531211255272,1531211255266,1987551,0.00004529,711.00000000,0
1531211255272,1531211255266,1987552,0.00004530,2382.00000000,0
1531211255286,1531211255283,1987553,0.00004530,6617.00000000,1
1531211255990,1531211255985,1987554,0.00004549,44.00000000,0
1531211256002,1531211255998,1987555,0.00004547,44.00000000,0
1531211256036,1531211256031,1987556,0.00004547,44.00000000,0
1531211256046,1531211256041,1987557,0.00004547,44.00000000,0
1531211256067,1531211256062,1987558,0.00004547,44.00000000,0
1531211256108,1531211256102,1987559,0.00004528,80.00000000,0
1531211258676,1531211258671,1987560,0.00004501,287.00000000,1
1531211258676,1531211258671,1987561,0.00004500,29.00000000,1
1531211260542,1531211260540,1987562,0.00004501,152.00000000,1
1531211260542,1531211260540,1987563,0.00004500,258.00000000,1
1531211260542,1531211260540,1987564,0.00004494,1561.00000000,1
1531211260542,1531211260540,1987565,0.00004493,707.00000000,1
1531211260542,1531211260540,1987566,0.00004492,890.00000000,1
1531211260542,1531211260540,1987567,0.00004488,266.00000000,1
1531211260542,1531211260540,1987568,0.00004486,133.00000000,1
1531211261124,1531211261121,1987569,0.00004483,250.00000000,1
1531211264396,1531211264392,1987570,0.00004485,18.00000000,1
1531211264547,1531211264542,1987571,0.00004485,5.00000000,1
1531211264604,1531211264597,1987572,0.00004485,6.00000000,1
1531211264633,1531211264628,1987573,0.00004485,6.00000000,1
1531211264665,1531211264661,1987574,0.00004485,7.00000000,1
1531211264709,1531211264704,1987575,0.00004485,8.00000000,1
1531211264737,1531211264732,1987576,0.00004485,58.00000000,1
1531211264772,1531211264767,1987577,0.00004485,6.00000000,1
1531211264807,1531211264804,1987578,0.00004485,5.00000000,1
1531211264837,1531211264832,1987579,0.00004485,6.00000000,1
1531211264874,1531211264871,1987580,0.00004485,7.00000000,1
1531211264912,1531211264907,1987581,0.00004485,12.00000000,1
1531211265381,1531211265377,1987582,0.00004485,6.00000000,1
1531211269355,1531211269347,1987583,0.00004514,287.00000000,0
1531211269355,1531211269347,1987584,0.00004515,75.00000000,0
1531211276701,1531211276698,1987585,0.00004508,17.00000000,0
1531211277675,1531211277671,1987586,0.00004487,5.00000000,1
1531211277728,1531211277723,1987587,0.00004487,16.00000000,1
1531211277817,1531211277812,1987588,0.00004487,6.00000000,1
1531211277891,1531211277889,1987589,0.00004487,25.00000000,1
1531211277916,1531211277916,1987590,0.00004487,6.00000000,1
1531211278007,1531211278003,1987591,0.00004487,7.00000000,1
1531211290636,1531211290632,1987592,0.00004485,707.00000000,1
1531211290636,1531211290632,1987593,0.00004484,434.00000000,1
1531211302392,1531211302393,1987594,0.00004484,338.00000000,1
1531211303476,1531211303472,1987595,0.00004476,36.00000000,1
1531211308099,1531211308093,1987596,0.00004476,46.00000000,1
1531211308112,1531211308108,1987597,0.00004476,46.00000000,1
1531211308143,1531211308139,1987598,0.00004476,91.00000000,1
1531211312683,1531211312679,1987599,0.00004479,245.00000000,0
1531211325165,1531211325161,1987600,0.00004470,319.00000000,0
1531211325192,1531211325192,1987601,0.00004470,1.00000000,0
1531211349167,1531211349161,1987602,0.00004479,33.00000000,0
1531211370753,1531211370750,1987603,0.00004474,316.00000000,1
1531211419577,1531211419572,1987604,0.00004477,414.00000000,0
1531211431528,1531211431520,1987605,0.00004480,389.00000000,1
1531211441003,1531211440999,1987606,0.00004484,149.00000000,1
1531211447216,1531211447212,1987607,0.00004485,1000.00000000,1
1531211460117,1531211460112,1987608,0.00004467,15.00000000,1
1531211482362,1531211482359,1987609,0.00004484,334.00000000,0
1531211495425,1531211495420,1987610,0.00004483,268.00000000,1
1531211541572,1531211541566,1987611,0.00004480,265.00000000,1
1531211557833,1531211557828,1987612,0.00004471,10.00000000,1
1531211563763,1531211563759,1987613,0.00004479,379.00000000,0
1531211602571,1531211602567,1987614,0.00004474,13.00000000,1
1531211602631,1531211602626,1987615,0.00004474,420.00000000,1
1531211603370,1531211603366,1987616,0.00004473,152.00000000,0
1531211603383,1531211603378,1987617,0.00004473,72.00000000,0
1531211611648,1531211611643,1987618,0.00004479,375.00000000,1
1531211611773,1531211611768,1987619,0.00004472,5.00000000,1
1531211626346,1531211626341,1987620,0.00004472,21.00000000,1
1531211653295,1531211653293,1987621,0.00004472,25.00000000,1
1531211657561,1531211657556,1987622,0.00004481,213.00000000,1
1531211671528,1531211671525,1987623,0.00004479,173.00000000,0
1531211682164,1531211682160,1987624,0.00004511,107.00000000,0
1531211716272,1531211716269,1987625,0.00004477,396.00000000,1
1531211732725,1531211732721,1987626,0.00004496,39.00000000,0
1531211737261,1531211737256,1987627,0.00004478,378.00000000,0
1531211788216,1531211788210,1987628,0.00004478,283.00000000,1
1531211803240,1531211803235,1987629,0.00004476,242.00000000,0
1531211839084,1531211839080,1987630,0.00004476,500.00000000,0
1531211863784,1531211863780,1987631,0.00004492,22.00000000,0
1531211863901,1531211863898,1987632,0.00004476,89.00000000,0
1531211864007,1531211864003,1987633,0.00004476,321.00000000,0
1531211864732,1531211864729,1987634,0.00004492,23.00000000,0
1531211864765,1531211864762,1987635,0.00004492,67.00000000,0
1531211864765,1531211864762,1987636,0.00004513,5.00000000,0
1531211865731,1531211865727,1987637,0.00004511,77.00000000,0
1531211887762,1531211887757,1987638,0.00004498,100.00000000,0
1531211888765,1531211888760,1987639,0.00004511,46.00000000,0
1531211888785,1531211888780,1987640,0.00004511,54.00000000,0
1531211891146,1531211891141,1987641,0.00004487,199.00000000,1
1531211891146,1531211891141,1987642,0.00004486,78.00000000,1
1531211896227,1531211896222,1987643,0.00004484,245.00000000,1
1531211902617,1531211902616,1987644,0.00004484,50.00000000,1
1531211902674,1531211902670,1987645,0.00004482,108.00000000,1
1531211913252,1531211913249,1987646,0.00004483,294.00000000,1
1531211913792,1531211913787,1987647,0.00004492,44.00000000,0
1531211913821,1531211913816,1987648,0.00004492,179.00000000,0
1531211913910,1531211913909,1987649,0.00004492,1.00000000,0
1531211921308,1531211921304,1987650,0.00004486,1539.00000000,1
1531211963258,1531211963253,1987651,0.00004486,25.00000000,1
1531211963288,1531211963283,1987652,0.00004482,116.00000000,1
1531211963764,1531211963759,1987653,0.00004484,25.00000000,0
1531211965859,1531211965853,1987654,0.00004484,34.00000000,0
1531211966770,1531211966764,1987655,0.00004485,25.00000000,0
1531211969199,1531211969195,1987656,0.00004485,422.00000000,1
1531211976149,1531211976146,1987657,0.00004484,399.00000000,1
1531212005108,1531212005105,1987658,0.00004482,448.00000000,1
1531212010170,1531212010165,1987659,0.00004494,1125.00000000,0
1531212010175,1531212010172,1987660,0.00004494,324.00000000,0
1531212010225,1531212010220,1987661,0.00004494,515.00000000,0
1531212021968,1531212021963,1987662,0.00004487,297.00000000,1
1531212032997,1531212032993,1987663,0.00004489,433.00000000,1
1531212081775,1531212081771,1987664,0.00004494,221.00000000,0
1531212082138,1531212082134,1987665,0.00004492,278.00000000,1
1531212091131,1531212091126,1987666,0.00004489,303.00000000,1
1531212146289,1531212146285,1987667,0.00004491,520.00000000,1
1531212156194,1531212156189,1987668,0.00004487,552.00000000,0
1531212160775,1531212160772,1987669,0.00004495,900.00000000,0
1531212161337,1531212161332,1987670,0.00004491,386.00000000,1
1531212206939,1531212206935,1987671,0.00004492,324.00000000,1
1531212222014,1531212222009,1987672,0.00004484,144.00000000,1
1531212225028,1531212225023,1987673,0.00004494,251.00000000,0
1531212253794,1531212253793,1987674,0.00004484,5.00000000,1
1531212258786,1531212258781,1987675,0.00004493,261.00000000,0
1531212280956,1531212280953,1987676,0.00004495,312.00000000,1
1531212312441,1531212312437,1987677,0.00004484,124.00000000,1
1531212312626,1531212312621,1987678,0.00004484,153.00000000,1
1531212322735,1531212322731,1987679,0.00004496,202.00000000,0
1531212324218,1531212324213,1987680,0.00004484,5.00000000,1
1531212333785,1531212333780,1987681,0.00004497,274.00000000,1
1531212382661,1531212382658,1987682,0.00004496,381.00000000,1
1531212402698,1531212402694,1987683,0.00004494,402.00000000,0
1531212434684,1531212434680,1987684,0.00004484,200.00000000,1
1531212438695,1531212438691,1987685,0.00004484,1469.00000000,1
1531212438803,1531212438799,1987686,0.00004484,2806.00000000,0
1531212438891,1531212438887,1987687,0.00004495,390.00000000,0
1531212451686,1531212451682,1987688,0.00004494,481.00000000,1
1531212505050,1531212505047,1987689,0.00004497,426.00000000,1
1531212511930,1531212511926,1987690,0.00004501,313.00000000,1
1531212539119,1531212539115,1987691,0.00004510,24.00000000,0
1531212565814,1531212565809,1987692,0.00004499,357.00000000,0
1531212578132,1531212578128,1987693,0.00004483,498.00000000,1
1531212579915,1531212579911,1987694,0.00004496,365.00000000,1
1531212621890,1531212621886,1987695,0.00004499,231.00000000,0
1531212630890,1531212630885,1987696,0.00004502,207.00000000,1
1531212655915,1531212655910,1987697,0.00004502,203.00000000,1
1531212677066,1531212677061,1987698,0.00004504,352.00000000,1
1531212680030,1531212680026,1987699,0.00004502,21.00000000,1
1531212704059,1531212704055,1987700,0.00004505,396.00000000,0
1531212704114,1531212704112,1987701,0.00004512,39.00000000,0
1531212704196,1531212704192,1987702,0.00004512,38.00000000,0
1531212704196,1531212704192,1987703,0.00004513,120.00000000,0
1531212713053,1531212713049,1987704,0.00004503,61.00000000,0
1531212713070,1531212713067,1987705,0.00004503,244.00000000,0
1531212732075,1531212732071,1987706,0.00004503,40.00000000,0
1531212732093,1531212732089,1987707,0.00004503,160.00000000,0
1531212736008,1531212736003,1987708,0.00004497,260.00000000,1
1531212760977,1531212760973,1987709,0.00004494,318.00000000,1
1531212806282,1531212806277,1987710,0.00004495,462.00000000,1
1531212818200,1531212818197,1987711,0.00004499,468.00000000,1
1531212851005,1531212851000,1987712,0.00004491,1000.00000000,1
1531212863156,1531212863153,1987713,0.00004500,216.00000000,0
1531212879342,1531212879338,1987714,0.00004502,243.00000000,1
1531212918459,1531212918456,1987715,0.00004505,468.00000000,1
1531212940544,1531212940540,1987716,0.00004506,384.00000000,0
1531212940934,1531212940929,1987717,0.00004490,5.00000000,1
1531212986662,1531212986658,1987718,0.00004505,217.00000000,0
1531213002834,1531213002830,1987719,0.00004503,246.00000000,0
1531213005871,1531213005865,1987720,0.00004503,152.00000000,0
1531213006149,1531213006145,1987721,0.00004504,251.00000000,0
1531213006197,1531213006193,1987722,0.00004504,417.00000000,0
1531213006270,1531213006266,1987723,0.00004504,180.00000000,0
1531213006270,1531213006266,1987724,0.00004507,255.00000000,0
1531213006270,1531213006266,1987725,0.00004513,57.00000000,0
1531213006270,1531213006266,1987726,0.00004515,16.00000000,0
1531213036066,1531213036061,1987727,0.00004503,436.00000000,0
1531213054097,1531213054094,1987728,0.00004503,424.00000000,1
1531213063239,1531213063235,1987729,0.00004510,108.00000000,0
1531213063883,1531213063878,1987730,0.00004515,285.00000000,0
1531213064586,1531213064580,1987731,0.00004511,154.00000000,1
1531213092149,1531213092144,1987732,0.00004486,327.00000000,1
1531213108093,1531213108090,1987733,0.00004504,213.00000000,1
1531213121264,1531213121258,1987734,0.00004503,276.00000000,1
1531213158582,1531213158577,1987735,0.00004504,345.00000000,1
1531213182703,1531213182698,1987736,0.00004504,254.00000000,1
1531213197522,1531213197518,1987737,0.00004517,62.00000000,0
1531213219878,1531213219874,1987738,0.00004506,316.00000000,0
1531213220696,1531213220691,1987739,0.00004504,316.00000000,1
1531213232823,1531213232819,1987740,0.00004504,295.00000000,1
1531213238885,1531213238880,1987741,0.00004510,231.00000000,0
1531213252665,1531213252660,1987742,0.00004510,612.00000000,1
1531213281210,1531213281205,1987743,0.00004511,140.00000000,1
1531213281300,1531213281296,1987744,0.00004511,174.00000000,1
1531213281879,1531213281874,1987745,0.00004511,140.00000000,0
1531213298471,1531213298466,1987746,0.00004511,327.00000000,1
1531213301911,1531213301907,1987747,0.00004510,21.00000000,1
1531213340847,1531213340844,1987748,0.00004511,534.00000000,0
1531213360889,1531213360885,1987749,0.00004512,466.00000000,0
1531213402811,1531213402807,1987750,0.00004513,244.00000000,0
1531213424724,1531213424720,1987751,0.00004511,240.00000000,1
1531213450495,1531213450491,1987752,0.00004510,1.00000000,1
1531213456026,1531213456024,1987753,0.00004508,362.00000000,0
1531213464460,1531213464455,1987754,0.00004503,250.00000000,1
1531213464570,1531213464564,1987755,0.00004503,227.00000000,0
1531213481860,1531213481855,1987756,0.00004502,356.00000000,0
1531213521728,1531213521723,1987757,0.00004498,242.00000000,0
1531213538869,1531213538863,1987758,0.00004503,246.00000000,0
1531213538869,1531213538863,1987759,0.00004519,101.00000000,0
1531213541821,1531213541817,1987760,0.00004501,238.00000000,1
1531213548599,1531213548595,1987761,0.00004487,12.00000000,1
1531213583702,1531213583699,1987762,0.00004500,443.00000000,1
1531213591682,1531213591678,1987763,0.00004504,485.00000000,1
1531213648590,1531213648587,1987764,0.00004503,508.00000000,1
1531213665611,1531213665607,1987765,0.00004505,529.00000000,0
1531213708579,1531213708576,1987766,0.00004504,295.00000000,1
1531213717479,1531213717476,1987767,0.00004505,273.00000000,0
1531213758267,1531213758261,1987768,0.00004501,219.00000000,0
1531213774274,1531213774269,1987769,0.00004498,228.00000000,1
1531213829280,1531213829276,1987770,0.00004494,333.00000000,0
1531213835321,1531213835315,1987771,0.00004494,298.00000000,0
1531213876408,1531213876403,1987772,0.00004495,195.00000000,1
1531213905300,1531213905296,1987773,0.00004496,215.00000000,1
1531213940979,1531213940973,1987774,0.00004502,53.00000000,0
1531213940979,1531213940973,1987775,0.00004503,22.00000000,0
1531213950019,1531213950014,1987776,0.00004499,392.00000000,1
1531213950053,1531213950049,1987777,0.00004485,153.00000000,1
1531213950053,1531213950049,1987778,0.00004483,239.00000000,1
1531213964043,1531213964040,1987779,0.00004497,444.00000000,1
1531214004144,1531214004141,1987780,0.00004483,28.00000000,1
1531214008501,1531214008496,1987781,0.00004495,316.00000000,1
1531214078102,1531214078097,1987782,0.00004493,404.00000000,1
1531214081197,1531214081194,1987783,0.00004483,384.00000000,1
1531214103187,1531214103183,1987784,0.00004487,53.00000000,0
1531214129355,1531214129350,1987785,0.00004486,382.00000000,0
1531214237031,1531214237026,1987786,0.00004487,202.00000000,0
1531214243715,1531214243711,1987787,0.00004483,474.00000000,1
1531214317805,1531214317797,1987788,0.00004484,391.00000000,0
1531214357987,1531214357980,1987789,0.00004485,371.00000000,1
1531214372774,1531214372769,1987790,0.00004488,332.00000000,0
1531214428585,1531214428579,1987791,0.00004489,259.00000000,1
1531214439553,1531214439547,1987792,0.00004486,286.00000000,0
1531214445836,1531214445831,1987793,0.00004500,153.00000000,0
1531214445854,1531214445851,1987794,0.00004500,556.00000000,1
1531214445993,1531214445989,1987795,0.00004484,23.00000000,1
1531214480327,1531214480324,1987796,0.00004490,317.00000000,1
1531214503377,1531214503369,1987797,0.00004490,302.00000000,1
1531214522163,1531214522158,1987798,0.00004485,2142.00000000,1
1531214532126,1531214532121,1987799,0.00004483,1804.00000000,1
1531214532126,1531214532121,1987800,0.00004482,152.00000000,1
1531214542991,1531214542987,1987801,0.00004485,298.00000000,0
1531214543495,1531214543492,1987802,0.00004482,1354.00000000,1
1531214544201,1531214544194,1987803,0.00004482,298.00000000,1
1531214544221,1531214544215,1987804,0.00004482,298.00000000,1
1531214545287,1531214545283,1987805,0.00004482,829.00000000,1
1531214548206,1531214548203,1987806,0.00004484,331.00000000,0
1531214551227,1531214551223,1987807,0.00004476,321.00000000,1
1531214564195,1531214564191,1987808,0.00004484,381.00000000,0
1531214583150,1531214583146,1987809,0.00004476,31.00000000,1
1531214583282,1531214583278,1987810,0.00004476,124.00000000,1
1531214598336,1531214598332,1987811,0.00004480,415.00000000,1
1531214611267,1531214611262,1987812,0.00004467,55.00000000,1
1531214611267,1531214611262,1987813,0.00004460,25.00000000,1
1531214611267,1531214611262,1987814,0.00004448,1179.00000000,1
1531214611284,1531214611281,1987815,0.00004448,314.00000000,1
1531214612279,1531214612275,1987816,0.00004483,434.00000000,1
1531214613734,1531214613729,1987817,0.00004482,89.00000000,0
1531214614621,1531214614617,1987818,0.00004482,89.00000000,0
1531214615625,1531214615617,1987819,0.00004482,89.00000000,0
1531214616634,1531214616630,1987820,0.00004481,23.00000000,0
1531214656951,1531214656947,1987821,0.00004450,1.00000000,1
1531214658130,1531214658126,1987822,0.00004472,340.00000000,1
1531214662765,1531214662762,1987823,0.00004471,32.00000000,0
1531214662776,1531214662771,1987824,0.00004483,499.00000000,0
1531214662804,1531214662798,1987825,0.00004445,29.00000000,1
1531214683251,1531214683249,1987826,0.00004478,472.00000000,1
1531214702502,1531214702497,1987827,0.00004446,298.00000000,1
1531214702502,1531214702497,1987828,0.00004445,375.00000000,1
1531214704465,1531214704462,1987829,0.00004475,335.00000000,0
1531214704888,1531214704883,1987830,0.00004475,36.00000000,0
1531214705882,1531214705879,1987831,0.00004475,36.00000000,0
1531214706889,1531214706884,1987832,0.00004475,36.00000000,0
1531214707878,1531214707874,1987833,0.00004475,36.00000000,0
1531214708894,1531214708889,1987834,0.00004475,36.00000000,0
1531214709881,1531214709878,1987835,0.00004475,36.00000000,0
1531214710890,1531214710886,1987836,0.00004475,36.00000000,0
1531214711891,1531214711886,1987837,0.00004475,12.00000000,0
1531214711891,1531214711886,1987838,0.00004492,24.00000000,0
1531214712886,1531214712883,1987839,0.00004479,23.00000000,0
1531214721068,1531214721064,1987840,0.00004451,26.00000000,1
1531214728075,1531214728071,1987841,0.00004470,402.00000000,0
1531214739073,1531214739069,1987842,0.00004468,410.00000000,0
1531214742572,1531214742565,1987843,0.00004469,26.00000000,0
1531214742599,1531214742594,1987844,0.00004476,215.00000000,0
1531214751074,1531214751070,1987845,0.00004475,111.00000000,0
1531214751429,1531214751424,1987846,0.00004483,46.00000000,0
1531214751441,1531214751436,1987847,0.00004483,54.00000000,0
1531214780992,1531214780988,1987848,0.00004476,421.00000000,0
1531214783660,1531214783656,1987849,0.00004475,9.00000000,1
1531214797926,1531214797920,1987850,0.00004468,402.00000000,0
1531214845829,1531214845824,1987851,0.00004468,323.00000000,0
1531214859826,1531214859821,1987852,0.00004466,300.00000000,0
1531214859826,1531214859821,1987853,0.00004467,102.00000000,0
1531214860734,1531214860731,1987854,0.00004472,46.00000000,0
1531214860763,1531214860759,1987855,0.00004472,42.00000000,0
1531214860763,1531214860759,1987856,0.00004477,4.00000000,0
1531214860763,1531214860759,1987857,0.00004477,46.00000000,0
1531214860789,1531214860785,1987858,0.00004477,46.00000000,0
1531214860805,1531214860800,1987859,0.00004477,46.00000000,0
1531214860833,1531214860829,1987860,0.00004477,70.00000000,0
1531214909822,1531214909819,1987861,0.00004469,84.00000000,1
1531214909854,1531214909851,1987862,0.00004469,336.00000000,1
1531214909915,1531214909911,1987863,0.00004457,134.00000000,1
1531214909915,1531214909911,1987864,0.00004446,202.00000000,1
1531214922784,1531214922780,1987865,0.00004461,539.00000000,0
1531214945764,1531214945759,1987866,0.00004446,99.00000000,1
1531214945764,1531214945759,1987867,0.00004445,101.00000000,1
1531214966939,1531214966934,1987868,0.00004458,407.00000000,0
1531214971627,1531214971622,1987869,0.00004467,199.00000000,0
1531214971911,1531214971906,1987870,0.00004468,31.00000000,0
1531214972506,1531214972503,1987871,0.00004468,46.00000000,0
1531214972510,1531214972507,1987872,0.00004468,54.00000000,0
1531214976512,1531214976507,1987873,0.00004448,34.00000000,1
1531214977025,1531214977022,1987874,0.00004457,432.00000000,1
1531214977502,1531214977499,1987875,0.00004448,212.00000000,1
1531214977513,1531214977509,1987876,0.00004448,53.00000000,1
1531214978508,1531214978502,1987877,0.00004449,23.00000000,1
1531214979504,1531214979499,1987878,0.00004449,141.00000000,1
1531214979505,1531214979501,1987879,0.00004449,35.00000000,1
1531214982966,1531214982961,1987880,0.00004445,563.00000000,1
1531214982966,1531214982962,1987881,0.00004445,136.00000000,1
1531214986724,1531214986721,1987882,0.00004460,1485.00000000,1
1531214986806,1531214986802,1987883,0.00004460,1345.00000000,1
1531214987511,1531214987507,1987884,0.00004460,536.00000000,1
1531214987522,1531214987518,1987885,0.00004460,2144.00000000,1
1531214987529,1531214987524,1987886,0.00004460,46.00000000,1
1531214987538,1531214987533,1987887,0.00004460,46.00000000,1
1531214987566,1531214987563,1987888,0.00004460,46.00000000,1
1531214987573,1531214987568,1987889,0.00004460,46.00000000,1
1531214987602,1531214987597,1987890,0.00004460,46.00000000,1
1531214987635,1531214987631,1987891,0.00004460,69.00000000,1
1531214989548,1531214989544,1987892,0.00004460,29.00000000,1
1531215001523,1531215001518,1987893,0.00004462,1.00000000,0
1531215016224,1531215016221,1987894,0.00004463,258.00000000,0
1531215016261,1531215016258,1987895,0.00004463,31.00000000,0
1531215016302,1531215016296,1987896,0.00004463,11.00000000,0
1531215016302,1531215016296,1987897,0.00004464,35.00000000,0
1531215016304,1531215016301,1987898,0.00004464,46.00000000,0
1531215016328,1531215016324,1987899,0.00004464,46.00000000,0
1531215016359,1531215016355,1987900,0.00004464,46.00000000,0
1531215016384,1531215016379,1987901,0.00004464,46.00000000,0
1531215016403,1531215016399,1987902,0.00004464,59.00000000,0
1531215017293,1531215017289,1987903,0.00004462,23.00000000,0
1531215019201,1531215019198,1987904,0.00004456,507.00000000,1
1531215037070,1531215037066,1987905,0.00004458,384.00000000,0
1531215075938,1531215075935,1987906,0.00004459,225.00000000,0
1531215079707,1531215079702,1987907,0.00004460,365.00000000,0
1531215096003,1531215095999,1987908,0.00004457,214.00000000,0
1531215113535,1531215113530,1987909,0.00004451,1.00000000,1
1531215141226,1531215141222,1987910,0.00004454,1.00000000,0
1531215141291,1531215141287,1987911,0.00004451,105.00000000,1
1531215141291,1531215141287,1987912,0.00004447,118.00000000,1
1531215141291,1531215141287,1987913,0.00004446,12646.00000000,1
1531215141291,1531215141287,1987914,0.00004445,5943.00000000,1
1531215141962,1531215141957,1987915,0.00004443,68.00000000,1
1531215144654,1531215144651,1987916,0.00004434,44.00000000,0
1531215144689,1531215144685,1987917,0.00004443,272.00000000,0
1531215144694,1531215144688,1987918,0.00004443,316.00000000,0
1531215144719,1531215144715,1987919,0.00004443,316.00000000,0
1531215144784,1531215144780,1987920,0.00004443,119.00000000,0
1531215148672,1531215148668,1987921,0.00004440,309.00000000,0
1531215163177,1531215163174,1987922,0.00004437,159.00000000,0
1531215163230,1531215163226,1987923,0.00004437,69.00000000,0
1531215163230,1531215163226,1987924,0.00004445,620.00000000,0
1531215163251,1531215163248,1987925,0.00004445,172.00000000,0
1531215163847,1531215163843,1987926,0.00004444,301.00000000,1
1531215165375,1531215165371,1987927,0.00004430,231.00000000,1
1531215167658,1531215167654,1987928,0.00004430,272.00000000,1
1531215169141,1531215169136,1987929,0.00004443,126.00000000,0
1531215169159,1531215169156,1987930,0.00004443,507.00000000,0
1531215205444,1531215205440,1987931,0.00004439,110.00000000,0
1531215205444,1531215205440,1987932,0.00004440,189.00000000,0
1531215205513,1531215205509,1987933,0.00004440,129.00000000,0
1531215205513,1531215205509,1987934,0.00004442,43.00000000,0
1531215205581,1531215205575,1987935,0.00004442,75.00000000,0
1531215205581,1531215205575,1987936,0.00004445,86.00000000,0
1531215208974,1531215208971,1987937,0.00004440,449.00000000,0
1531215215846,1531215215843,1987938,0.00004430,2146.00000000,1
1531215216060,1531215216057,1987939,0.00004439,451.00000000,0
1531215216207,1531215216202,1987940,0.00004445,39.00000000,0
1531215221920,1531215221915,1987941,0.00004445,1101.00000000,0
1531215221937,1531215221933,1987942,0.00004445,374.00000000,0
1531215222884,1531215222880,1987943,0.00004445,375.00000000,0
1531215225958,1531215225954,1987944,0.00004445,2.00000000,0
1531215269292,1531215269287,1987945,0.00004443,353.00000000,0
1531215276462,1531215276458,1987946,0.00004442,471.00000000,1
1531215280462,1531215280458,1987947,0.00004442,353.00000000,0
1531215286930,1531215286925,1987948,0.00004422,87.00000000,1
1531215286930,1531215286925,1987949,0.00004421,134.00000000,1
1531215287113,1531215287109,1987950,0.00004421,1245.00000000,0
1531215287849,1531215287843,1987951,0.00004421,106.00000000,0
1531215287854,1531215287850,1987952,0.00004421,427.00000000,0
1531215287908,1531215287905,1987953,0.00004421,1.00000000,0
1531215319918,1531215319913,1987954,0.00004434,40.00000000,0
1531215320922,1531215320918,1987955,0.00004433,107.00000000,0
1531215321051,1531215321047,1987956,0.00004433,26.00000000,0
1531215321931,1531215321928,1987957,0.00004433,495.00000000,0
1531215322053,1531215322050,1987958,0.00004433,123.00000000,0
1531215322078,1531215322073,1987959,0.00004414,1.00000000,1
1531215330395,1531215330391,1987960,0.00004433,1.00000000,0
1531215330429,1531215330424,1987961,0.00004440,197.00000000,1
1531215330613,1531215330607,1987962,0.00004440,319.00000000,1
1531215340082,1531215340078,1987963,0.00004439,239.00000000,0
1531215340110,1531215340105,1987964,0.00004439,72.00000000,0
1531215340110,1531215340105,1987965,0.00004441,887.00000000,0
1531215343589,1531215343586,1987966,0.00004441,450.00000000,1
1531215384781,1531215384776,1987967,0.00004440,307.00000000,1
1531215392995,1531215392991,1987968,0.00004437,274.00000000,1
1531215434049,1531215434044,1987969,0.00004441,260.00000000,0
1531215434093,1531215434090,1987970,0.00004441,99.00000000,0
1531215434093,1531215434090,1987971,0.00004442,941.00000000,0
1531215434576,1531215434572,1987972,0.00004442,46.00000000,0
1531215434603,1531215434600,1987973,0.00004442,46.00000000,0
1531215434616,1531215434611,1987974,0.00004442,46.00000000,0
1531215434637,1531215434633,1987975,0.00004442,46.00000000,0
1531215434650,1531215434645,1987976,0.00004442,46.00000000,0
1531215434674,1531215434670,1987977,0.00004442,70.00000000,0
1531215439010,1531215439005,1987978,0.00004435,265.00000000,0
1531215442167,1531215442163,1987979,0.00004441,278.00000000,0
1531215460896,1531215460891,1987980,0.00004438,228.00000000,0
1531215502936,1531215502930,1987981,0.00004436,437.00000000,0
1531215519825,1531215519822,1987982,0.00004439,499.00000000,1
1531215560033,1531215560028,1987983,0.00004426,151.00000000,1
1531215560033,1531215560028,1987984,0.00004414,707.00000000,1
1531215560033,1531215560028,1987985,0.00004407,142.00000000,1
1531215563018,1531215563014,1987986,0.00004436,407.00000000,0
1531215576762,1531215576758,1987987,0.00004438,153.00000000,1
1531215576795,1531215576791,1987988,0.00004438,215.00000000,1
1531215621413,1531215621408,1987989,0.00004420,299.00000000,1
1531215621413,1531215621408,1987990,0.00004415,2184.00000000,1
1531215621413,1531215621408,1987991,0.00004405,119.00000000,1
1531215621413,1531215621408,1987992,0.00004404,82.00000000,1
1531215621413,1531215621408,1987993,0.00004402,1366.00000000,1
1531215621413,1531215621408,1987994,0.00004400,1864.00000000,1
1531215624872,1531215624868,1987995,0.00004434,244.00000000,0
1531215626231,1531215626227,1987996,0.00004435,35.00000000,0
1531215632890,1531215632885,1987997,0.00004433,353.00000000,0
1531215649019,1531215649016,1987998,0.00004436,599.00000000,0
1531215649019,1531215649016,1987999,0.00004437,119.00000000,0
1531215649019,1531215649016,1988000,0.00004443,151.00000000,0
1531215649019,1531215649016,1988001,0.00004444,131.00000000,0
1531215649470,1531215649466,1988002,0.00004443,46.00000000,0
1531215649497,1531215649492,1988003,0.00004443,46.00000000,0
1531215649508,1531215649504,1988004,0.00004443,46.00000000,0
1531215649529,1531215649526,1988005,0.00004443,46.00000000,0
1531215649580,1531215649577,1988006,0.00004443,70.00000000,0
1531215649582,1531215649579,1988007,0.00004443,46.00000000,0
1531215670609,1531215670605,1988008,0.00004434,216.00000000,0
1531215670609,1531215670605,1988009,0.00004440,9.00000000,0
1531215685878,1531215685872,1988010,0.00004430,521.00000000,0
1531215701021,1531215701018,1988011,0.00004434,557.00000000,0
1531215711254,1531215711249,1988012,0.00004418,93.00000000,1
1531215719891,1531215719885,1988013,0.00004427,153.00000000,0
1531215720401,1531215720396,1988014,0.00004427,46.00000000,0
1531215720408,1531215720405,1988015,0.00004427,46.00000000,0
1531215720430,1531215720427,1988016,0.00004426,61.00000000,0
1531215721390,1531215721384,1988017,0.00004426,92.00000000,0
1531215737845,1531215737839,1988018,0.00004433,471.00000000,0
1531215755058,1531215755055,1988019,0.00004419,119.00000000,1
1531215755118,1531215755115,1988020,0.00004419,29.00000000,1
1531215756064,1531215756059,1988021,0.00004419,1.00000000,1
1531215756064,1531215756059,1988022,0.00004401,23.00000000,1
1531215760876,1531215760872,1988023,0.00004429,558.00000000,0
1531215764104,1531215764100,1988024,0.00004410,239.00000000,1
1531215764164,1531215764161,1988025,0.00004410,60.00000000,1
1531215764164,1531215764161,1988026,0.00004409,5.00000000,1
1531215768100,1531215768096,1988027,0.00004416,25.00000000,1
1531215768108,1531215768104,1988028,0.00004416,76.00000000,1
1531215768108,1531215768104,1988029,0.00004410,24.00000000,1
1531215780127,1531215780124,1988030,0.00004425,300.00000000,0
1531215781106,1531215781102,1988031,0.00004425,23.00000000,0
1531215782113,1531215782109,1988032,0.00004425,23.00000000,0
1531215783108,1531215783103,1988033,0.00004424,23.00000000,0
1531215799816,1531215799812,1988034,0.00004416,360.00000000,0
1531215806052,1531215806046,1988035,0.00004400,68.00000000,1
1531215806052,1531215806046,1988036,0.00004399,152.00000000,1
1531215806056,1531215806052,1988037,0.00004399,55.00000000,1
1531215806244,1531215806241,1988038,0.00004399,192.00000000,1
1531215811855,1531215811851,1988039,0.00004416,222.00000000,1
1531215812018,1531215812013,1988040,0.00004416,100.00000000,1
1531215812852,1531215812848,1988041,0.00004416,46.00000000,0
1531215812892,1531215812888,1988042,0.00004416,46.00000000,0
1531215812908,1531215812905,1988043,0.00004416,46.00000000,0
1531215812918,1531215812915,1988044,0.00004416,62.00000000,0
1531215818971,1531215818968,1988045,0.00004419,139.00000000,0
1531215856883,1531215856878,1988046,0.00004407,26.00000000,0
1531215856883,1531215856878,1988047,0.00004408,127.00000000,0
1531215856962,1531215856958,1988048,0.00004408,465.00000000,0
1531215865641,1531215865638,1988049,0.00004414,238.00000000,0
1531215883480,1531215883475,1988050,0.00004413,259.00000000,0
1531215895557,1531215895553,1988051,0.00004399,2309.00000000,1
1531215909834,1531215909829,1988052,0.00004399,4136.00000000,1
1531215909834,1531215909829,1988053,0.00004398,70.00000000,1
1531215909834,1531215909829,1988054,0.00004396,4912.00000000,1
1531215924062,1531215924057,1988055,0.00004396,369.00000000,1
1531215924076,1531215924071,1988056,0.00004396,984.00000000,1
1531215924076,1531215924071,1988057,0.00004394,471.00000000,1
1531215924076,1531215924071,1988058,0.00004388,22.00000000,1
1531215924228,1531215924223,1988059,0.00004388,1.00000000,1
1531215925578,1531215925573,1988060,0.00004385,313.00000000,1
1531215930434,1531215930406,1988061,0.00004402,1.00000000,0
1531215944474,1531215944469,1988062,0.00004405,215.00000000,1
1531215944593,1531215944590,1988063,0.00004405,158.00000000,1
1531215975922,1531215975917,1988064,0.00004403,407.00000000,1
1531215991438,1531215991435,1988065,0.00004404,236.00000000,0
1531215992940,1531215992936,1988066,0.00004403,711.00000000,0
1531215993000,1531215992995,1988067,0.00004406,69.00000000,0
1531215995770,1531215995767,1988068,0.00004404,405.00000000,1
1531216007153,1531216007149,1988069,0.00004383,150.00000000,1
1531216007153,1531216007149,1988070,0.00004369,29.00000000,1
1531216007200,1531216007196,1988071,0.00004369,224.00000000,1
1531216007206,1531216007203,1988072,0.00004369,44.00000000,1
1531216007252,1531216007248,1988073,0.00004369,2.00000000,1
1531216007252,1531216007248,1988074,0.00004368,155.00000000,1
1531216008092,1531216008088,1988075,0.00004361,224.00000000,1
1531216010612,1531216010608,1988076,0.00004408,1.00000000,0
1531216011178,1531216011174,1988077,0.00004362,1.00000000,1
1531216035169,1531216035165,1988078,0.00004394,298.00000000,0
1531216035169,1531216035165,1988079,0.00004395,711.00000000,0
1531216036031,1531216036028,1988080,0.00004393,303.00000000,0
1531216051014,1531216051009,1988081,0.00004402,355.00000000,0
1531216085574,1531216085570,1988082,0.00004383,96.00000000,1
1531216085612,1531216085609,1988083,0.00004383,92.00000000,0
1531216085961,1531216085957,1988084,0.00004383,130.00000000,0
1531216093917,1531216093912,1988085,0.00004404,1.00000000,0
1531216102149,1531216102145,1988086,0.00004382,69.00000000,1
1531216102193,1531216102188,1988087,0.00004382,47.00000000,0
1531216102200,1531216102197,1988088,0.00004382,47.00000000,0
1531216102332,1531216102327,1988089,0.00004382,183.00000000,0
1531216102365,1531216102360,1988090,0.00004382,184.00000000,0
1531216107985,1531216107980,1988091,0.00004381,451.00000000,0
1531216118308,1531216118303,1988092,0.00004379,254.00000000,0
1531216121982,1531216121978,1988093,0.00004380,325.00000000,0
1531216125452,1531216125446,1988094,0.00004380,1510.00000000,0
1531216137182,1531216137178,1988095,0.00004368,24.00000000,1
1531216138067,1531216138062,1988096,0.00004368,7.00000000,1
1531216138067,1531216138062,1988097,0.00004356,23.00000000,1
1531216143241,1531216143237,1988098,0.00004369,133.00000000,0
1531216146539,1531216146534,1988099,0.00004367,132.00000000,0
1531216153547,1531216153543,1988100,0.00004366,31.00000000,0
1531216153547,1531216153543,1988101,0.00004367,1.00000000,0
1531216154898,1531216154893,1988102,0.00004376,172.00000000,0
1531216156788,1531216156784,1988103,0.00004376,13.00000000,0
1531216156875,1531216156871,1988104,0.00004376,13.00000000,0
1531216157095,1531216157091,1988105,0.00004376,11.00000000,0
1531216157138,1531216157134,1988106,0.00004376,10.00000000,0
1531216157138,1531216157134,1988107,0.00004380,3.00000000,0
1531216157189,1531216157184,1988108,0.00004380,15.00000000,0
1531216157231,1531216157227,1988109,0.00004380,51.00000000,0
1531216157295,1531216157292,1988110,0.00004380,25.00000000,0
1531216157354,1531216157350,1988111,0.00004380,13.00000000,0
1531216157406,1531216157401,1988112,0.00004380,17.00000000,0
1531216157448,1531216157443,1988113,0.00004380,15.00000000,0
1531216157522,1531216157518,1988114,0.00004380,13.00000000,0
1531216157641,1531216157638,1988115,0.00004380,13.00000000,0
1531216163409,1531216163405,1988116,0.00004379,27.00000000,0
1531216163514,1531216163511,1988117,0.00004379,11.00000000,0
1531216163574,1531216163569,1988118,0.00004379,13.00000000,0
1531216163596,1531216163592,1988119,0.00004379,13.00000000,0
1531216163672,1531216163667,1988120,0.00004379,41.00000000,0
1531216163828,1531216163825,1988121,0.00004379,19.00000000,0
1531216163884,1531216163880,1988122,0.00004379,13.00000000,0
1531216164059,1531216164054,1988123,0.00004379,13.00000000,0
1531216164180,1531216164176,1988124,0.00004379,37.00000000,0
1531216164280,1531216164275,1988125,0.00004379,11.00000000,0
1531216164336,1531216164332,1988126,0.00004379,117.00000000,0
1531216164422,1531216164417,1988127,0.00004379,11.00000000,0
1531216164453,1531216164449,1988128,0.00004379,33.00000000,0
1531216164546,1531216164541,1988129,0.00004379,15.00000000,0
1531216164783,1531216164779,1988130,0.00004379,13.00000000,0
1531216167992,1531216167989,1988131,0.00004361,121.00000000,1
1531216168011,1531216168006,1988132,0.00004361,31.00000000,1
1531216168011,1531216168006,1988133,0.00004353,6.00000000,1
1531216168963,1531216168959,1988134,0.00004374,392.00000000,0
1531216171228,1531216171224,1988135,0.00004373,19.00000000,0
1531216171351,1531216171347,1988136,0.00004373,27.00000000,0
1531216171452,1531216171447,1988137,0.00004373,25.00000000,0
1531216174735,1531216174729,1988138,0.00004354,30.00000000,1
1531216174735,1531216174729,1988139,0.00004353,103.00000000,1
1531216174735,1531216174729,1988140,0.00004343,142.00000000,1
1531216174735,1531216174729,1988141,0.00004340,142.00000000,1
1531216174735,1531216174729,1988142,0.00004335,480.00000000,1
1531216174735,1531216174729,1988143,0.00004330,1195.00000000,1
1531216181896,1531216181892,1988144,0.00004350,344.00000000,0
1531216185193,1531216185188,1988145,0.00004349,81.00000000,0
1531216185193,1531216185188,1988146,0.00004350,30.00000000,0
1531216185193,1531216185188,1988147,0.00004353,138.00000000,0
1531216185193,1531216185188,1988148,0.00004357,342.00000000,0
1531216185193,1531216185188,1988149,0.00004368,711.00000000,0
1531216186965,1531216186961,1988150,0.00004369,13.00000000,0
1531216187013,1531216187009,1988151,0.00004369,13.00000000,0
1531216187081,1531216187077,1988152,0.00004369,11.00000000,0
1531216215956,1531216215952,1988153,0.00004351,288.00000000,0
1531216233032,1531216233027,1988154,0.00004352,239.00000000,1
1531216233152,1531216233148,1988155,0.00004334,47.00000000,1
1531216233189,1531216233185,1988156,0.00004334,152.00000000,1
1531216233189,1531216233185,1988157,0.00004333,39.00000000,1
1531216233661,1531216233658,1988158,0.00004353,144.00000000,1
1531216235612,1531216235608,1988159,0.00004364,31.00000000,0
1531216245079,1531216245075,1988160,0.00004352,55.00000000,1
1531216245191,1531216245187,1988161,0.00004352,14.00000000,1
1531216249745,1531216249739,1988162,0.00004335,91.00000000,1
1531216249745,1531216249739,1988163,0.00004334,237.00000000,1
1531216255424,1531216255420,1988164,0.00004334,200.00000000,0
1531216255437,1531216255433,1988165,0.00004334,199.00000000,0
1531216255487,1531216255482,1988166,0.00004331,146.00000000,1
1531216255850,1531216255846,1988167,0.00004333,91.00000000,0
1531216256108,1531216256105,1988168,0.00004333,146.00000000,0
1531216256114,1531216256111,1988169,0.00004331,48.00000000,1
1531216256136,1531216256131,1988170,0.00004331,6.00000000,1
1531216256136,1531216256131,1988171,0.00004330,42.00000000,1
1531216256151,1531216256146,1988172,0.00004330,48.00000000,1
1531216256157,1531216256153,1988173,0.00004334,91.00000000,0
1531216256165,1531216256162,1988174,0.00004330,48.00000000,1
1531216256210,1531216256205,1988175,0.00004330,53.00000000,1
1531216262870,1531216262864,1988176,0.00004332,183.00000000,1
1531216275212,1531216275207,1988177,0.00004349,70.00000000,0
1531216275212,1531216275207,1988178,0.00004353,383.00000000,0
1531216275212,1531216275207,1988179,0.00004354,711.00000000,0
1531216278924,1531216278919,1988180,0.00004349,266.00000000,1
1531216280106,1531216280102,1988181,0.00004345,186.00000000,0
1531216280106,1531216280102,1988182,0.00004356,144.00000000,0
1531216280106,1531216280102,1988183,0.00004358,180.00000000,0
1531216293723,1531216293720,1988184,0.00004339,144.00000000,1
1531216293723,1531216293720,1988185,0.00004334,816.00000000,1
1531216298098,1531216298094,1988186,0.00004348,180.00000000,0
1531216321210,1531216321207,1988187,0.00004335,57.00000000,1
1531216321210,1531216321207,1988188,0.00004330,1635.00000000,1
1531216322191,1531216322187,1988189,0.00004339,92.00000000,1
1531216323398,1531216323393,1988190,0.00004347,1.00000000,0
1531216325006,1531216325001,1988191,0.00004335,137.00000000,1
1531216325085,1531216325080,1988192,0.00004330,390.00000000,1
1531216325085,1531216325080,1988193,0.00004328,1000.00000000,1
1531216325085,1531216325080,1988194,0.00004321,78.00000000,1
1531216325132,1531216325129,1988195,0.00004321,88.00000000,1
1531216325132,1531216325129,1988196,0.00004317,73.00000000,1
1531216325153,1531216325149,1988197,0.00004317,70.00000000,1
1531216325153,1531216325149,1988198,0.00004308,70.00000000,1
1531216325153,1531216325149,1988199,0.00004305,227.00000000,1
1531216326068,1531216326065,1988200,0.00004307,220.00000000,0
1531216326070,1531216326066,1988201,0.00004307,220.00000000,0
1531216326074,1531216326071,1988202,0.00004307,942.00000000,0
1531216326091,1531216326086,1988203,0.00004307,51.00000000,0
1531216326159,1531216326154,1988204,0.00004307,225.00000000,0
1531216326210,1531216326206,1988205,0.00004305,679.00000000,1
1531216326364,1531216326361,1988206,0.00004306,944.00000000,0
1531216326368,1531216326364,1988207,0.00004306,719.00000000,0
1531216326433,1531216326429,1988208,0.00004305,411.00000000,1
1531216326454,1531216326451,1988209,0.00004306,7.00000000,0
1531216326683,1531216326680,1988210,0.00004305,390.00000000,1
1531216327087,1531216327083,1988211,0.00004320,1.00000000,0
1531216335265,1531216335261,1988212,0.00004320,55.00000000,0
1531216335265,1531216335261,1988213,0.00004338,711.00000000,0
1531216335265,1531216335261,1988214,0.00004342,601.00000000,0
1531216336499,1531216336495,1988215,0.00004341,23.00000000,0
1531216340130,1531216340125,1988216,0.00004312,172.00000000,1
1531216340130,1531216340125,1988217,0.00004311,291.00000000,1
1531216340130,1531216340125,1988218,0.00004307,171.00000000,1
1531216340131,1531216340128,1988219,0.00004307,2332.00000000,1
1531216341075,1531216341071,1988220,0.00004309,200.00000000,1
1531216341227,1531216341223,1988221,0.00004309,715.00000000,1
1531216341576,1531216341572,1988222,0.00004309,371.00000000,1
1531216341576,1531216341572,1988223,0.00004308,243.00000000,1
1531216341576,1531216341572,1988224,0.00004307,857.00000000,1
1531216345919,1531216345913,1988225,0.00004310,172.00000000,0
1531216346045,1531216346041,1988226,0.00004310,257.00000000,1
1531216346100,1531216346096,1988227,0.00004307,251.00000000,1
1531216346115,1531216346112,1988228,0.00004307,994.00000000,1
1531216346115,1531216346112,1988229,0.00004306,11.00000000,1
1531216347042,1531216347038,1988230,0.00004306,111.00000000,1
1531216347042,1531216347038,1988231,0.00004305,210.00000000,1
1531216347068,1531216347065,1988232,0.00004305,880.00000000,1
1531216355988,1531216355984,1988233,0.00004310,465.00000000,0
1531216363736,1531216363729,1988234,0.00004311,198.00000000,0
1531216363736,1531216363729,1988235,0.00004312,172.00000000,0
1531216385188,1531216385183,1988236,0.00004318,118.00000000,1
1531216395314,1531216395309,1988237,0.00004317,144.00000000,0
1531216395314,1531216395309,1988238,0.00004318,70.00000000,0
1531216395314,1531216395309,1988239,0.00004323,291.00000000,0
1531216395314,1531216395309,1988240,0.00004328,122.00000000,0
1531216401975,1531216401972,1988241,0.00004311,208.00000000,1
1531216408498,1531216408493,1988242,0.00004335,230.00000000,0
1531216412137,1531216412132,1988243,0.00004314,205.00000000,1
1531216412188,1531216412183,1988244,0.00004306,97.00000000,1
1531216412188,1531216412183,1988245,0.00004305,50.00000000,1
1531216412200,1531216412196,1988246,0.00004305,589.00000000,1
1531216422928,1531216422923,1988247,0.00004308,273.00000000,1
1531216425309,1531216425303,1988248,0.00004318,241.00000000,0
1531216425309,1531216425303,1988249,0.00004320,711.00000000,0
1531216449266,1531216449261,1988250,0.00004311,92.00000000,1
1531216449266,1531216449261,1988251,0.00004308,716.00000000,1
1531216462197,1531216462191,1988252,0.00004317,61.00000000,0
1531216462197,1531216462191,1988253,0.00004318,132.00000000,0
1531216463025,1531216463020,1988254,0.00004311,308.00000000,1
1531216470137,1531216470133,1988255,0.00004308,287.00000000,1
1531216476087,1531216476081,1988256,0.00004309,419.00000000,1
1531216477109,1531216477106,1988257,0.00004312,153.00000000,0
1531216477162,1531216477159,1988258,0.00004312,303.00000000,0
1531216481454,1531216481450,1988259,0.00004311,337.00000000,0
1531216493130,1531216493125,1988260,0.00004314,192.00000000,0
1531216496223,1531216496218,1988261,0.00004314,272.00000000,0
1531216497063,1531216497058,1988262,0.00004311,215.00000000,1
1531216498065,1531216498062,1988263,0.00004308,24.00000000,1
1531216500328,1531216500324,1988264,0.00004308,898.00000000,1
1531216500328,1531216500324,1988265,0.00004305,714.00000000,1
1531216500629,1531216500625,1988266,0.00004305,1068.00000000,1
1531216501121,1531216501118,1988267,0.00004314,31.00000000,0
1531216502093,1531216502089,1988268,0.00004305,161.00000000,1
1531216502128,1531216502124,1988269,0.00004305,646.00000000,1
1531216513109,1531216513105,1988270,0.00004305,1382.00000000,1
1531216513116,1531216513111,1988271,0.00004305,399.00000000,1
1531216513131,1531216513128,1988272,0.00004305,1599.00000000,1
1531216513663,1531216513658,1988273,0.00004305,1974.00000000,1
1531216519105,1531216519100,1988274,0.00004305,969.00000000,1
1531216519117,1531216519112,1988275,0.00004305,242.00000000,1
1531216519193,1531216519187,1988276,0.00004309,287.00000000,0
1531216519198,1531216519193,1988277,0.00004305,848.00000000,1
1531216523110,1531216523107,1988278,0.00004314,493.00000000,0
1531216523224,1531216523220,1988279,0.00004314,964.00000000,0
1531216523224,1531216523220,1988280,0.00004316,302.00000000,0
1531216523224,1531216523220,1988281,0.00004320,707.00000000,0
1531216527642,1531216527639,1988282,0.00004310,9.00000000,1
1531216536302,1531216536298,1988283,0.00004311,323.00000000,0
1531216540056,1531216540051,1988284,0.00004310,385.00000000,1
1531216540057,1531216540053,1988285,0.00004310,940.00000000,1
1531216540057,1531216540053,1988286,0.00004306,600.00000000,1
1531216540406,1531216540401,1988287,0.00004306,1133.00000000,1
1531216577274,1531216577269,1988288,0.00004305,2307.00000000,1
1531216580286,1531216580281,1988289,0.00004316,1733.00000000,0
1531216584247,1531216584242,1988290,0.00004317,212.00000000,1
1531216584315,1531216584311,1988291,0.00004317,579.00000000,1
1531216584338,1531216584334,1988292,0.00004317,224.00000000,1
1531216584342,1531216584339,1988293,0.00004317,319.00000000,1
1531216585417,1531216585412,1988294,0.00004314,187.00000000,0
1531216592449,1531216592444,1988295,0.00004319,213.00000000,0
1531216593319,1531216593312,1988296,0.00004313,48.00000000,0
1531216593331,1531216593327,1988297,0.00004313,66.00000000,0
1531216593370,1531216593367,1988298,0.00004313,125.00000000,0
1531216608102,1531216608098,1988299,0.00004306,999.00000000,0
1531216623664,1531216623661,1988300,0.00004305,1000.00000000,1
1531216629960,1531216629957,1988301,0.00004305,1000.00000000,1
1531216635566,1531216635562,1988302,0.00004306,1.00000000,0
1531216635687,1531216635683,1988303,0.00004310,361.00000000,1
1531216636116,1531216636112,1988304,0.00004310,1.00000000,0
1531216636773,1531216636768,1988305,0.00004305,167.00000000,1
1531216636800,1531216636796,1988306,0.00004305,820.00000000,0
1531216636800,1531216636797,1988307,0.00004305,13.00000000,0
1531216640233,1531216640229,1988308,0.00004301,13.00000000,1
1531216649058,1531216649055,1988309,0.00004315,299.00000000,0
1531216649417,1531216649412,1988310,0.00004315,1.00000000,0
1531216649417,1531216649412,1988311,0.00004316,47.00000000,0
1531216649446,1531216649442,1988312,0.00004316,48.00000000,0
1531216649467,1531216649463,1988313,0.00004316,48.00000000,0
1531216649486,1531216649480,1988314,0.00004316,48.00000000,0
1531216649503,1531216649497,1988315,0.00004316,48.00000000,0
1531216649531,1531216649526,1988316,0.00004316,59.00000000,0
1531216650425,1531216650421,1988317,0.00004317,24.00000000,0
1531216650794,1531216650789,1988318,0.00004304,299.00000000,1
1531216650794,1531216650789,1988319,0.00004303,705.00000000,1
1531216650794,1531216650789,1988320,0.00004301,1319.00000000,1
1531216657119,1531216657115,1988321,0.00004301,1000.00000000,1
1531216657430,1531216657426,1988322,0.00004301,48.00000000,1
1531216657453,1531216657449,1988323,0.00004301,48.00000000,1
1531216657470,1531216657467,1988324,0.00004301,48.00000000,1
1531216657489,1531216657484,1988325,0.00004301,48.00000000,1
1531216657500,1531216657495,1988326,0.00004301,48.00000000,1
1531216657527,1531216657524,1988327,0.00004301,82.00000000,1
1531216659266,1531216659262,1988328,0.00004301,2324.00000000,1
1531216662110,1531216662105,1988329,0.00004310,964.00000000,0
1531216665582,1531216665577,1988330,0.00004310,665.00000000,0
1531216676122,1531216676117,1988331,0.00004302,143.00000000,1
1531216676122,1531216676117,1988332,0.00004301,137.00000000,1
1531216676163,1531216676159,1988333,0.00004301,1120.00000000,1
1531216680070,1531216680065,1988334,0.00004302,99.00000000,1
1531216680070,1531216680065,1988335,0.00004301,1869.00000000,1
1531216684210,1531216684207,1988336,0.00004301,4916.00000000,1
1531216685227,1531216685222,1988337,0.00004300,86.00000000,1
1531216695167,1531216695162,1988338,0.00004299,129.00000000,0
1531216695175,1531216695172,1988339,0.00004299,98.00000000,0
1531216695202,1531216695198,1988340,0.00004299,60.00000000,0
1531216695566,1531216695562,1988341,0.00004299,749.00000000,0
1531216707475,1531216707471,1988342,0.00004303,348.00000000,0
1531216713284,1531216713281,1988343,0.00004304,3.00000000,0
1531216716521,1531216716517,1988344,0.00004303,62.00000000,0
1531216717394,1531216717389,1988345,0.00004303,369.00000000,0
1531216717484,1531216717479,1988346,0.00004303,274.00000000,0
1531216718217,1531216718213,1988347,0.00004303,95.00000000,1
1531216719528,1531216719525,1988348,0.00004305,382.00000000,0
1531216743196,1531216743192,1988349,0.00004308,23.00000000,0
1531216753374,1531216753370,1988350,0.00004295,70.00000000,1
1531216763534,1531216763531,1988351,0.00004299,50.00000000,0
1531216764490,1531216764487,1988352,0.00004299,50.00000000,0
1531216768385,1531216768381,1988353,0.00004285,17.00000000,1
1531216768616,1531216768611,1988354,0.00004285,806.00000000,1
1531216769922,1531216769919,1988355,0.00004301,340.00000000,1
1531216770363,1531216770359,1988356,0.00004285,823.00000000,1
1531216772378,1531216772373,1988357,0.00004282,823.00000000,1
1531216774221,1531216774217,1988358,0.00004282,55.00000000,1
1531216781651,1531216781647,1988359,0.00004291,442.00000000,1
1531216783373,1531216783368,1988360,0.00004274,56.00000000,1
1531216784245,1531216784241,1988361,0.00004273,105.00000000,1
1531216784860,1531216784857,1988362,0.00004272,2.00000000,1
1531216785615,1531216785609,1988363,0.00004286,56.00000000,0
1531216785615,1531216785609,1988364,0.00004287,309.00000000,0
1531216785615,1531216785609,1988365,0.00004292,1332.00000000,0
1531216785615,1531216785609,1988366,0.00004293,1332.00000000,0
1531216785615,1531216785609,1988367,0.00004294,1269.00000000,0
1531216785699,1531216785695,1988368,0.00004274,351.00000000,1
1531216798408,1531216798403,1988369,0.00004275,35.00000000,1
1531216800423,1531216800419,1988370,0.00004275,65.00000000,1
1531216802058,1531216802054,1988371,0.00004275,145.00000000,1
1531216802058,1531216802054,1988372,0.00004272,888.00000000,1
1531216802058,1531216802054,1988373,0.00004272,444.00000000,1
1531216802059,1531216802054,1988374,0.00004270,1642.00000000,1
1531216802213,1531216802209,1988375,0.00004270,521.00000000,1
1531216802675,1531216802672,1988376,0.00004289,46.00000000,0
1531216802812,1531216802808,1988377,0.00004271,320.00000000,1
1531216802812,1531216802808,1988378,0.00004270,355.00000000,1
1531216821753,1531216821749,1988379,0.00004275,375.00000000,0
1531216824099,1531216824096,1988380,0.00004270,96.00000000,1
1531216824114,1531216824110,1988381,0.00004270,24.00000000,1
1531216830251,1531216830246,1988382,0.00004271,120.00000000,1
1531216831231,1531216831227,1988383,0.00004270,48.00000000,1
1531216831254,1531216831250,1988384,0.00004270,48.00000000,1
1531216831277,1531216831273,1988385,0.00004270,48.00000000,1
1531216831296,1531216831292,1988386,0.00004270,48.00000000,1
1531216831322,1531216831317,1988387,0.00004270,61.00000000,1
1531216831784,1531216831780,1988388,0.00004271,426.00000000,1
1531216832612,1531216832609,1988389,0.00004270,5134.00000000,1
1531216833329,1531216833324,1988390,0.00004268,2350.00000000,1
1531216834328,1531216834323,1988391,0.00004264,72.00000000,1
1531216840175,1531216840171,1988392,0.00004271,120.00000000,0
1531216841390,1531216841386,1988393,0.00004271,16269.00000000,1
1531216862262,1531216862258,1988394,0.00004262,93.00000000,1
1531216878139,1531216878135,1988395,0.00004259,217.00000000,1
1531216879757,1531216879752,1988396,0.00004266,532.00000000,0
1531216901752,1531216901749,1988397,0.00004266,530.00000000,0
1531216919640,1531216919634,1988398,0.00004266,290.00000000,1
1531216938075,1531216938071,1988399,0.00004259,19.00000000,1
1531216938075,1531216938071,1988400,0.00004258,82.00000000,1
1531216938075,1531216938071,1988401,0.00004254,9.00000000,1
1531216938115,1531216938110,1988402,0.00004254,27.00000000,1
1531216942857,1531216942853,1988403,0.00004261,480.00000000,0
1531216955017,1531216955013,1988404,0.00004261,397.00000000,1
1531216990346,1531216990342,1988405,0.00004255,71.00000000,0
1531216996157,1531216996152,1988406,0.00004257,256.00000000,1
1531216999254,1531216999249,1988407,0.00004254,1.00000000,1
1531216999254,1531216999249,1988408,0.00004251,26.00000000,1
1531217006082,1531217006078,1988409,0.00004260,325.00000000,0
1531217014115,1531217014111,1988410,0.00004255,263.00000000,0
1531217019989,1531217019984,1988411,0.00004260,280.00000000,0
1531217020003,1531217020000,1988412,0.00004260,95.00000000,0
1531217020003,1531217020000,1988413,0.00004271,63.00000000,0
1531217020069,1531217020066,1988414,0.00004251,55.00000000,1
1531217022632,1531217022627,1988415,0.00004251,282.00000000,1
1531217023121,1531217023118,1988416,0.00004251,158.00000000,1
1531217023299,1531217023295,1988417,0.00004271,24.00000000,0
1531217025279,1531217025275,1988418,0.00004269,47.00000000,0
1531217059080,1531217059075,1988419,0.00004254,357.00000000,1
1531217066192,1531217066188,1988420,0.00004251,31.00000000,1
1531217066238,1531217066233,1988421,0.00004251,127.00000000,1
1531217071487,1531217071483,1988422,0.00004252,299.00000000,1
1531217071487,1531217071483,1988423,0.00004251,289.00000000,1
1531217071487,1531217071483,1988424,0.00004250,235.00000000,1
1531217071487,1531217071483,1988425,0.00004249,50.00000000,1
1531217071487,1531217071483,1988426,0.00004244,1125.00000000,1
1531217081198,1531217081194,1988427,0.00004255,468.00000000,0
1531217123189,1531217123185,1988428,0.00004252,304.00000000,0
1531217137514,1531217137508,1988429,0.00004250,78.00000000,0
1531217137910,1531217137905,1988430,0.00004250,133.00000000,0
1531217138084,1531217138078,1988431,0.00004249,313.00000000,0
1531217182350,1531217182347,1988432,0.00004250,240.00000000,1
1531217182382,1531217182379,1988433,0.00004250,148.00000000,1
1531217184013,1531217184010,1988434,0.00004251,356.00000000,0
1531217195060,1531217195055,1988435,0.00004251,325.00000000,0
1531217234224,1531217234218,1988436,0.00004252,170.00000000,1
1531217234341,1531217234337,1988437,0.00004252,680.00000000,1
1531217234397,1531217234391,1988438,0.00004252,224.00000000,1
1531217237152,1531217237147,1988439,0.00004255,307.00000000,0
1531217240008,1531217240002,1988440,0.00004254,308.00000000,1
1531217251026,1531217251022,1988441,0.00004253,216.00000000,1
1531217286145,1531217286141,1988442,0.00004257,123.00000000,0
1531217300599,1531217300594,1988443,0.00004282,105.00000000,0
1531217300921,1531217300915,1988444,0.00004260,251.00000000,0
1531217302362,1531217302358,1988445,0.00004282,78.00000000,0
1531217310584,1531217310580,1988446,0.00004282,47.00000000,0
1531217316934,1531217316929,1988447,0.00004267,50.00000000,0
1531217316939,1531217316934,1988448,0.00004267,50.00000000,0
1531217316940,1531217316936,1988449,0.00004267,50.00000000,0
1531217316944,1531217316941,1988450,0.00004267,49.00000000,0
1531217342551,1531217342546,1988451,0.00004267,27.00000000,0
1531217347658,1531217347653,1988452,0.00004282,332.00000000,0
1531217348135,1531217348127,1988453,0.00004282,37.00000000,1
1531217364274,1531217364269,1988454,0.00004283,504.00000000,0
1531217375460,1531217375455,1988455,0.00004282,10.00000000,1
1531217378253,1531217378248,1988456,0.00004271,347.00000000,0
1531217398092,1531217398088,1988457,0.00004260,251.00000000,1
1531217398092,1531217398088,1988458,0.00004249,237.00000000,1
1531217409363,1531217409359,1988459,0.00004280,12.00000000,0
1531217410381,1531217410376,1988460,0.00004251,23.00000000,1
1531217419013,1531217419009,1988461,0.00004275,256.00000000,1
1531217419187,1531217419182,1988462,0.00004261,162.00000000,0
1531217420005,1531217420000,1988463,0.00004256,48.00000000,1
1531217420036,1531217420032,1988464,0.00004256,63.00000000,1
1531217431103,1531217431099,1988465,0.00004274,200.00000000,0
1531217431103,1531217431099,1988466,0.00004275,6.00000000,0
1531217432004,1531217432000,1988467,0.00004281,48.00000000,0
1531217432032,1531217432027,1988468,0.00004281,48.00000000,0
1531217432042,1531217432038,1988469,0.00004281,48.00000000,0
1531217432073,1531217432069,1988470,0.00004281,56.00000000,0
1531217487152,1531217487149,1988471,0.00004278,176.00000000,0
1531217499931,1531217499927,1988472,0.00004291,200.00000000,0
1531217500869,1531217500865,1988473,0.00004291,48.00000000,0
1531217500890,1531217500886,1988474,0.00004291,48.00000000,0
1531217500897,1531217500893,1988475,0.00004291,4.00000000,0
1531217500897,1531217500893,1988476,0.00004292,44.00000000,0
1531217500936,1531217500931,1988477,0.00004292,56.00000000,0
1531217501867,1531217501863,1988478,0.00004294,48.00000000,0
1531217501888,1531217501884,1988479,0.00004294,45.00000000,0
1531217501888,1531217501884,1988480,0.00004296,7.00000000,0
1531217502043,1531217502040,1988481,0.00004260,11.00000000,1
1531217505124,1531217505119,1988482,0.00004280,213.00000000,1
1531217525841,1531217525837,1988483,0.00004296,100.00000000,0
1531217544965,1531217544961,1988484,0.00004284,237.00000000,0
1531217562997,1531217562993,1988485,0.00004287,268.00000000,1
1531217587094,1531217587090,1988486,0.00004269,209.00000000,1
1531217587204,1531217587199,1988487,0.00004269,90.00000000,1
1531217587204,1531217587199,1988488,0.00004268,157.00000000,1
1531217587204,1531217587199,1988489,0.00004258,366.00000000,1
1531217587372,1531217587367,1988490,0.00004258,1846.00000000,1
1531217587372,1531217587367,1988491,0.00004257,288.00000000,1
1531217590007,1531217590003,1988492,0.00004257,48.00000000,1
1531217590013,1531217590007,1988493,0.00004260,299.00000000,0
1531217590042,1531217590038,1988494,0.00004257,48.00000000,1
1531217590049,1531217590045,1988495,0.00004257,16.00000000,1
1531217590049,1531217590045,1988496,0.00004254,32.00000000,1
1531217590076,1531217590070,1988497,0.00004254,48.00000000,1
1531217590102,1531217590098,1988498,0.00004254,65.00000000,1
1531217591012,1531217591008,1988499,0.00004261,200.00000000,0
1531217591019,1531217591015,1988500,0.00004293,48.00000000,0
1531217591060,1531217591055,1988501,0.00004293,48.00000000,0
1531217591073,1531217591069,1988502,0.00004293,48.00000000,0
1531217591081,1531217591078,1988503,0.00004293,48.00000000,0
1531217591106,1531217591101,1988504,0.00004293,65.00000000,0
1531217598776,1531217598771,1988505,0.00004284,435.00000000,0
1531217604059,1531217604055,1988506,0.00004266,99.00000000,1
1531217604059,1531217604055,1988507,0.00004263,147.00000000,1
1531217604059,1531217604055,1988508,0.00004249,67.00000000,1
1531217604066,1531217604061,1988509,0.00004249,78.00000000,1
1531217610324,1531217610320,1988510,0.00004267,52.00000000,1
1531217611726,1531217611720,1988511,0.00004283,369.00000000,1
1531217622048,1531217622041,1988512,0.00004254,200.00000000,1
1531217622048,1531217622041,1988513,0.00004253,135.00000000,1
1531217622048,1531217622041,1988514,0.00004252,56.00000000,1
1531217622048,1531217622041,1988515,0.00004250,589.00000000,1
1531217622049,1531217622044,1988516,0.00004250,118.00000000,1
1531217622049,1531217622044,1988517,0.00004248,127.00000000,1
1531217623045,1531217623040,1988518,0.00004247,150.00000000,1
1531217623045,1531217623040,1988519,0.00004245,95.00000000,1
1531217623894,1531217623890,1988520,0.00004254,4230.00000000,1
1531217624054,1531217624049,1988521,0.00004254,30.00000000,1
1531217625057,1531217625053,1988522,0.00004254,48.00000000,1
1531217625073,1531217625068,1988523,0.00004254,373.00000000,1
1531217625082,1531217625078,1988524,0.00004254,48.00000000,1
1531217625096,1531217625093,1988525,0.00004254,48.00000000,1
1531217625108,1531217625101,1988526,0.00004254,48.00000000,1
1531217625146,1531217625141,1988527,0.00004254,48.00000000,1
1531217625156,1531217625151,1988528,0.00004254,59.00000000,1
1531217626073,1531217626068,1988529,0.00004254,239.00000000,1
1531217626100,1531217626097,1988530,0.00004254,956.00000000,1
1531217627039,1531217627035,1988531,0.00004245,81.00000000,1
1531217629216,1531217629211,1988532,0.00004245,237.00000000,1
1531217633324,1531217633320,1988533,0.00004245,1321.00000000,1
1531217635125,1531217635120,1988534,0.00004247,52.00000000,0
1531217635126,1531217635121,1988535,0.00004245,56.00000000,1
1531217644096,1531217644091,1988536,0.00004248,137.00000000,1
1531217644109,1531217644105,1988537,0.00004248,34.00000000,1
1531217655112,1531217655109,1988538,0.00004247,166.00000000,1
1531217655744,1531217655740,1988539,0.00004256,176.00000000,0
1531217656126,1531217656122,1988540,0.00004247,133.00000000,1
1531217657125,1531217657121,1988541,0.00004247,106.00000000,1
1531217658128,1531217658122,1988542,0.00004247,85.00000000,1
1531217661804,1531217661800,1988543,0.00004254,339.00000000,0
1531217666117,1531217666113,1988544,0.00004247,68.00000000,1
1531217667080,1531217667075,1988545,0.00004247,54.00000000,1
1531217668106,1531217668099,1988546,0.00004247,43.00000000,1
1531217668708,1531217668705,1988547,0.00004247,35.00000000,1
1531217669707,1531217669703,1988548,0.00004247,28.00000000,1
1531217674712,1531217674708,1988549,0.00004253,644.00000000,0
1531217677348,1531217677344,1988550,0.00004252,99.00000000,0
1531217677407,1531217677402,1988551,0.00004252,72.00000000,0
1531217678781,1531217678777,1988552,0.00004253,299.00000000,0
1531217683731,1531217683726,1988553,0.00004252,28.00000000,1
1531217683731,1531217683726,1988554,0.00004247,611.00000000,1
1531217684739,1531217684735,1988555,0.00004247,511.00000000,1
1531217685740,1531217685736,1988556,0.00004247,409.00000000,1
1531217686739,1531217686735,1988557,0.00004247,327.00000000,1
1531217686762,1531217686759,1988558,0.00004254,121.00000000,0
1531217687737,1531217687731,1988559,0.00004247,262.00000000,1
1531217688741,1531217688737,1988560,0.00004247,209.00000000,1
1531217689743,1531217689738,1988561,0.00004247,167.00000000,1
1531217690744,1531217690741,1988562,0.00004247,380.00000000,1
1531217692766,1531217692762,1988563,0.00004247,58.00000000,1
1531217692819,1531217692815,1988564,0.00004247,46.00000000,1
1531217693805,1531217693801,1988565,0.00004248,231.00000000,1
1531217693806,1531217693802,1988566,0.00004248,924.00000000,1
1531217694795,1531217694790,1988567,0.00004248,221.00000000,1
1531217707147,1531217707143,1988568,0.00004248,3156.00000000,1
1531217707208,1531217707203,1988569,0.00004248,1353.00000000,1
1531217707208,1531217707203,1988570,0.00004247,188.00000000,1
1531217707208,1531217707203,1988571,0.00004245,115.00000000,1
1531217708159,1531217708156,1988572,0.00004245,694.00000000,1
1531217709064,1531217709059,1988573,0.00004245,1849.00000000,1
1531217709165,1531217709161,1988574,0.00004245,694.00000000,1
1531217710146,1531217710142,1988575,0.00004245,46.00000000,1
1531217711177,1531217711173,1988576,0.00004245,37.00000000,1
1531217712122,1531217712118,1988577,0.00004245,30.00000000,1
1531217714000,1531217713996,1988578,0.00004254,45.00000000,0
1531217717163,1531217717157,1988579,0.00004245,53.00000000,1
1531217718901,1531217718897,1988580,0.00004253,407.00000000,0
1531217722177,1531217722172,1988581,0.00004245,66.00000000,1
1531217722177,1531217722172,1988582,0.00004244,854.00000000,1
1531217722243,1531217722239,1988583,0.00004244,1411.00000000,1
1531217722303,1531217722299,1988584,0.00004244,914.00000000,1
1531217723020,1531217723016,1988585,0.00004244,392.00000000,1
1531217723020,1531217723016,1988586,0.00004242,400.00000000,1
1531217723020,1531217723016,1988587,0.00004240,93.00000000,1
1531217723020,1531217723016,1988588,0.00004238,472.00000000,1
1531217723020,1531217723016,1988589,0.00004233,1326.00000000,1
1531217723289,1531217723284,1988590,0.00004241,392.00000000,0
1531217724121,1531217724117,1988591,0.00004254,256.00000000,0
1531217724125,1531217724121,1988592,0.00004254,129.00000000,0
1531217724125,1531217724121,1988593,0.00004262,127.00000000,0
1531217726914,1531217726908,1988594,0.00004240,831.00000000,1
1531217726914,1531217726908,1988595,0.00004238,157.00000000,1
1531217726914,1531217726908,1988596,0.00004236,303.00000000,1
1531217726914,1531217726908,1988597,0.00004232,71.00000000,1
1531217726914,1531217726908,1988598,0.00004227,37.00000000,1
1531217726914,1531217726908,1988599,0.00004220,535.00000000,1
1531217726914,1531217726908,1988600,0.00004220,636.00000000,1
1531217729168,1531217729163,1988601,0.00004258,4.00000000,0
1531217729432,1531217729427,1988602,0.00004258,24.00000000,0
1531217730432,1531217730429,1988603,0.00004258,24.00000000,0
1531217731249,1531217731244,1988604,0.00004257,157.00000000,0
1531217731289,1531217731284,1988605,0.00004258,48.00000000,0
1531217731431,1531217731427,1988606,0.00004260,52.00000000,0
1531217731471,1531217731468,1988607,0.00004258,24.00000000,1
1531217734130,1531217734125,1988608,0.00004243,831.00000000,1
1531217734130,1531217734125,1988609,0.00004241,208.00000000,1
1531217734292,1531217734288,1988610,0.00004243,341.00000000,1
1531217734343,1531217734338,1988611,0.00004243,343.00000000,1
1531217734446,1531217734443,1988612,0.00004243,147.00000000,1
1531217735727,1531217735722,1988613,0.00004244,157.00000000,1
1531217735727,1531217735722,1988614,0.00004243,674.00000000,1
1531217742905,1531217742901,1988615,0.00004252,313.00000000,0
1531217752144,1531217752140,1988616,0.00004237,27.00000000,1
1531217757496,1531217757490,1988617,0.00004251,279.00000000,0
1531217757496,1531217757490,1988618,0.00004252,157.00000000,0
1531217757496,1531217757490,1988619,0.00004258,3212.00000000,0
1531217757496,1531217757490,1988620,0.00004260,222.00000000,0
1531217757496,1531217757490,1988621,0.00004264,2071.00000000,0
1531217757496,1531217757490,1988622,0.00004269,127.00000000,0
1531217757496,1531217757490,1988623,0.00004273,2356.00000000,0
1531217757496,1531217757490,1988624,0.00004282,93.00000000,0
1531217757496,1531217757490,1988625,0.00004297,145.00000000,0
1531217757496,1531217757490,1988626,0.00004310,3449.00000000,0
1531217757496,1531217757490,1988627,0.00004311,5064.00000000,0
1531217757513,1531217757509,1988628,0.00004311,32.00000000,1
1531217757514,1531217757509,1988629,0.00004311,32.00000000,1
1531217757517,1531217757513,1988630,0.00004311,119.00000000,1
1531217757528,1531217757524,1988631,0.00004226,36.00000000,1
1531217757544,1531217757539,1988632,0.00004226,64.00000000,1
1531217757712,1531217757707,1988633,0.00004267,145.00000000,1
1531217757864,1531217757860,1988634,0.00004248,65.00000000,1
1531217757886,1531217757881,1988635,0.00004237,118.00000000,0
1531217757917,1531217757913,1988636,0.00004269,63.00000000,1
1531217757972,1531217757968,1988637,0.00004269,162.00000000,1
1531217757994,1531217757990,1988638,0.00004269,628.00000000,1
1531217758602,1531217758597,1988639,0.00004263,135.00000000,0
1531217758657,1531217758653,1988640,0.00004263,90.00000000,0
1531217759083,1531217759079,1988641,0.00004266,55.00000000,1
1531217759083,1531217759079,1988642,0.00004261,117.00000000,1
1531217761523,1531217761518,1988643,0.00004262,47.00000000,1
1531217762531,1531217762527,1988644,0.00004262,37.00000000,1
1531217762676,1531217762649,1988645,0.00004262,78.00000000,1
1531217762676,1531217762649,1988646,0.00004261,22.00000000,1
1531217767158,1531217767152,1988647,0.00004255,46.00000000,1
1531217767158,1531217767152,1988648,0.00004238,146.00000000,1
1531217767158,1531217767152,1988649,0.00004222,679.00000000,1
1531217767224,1531217767220,1988650,0.00004238,192.00000000,0
1531217767394,1531217767389,1988651,0.00004222,222.00000000,1
1531217767595,1531217767592,1988652,0.00004224,581.00000000,1
1531217767685,1531217767680,1988653,0.00004224,250.00000000,1
1531217767685,1531217767680,1988654,0.00004223,771.00000000,1
1531217767892,1531217767889,1988655,0.00004232,945.00000000,1
1531217768029,1531217768023,1988656,0.00004231,945.00000000,1
1531217768029,1531217768023,1988657,0.00004223,193.00000000,1
1531217768029,1531217768023,1988658,0.00004222,1230.00000000,1
1531217768433,1531217768428,1988659,0.00004271,108.00000000,0
1531217775407,1531217775402,1988660,0.00004239,108.00000000,1
1531217775407,1531217775402,1988661,0.00004238,1299.00000000,1
1531217781657,1531217781653,1988662,0.00004248,234.00000000,0
1531217782290,1531217782285,1988663,0.00004248,1087.00000000,0
1531217782696,1531217782691,1988664,0.00004247,964.00000000,0
1531217783399,1531217783395,1988665,0.00004248,801.00000000,0
1531217786848,1531217786844,1988666,0.00004243,299.00000000,1
1531217787197,1531217787191,1988667,0.00004242,585.00000000,1
1531217787313,1531217787309,1988668,0.00004243,1576.00000000,1
1531217792125,1531217792121,1988669,0.00004245,942.00000000,1
1531217792125,1531217792121,1988670,0.00004238,1415.00000000,1
1531217794602,1531217794598,1988671,0.00004248,299.00000000,0
1531217794747,1531217794742,1988672,0.00004248,245.00000000,0
1531217794953,1531217794947,1988673,0.00004248,161.00000000,0
1531217796616,1531217796611,1988674,0.00004247,321.00000000,0
1531217797046,1531217797041,1988675,0.00004247,1054.00000000,0
1531217797125,1531217797118,1988676,0.00004240,831.00000000,1
1531217797125,1531217797118,1988677,0.00004238,714.00000000,1
1531217797154,1531217797149,1988678,0.00004238,581.00000000,1
1531217797200,1531217797196,1988679,0.00004247,298.00000000,0
1531217797726,1531217797721,1988680,0.00004238,1.00000000,1
1531217797808,1531217797803,1988681,0.00004238,1000.00000000,1
1531217797808,1531217797803,1988682,0.00004225,1.00000000,1
1531217798154,1531217798150,1988683,0.00004225,146.00000000,1
1531217800447,1531217800441,1988684,0.00004238,80.00000000,0
1531217800485,1531217800480,1988685,0.00004238,65.00000000,0
1531217807162,1531217807158,1988686,0.00004227,1183.00000000,1
1531217807162,1531217807158,1988687,0.00004225,825.00000000,1
1531217807479,1531217807474,1988688,0.00004225,92.00000000,1
1531217807479,1531217807474,1988689,0.00004224,3423.00000000,1
1531217807565,1531217807560,1988690,0.00004243,55.00000000,0
1531217807612,1531217807606,1988691,0.00004242,100.00000000,0
1531217808161,1531217808158,1988692,0.00004226,122.00000000,1
1531217808411,1531217808406,1988693,0.00004243,407.00000000,0
1531217808576,1531217808572,1988694,0.00004243,48.00000000,0
1531217808591,1531217808586,1988695,0.00004243,52.00000000,0
1531217809167,1531217809162,1988696,0.00004226,98.00000000,1
1531217810178,1531217810172,1988697,0.00004226,78.00000000,1
1531217811483,1531217811478,1988698,0.00004226,393.00000000,1
1531217816153,1531217816148,1988699,0.00004226,831.00000000,1
1531217816153,1531217816148,1988700,0.00004224,736.00000000,1
1531217816419,1531217816415,1988701,0.00004226,581.00000000,1
1531217817187,1531217817182,1988702,0.00004226,250.00000000,1
1531217817187,1531217817182,1988703,0.00004224,771.00000000,1
1531217817187,1531217817182,1988704,0.00004223,34.00000000,1
1531217818193,1531217818190,1988705,0.00004225,562.00000000,1
1531217818632,1531217818628,1988706,0.00004233,263.00000000,0
1531217820210,1531217820204,1988707,0.00004225,269.00000000,1
1531217820210,1531217820204,1988708,0.00004224,126.00000000,1
1531217820596,1531217820591,1988709,0.00004225,316.00000000,1
1531217820681,1531217820676,1988710,0.00004234,224.00000000,0
1531217821524,1531217821519,1988711,0.00004225,515.00000000,1
1531217821614,1531217821610,1988712,0.00004224,252.00000000,1
1531217821800,1531217821797,1988713,0.00004224,885.00000000,1
1531217824620,1531217824616,1988714,0.00004238,1.00000000,0
1531217828615,1531217828610,1988715,0.00004233,160.00000000,0
1531217832580,1531217832575,1988716,0.00004228,71.00000000,0
1531217836162,1531217836158,1988717,0.00004229,1429.00000000,1
1531217836612,1531217836608,1988718,0.00004229,2364.00000000,1
1531217836797,1531217836792,1988719,0.00004232,301.00000000,1
1531217836797,1531217836792,1988720,0.00004229,296.00000000,1
1531217836832,1531217836828,1988721,0.00004229,210.00000000,1
1531217837130,1531217837126,1988722,0.00004229,278.00000000,1
1531217837130,1531217837126,1988723,0.00004224,529.00000000,1
1531217837130,1531217837126,1988724,0.00004223,54.00000000,1
1531217837232,1531217837228,1988725,0.00004223,602.00000000,1
1531217838395,1531217838392,1988726,0.00004221,49.00000000,0
1531217838773,1531217838769,1988727,0.00004221,17.00000000,0
1531217840205,1531217840200,1988728,0.00004221,1.00000000,0
1531217847648,1531217847643,1988729,0.00004220,208.00000000,1
1531217850075,1531217850072,1988730,0.00004220,1757.00000000,1
1531217850094,1531217850089,1988731,0.00004221,649.00000000,0
1531217850094,1531217850089,1988732,0.00004222,368.00000000,0
1531217850140,1531217850135,1988733,0.00004224,776.00000000,1
1531217850140,1531217850135,1988734,0.00004220,3454.00000000,1
1531217850230,1531217850225,1988735,0.00004220,3045.00000000,1
1531217850366,1531217850361,1988736,0.00004220,2838.00000000,1
1531217850366,1531217850361,1988737,0.00004219,145.00000000,1
1531217850390,1531217850386,1988738,0.00004210,730.00000000,0
1531217850495,1531217850491,1988739,0.00004213,52.00000000,0
1531217850643,1531217850639,1988740,0.00004206,839.00000000,1
1531217850643,1531217850639,1988741,0.00004204,874.00000000,1
1531217851623,1531217851619,1988742,0.00004210,196.00000000,0
1531217851677,1531217851673,1988743,0.00004210,242.00000000,0
1531217852323,1531217852319,1988744,0.00004204,105.00000000,1
1531217852576,1531217852572,1988745,0.00004204,2.00000000,1
1531217852690,1531217852685,1988746,0.00004204,149.00000000,1
1531217852690,1531217852685,1988747,0.00004202,2215.00000000,1
1531217853365,1531217853361,1988748,0.00004206,138.00000000,0
1531217854024,1531217854020,1988749,0.00004202,65.00000000,1
1531217856484,1531217856480,1988750,0.00004202,1170.00000000,1
1531217856676,1531217856672,1988751,0.00004206,1.00000000,0
1531217856676,1531217856672,1988752,0.00004208,189.00000000,0
1531217860172,1531217860168,1988753,0.00004207,352.00000000,1
1531217869654,1531217869649,1988754,0.00004202,318.00000000,1
1531217874664,1531217874660,1988755,0.00004203,147.00000000,1
1531217874664,1531217874660,1988756,0.00004202,70.00000000,1
1531217875052,1531217875047,1988757,0.00004202,223.00000000,1
1531217884505,1531217884501,1988758,0.00004210,1897.00000000,0
1531217884697,1531217884692,1988759,0.00004202,1149.00000000,1
1531217884697,1531217884692,1988760,0.00004201,223.00000000,1
1531217891946,1531217891941,1988761,0.00004205,71.00000000,1
1531217891946,1531217891941,1988762,0.00004203,449.00000000,1
1531217896074,1531217896070,1988763,0.00004203,56.00000000,1
1531217897059,1531217897055,1988764,0.00004203,44.00000000,1
1531217898061,1531217898055,1988765,0.00004203,36.00000000,1
1531217899064,1531217899059,1988766,0.00004203,28.00000000,1
1531217905524,1531217905518,1988767,0.00004206,249.00000000,1
1531217913053,1531217913049,1988768,0.00004203,147.00000000,1
1531217913053,1531217913049,1988769,0.00004202,374.00000000,1
1531217914051,1531217914046,1988770,0.00004202,182.00000000,1
1531217914051,1531217914046,1988771,0.00004201,234.00000000,1
1531217915044,1531217915040,1988772,0.00004201,333.00000000,1
1531217915329,1531217915324,1988773,0.00004201,267.00000000,1
1531217916336,1531217916331,1988774,0.00004201,213.00000000,1
1531217917335,1531217917331,1988775,0.00004201,171.00000000,1
1531217919368,1531217919365,1988776,0.00004201,136.00000000,1
1531217919981,1531217919977,1988777,0.00004212,369.00000000,0
1531217920337,1531217920333,1988778,0.00004201,109.00000000,1
1531217921344,1531217921338,1988779,0.00004201,87.00000000,1
1531217921347,1531217921343,1988780,0.00004207,294.00000000,0
1531217922346,1531217922341,1988781,0.00004201,70.00000000,1
1531217923344,1531217923339,1988782,0.00004201,56.00000000,1
1531217924125,1531217924120,1988783,0.00004201,226.00000000,1
1531217924250,1531217924245,1988784,0.00004200,3318.00000000,1
1531217924337,1531217924333,1988785,0.00004200,948.00000000,1
1531217924986,1531217924982,1988786,0.00004200,2168.00000000,1
1531217925247,1531217925243,1988787,0.00004210,312.00000000,0
1531217926357,1531217926352,1988788,0.00004210,235.00000000,0
1531217926357,1531217926352,1988789,0.00004211,139.00000000,0
1531217926391,1531217926388,1988790,0.00004211,610.00000000,1
1531217926900,1531217926895,1988791,0.00004211,1374.00000000,1
1531217927383,1531217927378,1988792,0.00004211,96.00000000,1
1531217928383,1531217928377,1988793,0.00004211,538.00000000,1
1531217929296,1531217929291,1988794,0.00004211,2380.00000000,1
1531217929392,1531217929388,1988795,0.00004211,431.00000000,1
1531217930394,1531217930390,1988796,0.00004211,345.00000000,1
1531217931386,1531217931382,1988797,0.00004211,276.00000000,1
1531217938436,1531217938430,1988798,0.00004213,23.00000000,0
1531217940778,1531217940775,1988799,0.00004211,263.00000000,1
1531217941117,1531217941114,1988800,0.00004211,1425.00000000,1
1531217941119,1531217941114,1988801,0.00004211,780.00000000,1
1531217941130,1531217941125,1988802,0.00004211,2730.00000000,1
1531217949066,1531217949061,1988803,0.00004211,1146.00000000,0
1531217949066,1531217949061,1988804,0.00004213,92.00000000,0
1531217949066,1531217949061,1988805,0.00004223,741.00000000,0
1531217952050,1531217952045,1988806,0.00004206,605.00000000,1
1531217952050,1531217952045,1988807,0.00004205,94.00000000,1
1531217952050,1531217952045,1988808,0.00004200,776.00000000,1
1531217952270,1531217952266,1988809,0.00004200,723.00000000,1
1531217953060,1531217953057,1988810,0.00004200,995.00000000,1
1531217953067,1531217953062,1988811,0.00004200,200.00000000,1
1531217954073,1531217954069,1988812,0.00004200,796.00000000,1
1531217955071,1531217955067,1988813,0.00004200,637.00000000,1
1531217955814,1531217955810,1988814,0.00004200,2380.00000000,1
1531217956045,1531217956040,1988815,0.00004201,510.00000000,1
1531217961532,1531217961528,1988816,0.00004207,530.00000000,1
1531217968074,1531217968069,1988817,0.00004202,100.00000000,1
1531217968074,1531217968069,1988818,0.00004201,790.00000000,1
1531217968074,1531217968069,1988819,0.00004200,552.00000000,1
1531217968165,1531217968161,1988820,0.00004200,4230.00000000,1
1531217968418,1531217968414,1988821,0.00004200,48.00000000,1
1531217968435,1531217968431,1988822,0.00004200,48.00000000,1
1531217968461,1531217968457,1988823,0.00004200,48.00000000,1
1531217968488,1531217968483,1988824,0.00004200,55.00000000,1
1531217968985,1531217968980,1988825,0.00004200,290.00000000,1
1531217969059,1531217969056,1988826,0.00004200,249.00000000,1
1531217969069,1531217969065,1988827,0.00004200,2380.00000000,1
1531217969858,1531217969855,1988828,0.00004200,212.00000000,1
1531217973679,1531217973675,1988829,0.00004210,354.00000000,0
1531217982532,1531217982529,1988830,0.00004210,443.00000000,0
1531217988129,1531217988124,1988831,0.00004200,1361.00000000,1
1531217988268,1531217988264,1988832,0.00004200,2420.00000000,1
1531217988787,1531217988782,1988833,0.00004200,1749.00000000,1
1531217989065,1531217989061,1988834,0.00004200,255.00000000,1
1531217989564,1531217989559,1988835,0.00004200,407.00000000,1
1531217989890,1531217989886,1988836,0.00004200,614.00000000,1
1531217989902,1531217989898,1988837,0.00004197,921.00000000,0
1531217989929,1531217989925,1988838,0.00004197,110.00000000,0
1531217989930,1531217989925,1988839,0.00004197,110.00000000,0
1531217989940,1531217989936,1988840,0.00004197,6.00000000,0
1531217997048,1531217997044,1988841,0.00004197,44.00000000,1
1531217997732,1531217997728,1988842,0.00004197,176.00000000,1
1531217999950,1531217999947,1988843,0.00004185,39.00000000,1
1531218000959,1531218000955,1988844,0.00004184,32.00000000,1
1531218003115,1531218003111,1988845,0.00004185,45.00000000,1
1531218004053,1531218004048,1988846,0.00004185,158.00000000,1
1531218004292,1531218004287,1988847,0.00004187,145.00000000,0
1531218004528,1531218004524,1988848,0.00004187,1.00000000,0
1531218005073,1531218005068,1988849,0.00004185,127.00000000,1
1531218006057,1531218006053,1988850,0.00004185,101.00000000,1
1531218007098,1531218007093,1988851,0.00004185,81.00000000,1
1531218007947,1531218007943,1988852,0.00004191,146.00000000,0
1531218008068,1531218008063,1988853,0.00004185,65.00000000,1
1531218008686,1531218008682,1988854,0.00004185,113.00000000,1
1531218009069,1531218009064,1988855,0.00004185,29.00000000,1
1531218009520,1531218009516,1988856,0.00004190,151.00000000,0
1531218010121,1531218010117,1988857,0.00004185,156.00000000,1
1531218011158,1531218011153,1988858,0.00004185,126.00000000,1
1531218012101,1531218012096,1988859,0.00004190,1.00000000,0
1531218012260,1531218012256,1988860,0.00004187,46.00000000,0
1531218016557,1531218016553,1988861,0.00004191,1.00000000,0
1531218016785,1531218016782,1988862,0.00004194,394.00000000,1
1531218016933,1531218016929,1988863,0.00004191,370.00000000,0
1531218023808,1531218023803,1988864,0.00004191,437.00000000,0
1531218026155,1531218026149,1988865,0.00004184,55.00000000,1
1531218026291,1531218026286,1988866,0.00004182,26.00000000,1
1531218026291,1531218026286,1988867,0.00004180,29.00000000,1
1531218027289,1531218027285,1988868,0.00004180,33.00000000,1
1531218028285,1531218028281,1988869,0.00004180,26.00000000,1
1531218029522,1531218029466,1988870,0.00004180,134.00000000,1
1531218036767,1531218036763,1988871,0.00004195,145.00000000,0
1531218036797,1531218036794,1988872,0.00004199,72.00000000,0
1531218036827,1531218036822,1988873,0.00004195,144.00000000,1
1531218036838,1531218036834,1988874,0.00004185,70.00000000,0
1531218037104,1531218037099,1988875,0.00004195,75.00000000,1
1531218040525,1531218040520,1988876,0.00004202,339.00000000,0
1531218041484,1531218041479,1988877,0.00004203,300.00000000,0
1531218041690,1531218041686,1988878,0.00004204,146.00000000,0
1531218043301,1531218043297,1988879,0.00004204,48.00000000,0
1531218043327,1531218043322,1988880,0.00004204,52.00000000,0
1531218054154,1531218054150,1988881,0.00004187,32.00000000,1
1531218055119,1531218055114,1988882,0.00004180,25.00000000,1
1531218056117,1531218056112,1988883,0.00004181,98.00000000,1
1531218069169,1531218069164,1988884,0.00004184,179.00000000,1
1531218069401,1531218069396,1988885,0.00004184,1237.00000000,1
1531218070078,1531218070074,1988886,0.00004180,242.00000000,1
1531218070201,1531218070196,1988887,0.00004180,200.00000000,1
1531218070456,1531218070451,1988888,0.00004180,11.00000000,1
1531218070456,1531218070451,1988889,0.00004174,138.00000000,1
1531218070456,1531218070451,1988890,0.00004173,51.00000000,1
1531218072054,1531218072049,1988891,0.00004186,135.00000000,0
1531218072772,1531218072768,1988892,0.00004186,33.00000000,0
1531218077037,1531218077033,1988893,0.00004178,31.00000000,1
1531218077051,1531218077047,1988894,0.00004177,29.00000000,0
1531218077265,1531218077261,1988895,0.00004177,760.00000000,0
1531218077630,1531218077626,1988896,0.00004183,26.00000000,0
1531218077976,1531218077973,1988897,0.00004184,72.00000000,0
1531218080142,1531218080137,1988898,0.00004178,139.00000000,1
1531218080142,1531218080137,1988899,0.00004177,99.00000000,1
1531218080142,1531218080137,1988900,0.00004176,72.00000000,1
1531218080142,1531218080137,1988901,0.00004173,81.00000000,1
1531218080142,1531218080137,1988902,0.00004168,143.00000000,1
1531218080142,1531218080137,1988903,0.00004166,107.00000000,1
1531218081121,1531218081116,1988904,0.00004177,520.00000000,1
1531218081528,1531218081523,1988905,0.00004177,13.00000000,1
1531218081568,1531218081561,1988906,0.00004174,520.00000000,0
1531218082170,1531218082166,1988907,0.00004176,100.00000000,1
1531218082170,1531218082166,1988908,0.00004166,378.00000000,1
1531218083124,1531218083120,1988909,0.00004175,253.00000000,1
1531218084126,1531218084121,1988910,0.00004175,202.00000000,1
1531218089786,1531218089781,1988911,0.00004186,497.00000000,0
1531218094634,1531218094628,1988912,0.00004184,70.00000000,0
1531218094634,1531218094628,1988913,0.00004185,101.00000000,0
1531218094634,1531218094628,1988914,0.00004190,247.00000000,0
1531218094634,1531218094628,1988915,0.00004195,1285.00000000,0
1531218095120,1531218095115,1988916,0.00004175,142.00000000,1
1531218095120,1531218095115,1988917,0.00004166,331.00000000,1
1531218096136,1531218096131,1988918,0.00004167,200.00000000,1
1531218096136,1531218096131,1988919,0.00004166,179.00000000,1
1531218096762,1531218096758,1988920,0.00004193,447.00000000,0
1531218097090,1531218097084,1988921,0.00004167,288.00000000,1
1531218097090,1531218097084,1988922,0.00004166,69.00000000,1
1531218097348,1531218097343,1988923,0.00004166,1682.00000000,1
1531218097386,1531218097382,1988924,0.00004166,92.00000000,0
1531218097391,1531218097385,1988925,0.00004165,50.00000000,1
1531218097395,1531218097390,1988926,0.00004165,133.00000000,1
1531218097412,1531218097408,1988927,0.00004163,50.00000000,1
1531218097419,1531218097414,1988928,0.00004165,155.00000000,0
1531218097419,1531218097414,1988929,0.00004166,340.00000000,0
1531218097432,1531218097428,1988930,0.00004163,50.00000000,1
1531218097456,1531218097452,1988931,0.00004163,48.00000000,1
1531218097456,1531218097452,1988932,0.00004162,2.00000000,1
1531218097474,1531218097469,1988933,0.00004162,99.00000000,1
1531218098174,1531218098169,1988934,0.00004166,965.00000000,0
1531218100388,1531218100382,1988935,0.00004162,1303.00000000,0
1531218100388,1531218100382,1988936,0.00004163,483.00000000,0
1531218100770,1531218100763,1988937,0.00004164,1386.00000000,0
1531218102381,1531218102376,1988938,0.00004160,242.00000000,0
1531218103239,1531218103234,1988939,0.00004165,5.00000000,0
1531218104338,1531218104334,1988940,0.00004164,3363.00000000,0
1531218107603,1531218107598,1988941,0.00004165,973.00000000,0
1531218108998,1531218108992,1988942,0.00004165,904.00000000,0
1531218117726,1531218117720,1988943,0.00004166,530.00000000,0
1531218137733,1531218137728,1988944,0.00004164,373.00000000,1
1531218147164,1531218147161,1988945,0.00004166,404.00000000,0
1531218154133,1531218154128,1988946,0.00004156,40.00000000,1
1531218156288,1531218156282,1988947,0.00004166,13382.00000000,0
1531218156326,1531218156322,1988948,0.00004158,133.00000000,1
1531218160740,1531218160736,1988949,0.00004165,434.00000000,0
1531218163158,1531218163153,1988950,0.00004166,356.00000000,0
1531218163177,1531218163173,1988951,0.00004166,356.00000000,0
1531218167097,1531218167091,1988952,0.00004156,108.00000000,1
1531218167464,1531218167461,1988953,0.00004156,52.00000000,1
1531218167464,1531218167461,1988954,0.00004146,56.00000000,1
1531218177058,1531218177052,1988955,0.00004148,387.00000000,1
1531218178197,1531218178192,1988956,0.00004148,461.00000000,1
1531218181391,1531218181386,1988957,0.00004166,521.00000000,0
