event_time,trade_time,trade_id,price,quantity,maker
1531210386864,1531210386860,2047190,0.00039613,4.00000000,0
1531210585450,1531210585444,2047191,0.00039525,8.00000000,0
1531210585450,1531210585444,2047192,0.00039526,4.00000000,0
1531210585450,1531210585444,2047193,0.00039529,5.00000000,0
1531210587328,1531210587324,2047194,0.00039411,15.00000000,1
1531210587328,1531210587324,2047195,0.00039410,9.00000000,1
1531210587328,1531210587324,2047196,0.00039364,102.00000000,1
1531210678108,1531210678104,2047197,0.00039371,243.00000000,1
1531210716080,1531210716077,2047198,0.00039378,385.00000000,1
1531210716758,1531210716752,2047199,0.00039559,2.00000000,0
1531210891046,1531210891042,2047200,0.00039540,6.00000000,0
1531210891069,1531210891065,2047201,0.00039540,3.00000000,0
1531211022630,1531211022626,2047202,0.00039394,6.00000000,1
1531211063864,1531211063860,2047203,0.00039557,246.00000000,0
1531211063864,1531211063860,2047204,0.00039559,54.00000000,0
1531211088812,1531211088810,2047205,0.00039559,146.00000000,0
1531211093964,1531211093959,2047206,0.00039559,3.00000000,1
1531211113683,1531211113678,2047207,0.00039560,104.00000000,0
1531211218670,1531211218665,2047208,0.00039559,39.00000000,1
1531211221686,1531211221679,2047209,0.00039559,39.00000000,1
1531211415884,1531211415880,2047210,0.00039600,5.00000000,0
1531211415884,1531211415880,2047211,0.00039601,46.00000000,0
1531211415884,1531211415880,2047212,0.00039701,49.00000000,0
1531211557898,1531211557894,2047213,0.00039701,700.00000000,0
1531211574521,1531211574518,2047214,0.00039512,249.00000000,1
1531211574522,1531211574518,2047215,0.00039500,200.00000000,1
1531211574535,1531211574531,2047216,0.00039500,17.00000000,0
1531211574538,1531211574536,2047217,0.00039500,17.00000000,0
1531211574541,1531211574537,2047218,0.00039500,17.00000000,0
1531211574548,1531211574548,2047219,0.00039500,9.00000000,0
1531211622559,1531211622555,2047220,0.00039695,59.00000000,1
1531211622676,1531211622671,2047221,0.00039695,17.00000000,1
1531211622678,1531211622675,2047222,0.00039695,19.00000000,1
1531211622729,1531211622722,2047223,0.00039695,105.00000000,1
1531211648278,1531211648274,2047224,0.00039700,249.00000000,0
1531211648278,1531211648274,2047225,0.00039704,723.00000000,0
1531211648278,1531211648274,2047226,0.00039705,528.00000000,0
1531211691367,1531211691362,2047227,0.00039737,3.00000000,0
1531211691403,1531211691400,2047228,0.00039737,5.00000000,1
1531211691969,1531211691964,2047229,0.00039737,308.00000000,1
1531211715736,1531211715732,2047230,0.00039743,150.00000000,0
1531211715736,1531211715732,2047231,0.00039763,84.00000000,0
1531211734123,1531211734119,2047232,0.00039735,46.00000000,0
1531211735052,1531211735047,2047233,0.00039735,101.00000000,0
1531211780096,1531211780091,2047234,0.00039735,100.00000000,0
1531211879373,1531211879369,2047235,0.00039553,1.00000000,1
1531211880577,1531211880572,2047236,0.00039545,1.00000000,1
1531211972901,1531211972898,2047237,0.00039751,3.00000000,0
1531211972954,1531211972949,2047238,0.00039771,7.00000000,0
1531211995236,1531211995232,2047239,0.00039771,14.00000000,0
1531211995357,1531211995354,2047240,0.00039771,40.00000000,1
1531211998483,1531211998478,2047241,0.00039771,25.00000000,1
1531211999349,1531211999346,2047242,0.00039771,27.00000000,1
1531212000944,1531212000939,2047243,0.00039771,120.00000000,1
1531212002570,1531212002566,2047244,0.00039771,14.00000000,1
1531212002755,1531212002750,2047245,0.00039771,156.00000000,1
1531212090778,1531212090773,2047246,0.00039771,6.00000000,1
1531212092803,1531212092799,2047247,0.00039791,11.00000000,0
1531212092803,1531212092799,2047248,0.00039800,11.00000000,0
1531212092803,1531212092799,2047249,0.00039823,14.00000000,0
1531212127777,1531212127773,2047250,0.00039771,3.00000000,1
1531212133806,1531212133802,2047251,0.00039810,3.00000000,0
1531212146770,1531212146764,2047252,0.00039771,24.00000000,1
1531212159757,1531212159752,2047253,0.00039771,34.00000000,1
1531212298641,1531212298637,2047254,0.00039800,86.00000000,0
1531212304640,1531212304635,2047255,0.00039697,39.00000000,1
1531212385875,1531212385871,2047256,0.00039823,1.00000000,0
1531212385875,1531212385871,2047257,0.00039900,6.00000000,0
1531212385875,1531212385871,2047258,0.00039932,3.00000000,0
1531212388075,1531212388073,2047259,0.00039771,37.00000000,1
1531212390027,1531212390023,2047260,0.00039771,25.00000000,1
1531212391113,1531212391108,2047261,0.00039771,37.00000000,1
1531212394333,1531212394329,2047262,0.00039771,7.00000000,1
1531212394333,1531212394329,2047263,0.00039700,93.00000000,1
1531212436331,1531212436327,2047264,0.00039922,3.00000000,0
1531212438514,1531212438510,2047265,0.00039922,30.00000000,0
1531212438890,1531212438885,2047266,0.00039839,8.00000000,1
1531212505378,1531212505372,2047267,0.00039839,1.00000000,0
1531212521766,1531212521761,2047268,0.00039839,2.00000000,0
1531212522813,1531212522808,2047269,0.00039839,93.00000000,1
1531212531145,1531212531140,2047270,0.00039756,16.00000000,1
1531212531231,1531212531226,2047271,0.00039756,1.00000000,1
1531212531231,1531212531226,2047272,0.00039755,8.00000000,1
1531212531231,1531212531226,2047273,0.00039700,76.00000000,1
1531212531231,1531212531226,2047274,0.00039699,65.00000000,1
1531212534229,1531212534223,2047275,0.00039699,671.00000000,1
1531212536091,1531212536086,2047276,0.00039682,10.00000000,1
1531212536091,1531212536086,2047277,0.00039671,8.00000000,1
1531212536091,1531212536086,2047278,0.00039668,40.00000000,1
1531212537332,1531212537329,2047279,0.00039668,526.00000000,1
1531212557642,1531212557636,2047280,0.00039844,3.00000000,0
1531212558576,1531212558572,2047281,0.00039668,39.00000000,1
1531212570822,1531212570819,2047282,0.00039669,14.00000000,1
1531212572825,1531212572820,2047283,0.00039667,3.00000000,1
1531212573296,1531212573291,2047284,0.00039794,15.00000000,0
1531212591583,1531212591575,2047285,0.00039591,15.00000000,1
1531212591583,1531212591575,2047286,0.00039590,300.00000000,1
1531212591583,1531212591575,2047287,0.00039587,8.00000000,1
1531212591583,1531212591575,2047288,0.00039546,3.00000000,1
1531212591583,1531212591575,2047289,0.00039503,8.00000000,1
1531212591583,1531212591575,2047290,0.00039502,4.00000000,1
1531212591583,1531212591575,2047291,0.00039500,6.00000000,1
1531212591583,1531212591575,2047292,0.00039454,15.00000000,1
1531212591583,1531212591575,2047293,0.00039444,84.00000000,1
1531212591583,1531212591575,2047294,0.00039440,3.00000000,1
1531212591583,1531212591575,2047295,0.00039422,4.00000000,1
1531212607258,1531212607256,2047296,0.00039552,3.00000000,0
1531212647818,1531212647815,2047297,0.00039552,38.00000000,1
1531212745702,1531212745696,2047298,0.00039575,13.00000000,0
1531212745702,1531212745696,2047299,0.00039576,71.00000000,0
1531212746689,1531212746683,2047300,0.00039576,34.00000000,0
1531212751683,1531212751678,2047301,0.00039585,51.00000000,0
1531212753181,1531212753177,2047302,0.00039585,25.00000000,0
1531212754694,1531212754691,2047303,0.00039590,59.00000000,0
1531212798153,1531212798148,2047304,0.00039623,12.00000000,0
1531212810072,1531212810067,2047305,0.00039623,1.00000000,0
1531212810072,1531212810067,2047306,0.00039724,10.00000000,0
1531212810072,1531212810067,2047307,0.00039737,29.00000000,0
1531212810072,1531212810067,2047308,0.00039757,560.00000000,0
1531212819789,1531212819786,2047309,0.00039716,38.00000000,0
1531212819789,1531212819786,2047310,0.00039765,43.00000000,0
1531212821020,1531212821016,2047311,0.00039765,49.00000000,1
1531212822745,1531212822742,2047312,0.00039765,39.00000000,1
1531212822827,1531212822822,2047313,0.00039765,31.00000000,1
1531212828004,1531212827998,2047314,0.00039773,150.00000000,0
1531212840244,1531212840240,2047315,0.00039825,3.00000000,0
1531212860144,1531212860139,2047316,0.00039825,3.00000000,0
1531212905311,1531212905307,2047317,0.00039683,6.00000000,1
1531213012202,1531213012198,2047318,0.00039682,3.00000000,1
1531213012224,1531213012222,2047319,0.00039682,34.00000000,0
1531213015550,1531213015545,2047320,0.00039822,3.00000000,0
1531213016218,1531213016216,2047321,0.00039822,3.00000000,0
1531213016218,1531213016216,2047322,0.00039823,2.00000000,0
1531213075366,1531213075361,2047323,0.00039694,17.00000000,1
1531213075366,1531213075361,2047324,0.00039693,75.00000000,1
1531213075366,1531213075361,2047325,0.00039688,161.00000000,1
1531213105416,1531213105413,2047326,0.00039693,23.00000000,1
1531213105416,1531213105413,2047327,0.00039688,18.00000000,1
1531213288220,1531213288215,2047328,0.00039822,16.00000000,0
1531213295118,1531213295112,2047329,0.00039822,1.00000000,0
1531213295882,1531213295877,2047330,0.00039822,185.00000000,1
1531213318149,1531213318145,2047331,0.00039834,6.00000000,0
1531213318914,1531213318909,2047332,0.00039834,19.00000000,1
1531213406073,1531213406069,2047333,0.00039834,55.00000000,1
1531213568769,1531213568763,2047334,0.00039834,3.00000000,0
1531213646098,1531213646093,2047335,0.00039706,10.00000000,1
1531213659867,1531213659863,2047336,0.00039843,10.00000000,0
1531213659867,1531213659863,2047337,0.00039844,10.00000000,0
1531213660128,1531213660124,2047338,0.00039844,13.00000000,1
1531213668765,1531213668761,2047339,0.00039860,3.00000000,0
1531213669941,1531213669937,2047340,0.00039710,424.00000000,1
1531213792834,1531213792831,2047341,0.00039713,3.00000000,1
1531213891795,1531213891790,2047342,0.00039859,3.00000000,0
1531213899282,1531213899279,2047343,0.00039713,5.00000000,1
1531213916423,1531213916418,2047344,0.00039857,3.00000000,0
1531213917767,1531213917764,2047345,0.00039713,17.00000000,1
1531213933563,1531213933560,2047346,0.00039713,3.00000000,1
1531213941431,1531213941426,2047347,0.00039857,10.00000000,0
1531213941431,1531213941426,2047348,0.00039858,52.00000000,0
1531213970994,1531213970990,2047349,0.00039858,10.00000000,0
1531213978661,1531213978657,2047350,0.00039858,4.00000000,0
1531214011245,1531214011241,2047351,0.00039858,4.00000000,0
1531214037136,1531214037132,2047352,0.00039858,26.00000000,0
1531214037152,1531214037145,2047353,0.00039858,303.00000000,0
1531214037184,1531214037180,2047354,0.00039860,3.00000000,0
1531214037184,1531214037180,2047355,0.00039900,6.00000000,0
1531214037184,1531214037180,2047356,0.00039922,8.00000000,0
1531214037224,1531214037220,2047357,0.00039922,17.00000000,0
1531214037232,1531214037229,2047358,0.00039922,95.00000000,0
1531214038025,1531214038021,2047359,0.00039858,22.00000000,1
1531214040286,1531214040281,2047360,0.00039858,58.00000000,1
1531214040509,1531214040505,2047361,0.00039858,5.00000000,1
1531214041472,1531214041467,2047362,0.00039858,26.00000000,1
1531214074245,1531214074242,2047363,0.00039921,3.00000000,0
1531214074468,1531214074465,2047364,0.00039921,4.00000000,0
1531214075993,1531214075988,2047365,0.00039921,19.00000000,0
1531214075993,1531214075988,2047366,0.00039922,1.00000000,0
1531214090481,1531214090476,2047367,0.00039779,17.00000000,1
1531214090481,1531214090476,2047368,0.00039778,3.00000000,1
1531214090481,1531214090476,2047369,0.00039729,13.00000000,1
1531214103414,1531214103410,2047370,0.00039914,3.00000000,0
1531214106148,1531214106142,2047371,0.00039913,6.00000000,0
1531214116507,1531214116504,2047372,0.00039906,6.00000000,0
1531214122764,1531214122761,2047373,0.00039902,8.00000000,0
1531214123282,1531214123278,2047374,0.00039913,16.00000000,1
1531214136838,1531214136835,2047375,0.00039921,7.00000000,0
1531214136838,1531214136835,2047376,0.00039922,23.00000000,0
1531214152981,1531214152976,2047377,0.00039922,5.00000000,0
1531214160336,1531214160331,2047378,0.00039931,3.00000000,0
1531214175759,1531214175755,2047379,0.00039931,4.00000000,0
1531214199027,1531214199021,2047380,0.00039931,31.00000000,0
1531214208539,1531214208535,2047381,0.00039931,67.00000000,0
1531214209170,1531214209166,2047382,0.00039932,5.00000000,0
1531214227171,1531214227165,2047383,0.00039932,4.00000000,0
1531214255604,1531214255600,2047384,0.00039932,6.00000000,0
1531214255845,1531214255841,2047385,0.00039932,6.00000000,0
1531214255936,1531214255932,2047386,0.00039932,4.00000000,0
1531214270396,1531214270393,2047387,0.00039957,4.00000000,0
1531214289692,1531214289688,2047388,0.00039957,3.00000000,0
1531214299306,1531214299302,2047389,0.00039957,131.00000000,0
1531214299339,1531214299335,2047390,0.00039957,131.00000000,0
1531214299364,1531214299360,2047391,0.00039957,75.00000000,0
1531214301721,1531214301716,2047392,0.00039964,3.00000000,0
1531214303084,1531214303078,2047393,0.00039964,32.00000000,0
1531214311390,1531214311386,2047394,0.00039964,72.00000000,0
1531214315160,1531214315154,2047395,0.00039964,4.00000000,0
1531214315474,1531214315470,2047396,0.00039931,2.00000000,1
1531214336747,1531214336743,2047397,0.00039964,3.00000000,0
1531214346594,1531214346589,2047398,0.00039964,4.00000000,0
1531214356485,1531214356482,2047399,0.00039964,3.00000000,0
1531214363484,1531214363478,2047400,0.00039964,3.00000000,0
1531214376741,1531214376736,2047401,0.00039964,3.00000000,0
1531214392698,1531214392693,2047402,0.00039964,7.00000000,0
1531214410894,1531214410889,2047403,0.00039964,25.00000000,0
1531214421399,1531214421396,2047404,0.00039964,3.00000000,0
1531214473890,1531214473887,2047405,0.00039962,7.00000000,0
1531214489184,1531214489179,2047406,0.00039962,3.00000000,0
1531214489359,1531214489354,2047407,0.00039931,14.00000000,1
1531214489359,1531214489354,2047408,0.00039918,10.00000000,1
1531214493204,1531214493199,2047409,0.00039918,165.00000000,1
1531214493204,1531214493199,2047410,0.00039913,72.00000000,1
1531214493204,1531214493199,2047411,0.00039821,3.00000000,1
1531214493204,1531214493199,2047412,0.00039731,318.00000000,1
1531214493204,1531214493199,2047413,0.00039700,166.00000000,1
1531214498791,1531214498787,2047414,0.00039961,3.00000000,0
1531214501916,1531214501910,2047415,0.00039961,3.00000000,0
1531214509167,1531214509161,2047416,0.00039961,3.00000000,0
1531214512760,1531214512756,2047417,0.00039961,238.00000000,0
1531214514349,1531214514345,2047418,0.00039961,244.00000000,0
1531214524346,1531214524341,2047419,0.00039745,25.00000000,1
1531214524346,1531214524341,2047420,0.00039744,17.00000000,1
1531214524588,1531214524584,2047421,0.00039741,16.00000000,0
1531214524973,1531214524969,2047422,0.00039741,91.00000000,0
1531214531464,1531214531460,2047423,0.00039741,27.00000000,0
1531214532330,1531214532327,2047424,0.00039741,3.00000000,0
1531214535962,1531214535959,2047425,0.00039741,8.00000000,0
1531214545607,1531214545603,2047426,0.00039741,4.00000000,0
1531214558800,1531214558796,2047427,0.00039740,3.00000000,0
1531214589999,1531214589995,2047428,0.00039740,4.00000000,0
1531214590449,1531214590445,2047429,0.00039740,18.00000000,0
1531214607603,1531214607600,2047430,0.00039741,4.00000000,0
1531214618747,1531214618743,2047431,0.00039740,1.00000000,1
1531214624272,1531214624268,2047432,0.00039741,4.00000000,0
1531214640561,1531214640558,2047433,0.00039741,4.00000000,0
1531214655212,1531214655207,2047434,0.00039741,5.00000000,0
1531214661102,1531214661099,2047435,0.00039741,108.00000000,0
1531214667089,1531214667084,2047436,0.00039960,4.00000000,0
1531214703536,1531214703531,2047437,0.00039954,4.00000000,0
1531214721297,1531214721293,2047438,0.00039954,4.00000000,0
1531214736797,1531214736794,2047439,0.00039949,6.00000000,0
1531214754903,1531214754899,2047440,0.00039948,4.00000000,0
1531214762557,1531214762553,2047441,0.00039948,1.00000000,0
1531214762557,1531214762553,2047442,0.00039949,14.00000000,0
1531214791584,1531214791579,2047443,0.00039949,4.00000000,0
1531214795745,1531214795741,2047444,0.00039949,125.00000000,0
1531214809908,1531214809904,2047445,0.00039944,19.00000000,0
1531214827464,1531214827456,2047446,0.00039948,4.00000000,0
1531214828477,1531214828472,2047447,0.00039948,729.00000000,0
1531214828477,1531214828472,2047448,0.00039949,21.00000000,0
1531214842405,1531214842401,2047449,0.00039949,4.00000000,0
1531214842445,1531214842442,2047450,0.00039949,3.00000000,0
1531214854410,1531214854405,2047451,0.00039949,4.00000000,0
1531214860278,1531214860274,2047452,0.00039949,4.00000000,0
1531214865695,1531214865689,2047453,0.00039868,313.00000000,1
1531214865695,1531214865689,2047454,0.00039866,8.00000000,1
1531214865695,1531214865689,2047455,0.00039800,13.00000000,1
1531214865695,1531214865689,2047456,0.00039782,8.00000000,1
1531214865695,1531214865689,2047457,0.00039761,800.00000000,1
1531214867105,1531214867100,2047458,0.00039762,23.00000000,1
1531214939551,1531214939546,2047459,0.00039791,17.00000000,1
1531214939552,1531214939546,2047460,0.00039765,35.00000000,1
1531214948159,1531214948156,2047461,0.00039768,155.00000000,1
1531214956697,1531214956694,2047462,0.00039768,77.00000000,1
1531214956697,1531214956694,2047463,0.00039767,40.00000000,1
1531214970504,1531214970499,2047464,0.00039742,25.00000000,1
1531214970504,1531214970499,2047465,0.00039741,150.00000000,1
1531215013454,1531215013451,2047466,0.00039922,12.00000000,0
1531215044098,1531215044093,2047467,0.00039908,3.00000000,0
1531215050747,1531215050743,2047468,0.00039906,5.00000000,0
1531215056528,1531215056523,2047469,0.00039742,11.00000000,1
1531215065905,1531215065902,2047470,0.00039901,5.00000000,0
1531215098647,1531215098643,2047471,0.00039744,17.00000000,1
1531215098647,1531215098643,2047472,0.00039742,83.00000000,1
1531215113142,1531215113139,2047473,0.00039742,78.00000000,1
1531215113670,1531215113667,2047474,0.00039742,5.00000000,0
1531215130167,1531215130162,2047475,0.00039742,5.00000000,0
1531215178496,1531215178492,2047476,0.00039741,136.00000000,1
1531215183610,1531215183606,2047477,0.00039741,1239.00000000,1
1531215194986,1531215194982,2047478,0.00039742,3.00000000,0
1531215224880,1531215224874,2047479,0.00039742,1.00000000,0
1531215224880,1531215224874,2047480,0.00039835,17.00000000,0
1531215224880,1531215224874,2047481,0.00039892,3.00000000,0
1531215224880,1531215224874,2047482,0.00039928,17.00000000,0
1531215224880,1531215224874,2047483,0.00039949,44.00000000,0
1531215247333,1531215247328,2047484,0.00039945,5.00000000,0
1531215331398,1531215331394,2047485,0.00039931,227.00000000,0
1531215331398,1531215331394,2047486,0.00039932,143.00000000,0
1531215350616,1531215350610,2047487,0.00039800,4.00000000,1
1531215364319,1531215364315,2047488,0.00039799,3.00000000,1
1531215364319,1531215364315,2047489,0.00039742,3.00000000,1
1531215364319,1531215364315,2047490,0.00039741,14.00000000,1
1531215490726,1531215490722,2047491,0.00039741,23.00000000,1
1531215615007,1531215615003,2047492,0.00039741,14.00000000,1
1531215630026,1531215630022,2047493,0.00039741,712.00000000,1
1531215640030,1531215640027,2047494,0.00039721,3.00000000,1
1531215640385,1531215640382,2047495,0.00039703,24.00000000,1
1531215640385,1531215640382,2047496,0.00039700,395.00000000,1
1531215642302,1531215642297,2047497,0.00039700,619.00000000,1
1531215642901,1531215642897,2047498,0.00039700,21.00000000,0
1531215645347,1531215645343,2047499,0.00039698,8.00000000,1
1531215645347,1531215645343,2047500,0.00039688,24.00000000,1
1531215646437,1531215646430,2047501,0.00039688,553.00000000,1
1531215646437,1531215646430,2047502,0.00039655,4.00000000,1
1531215646437,1531215646430,2047503,0.00039614,8.00000000,1
1531215646437,1531215646430,2047504,0.00039565,6.00000000,1
1531215646437,1531215646430,2047505,0.00039562,6.00000000,1
1531215646437,1531215646430,2047506,0.00039558,3.00000000,1
1531215646437,1531215646430,2047507,0.00039533,12.00000000,1
1531215646437,1531215646430,2047508,0.00039530,8.00000000,1
1531215646437,1531215646430,2047509,0.00039500,6.00000000,1
1531215646448,1531215646443,2047510,0.00039500,320.00000000,0
1531215646453,1531215646449,2047511,0.00039500,132.00000000,0
1531215646554,1531215646551,2047512,0.00039500,269.00000000,0
1531215646560,1531215646557,2047513,0.00039483,132.00000000,1
1531215646571,1531215646568,2047514,0.00039500,25.00000000,0
1531215646577,1531215646573,2047515,0.00039500,269.00000000,0
1531215647106,1531215647101,2047516,0.00039500,16.00000000,0
1531215647142,1531215647139,2047517,0.00039500,77.00000000,0
1531215647811,1531215647807,2047518,0.00039500,8.00000000,0
1531215650138,1531215650134,2047519,0.00039499,3.00000000,0
1531215658016,1531215658010,2047520,0.00039465,5.00000000,1
1531215658016,1531215658010,2047521,0.00039461,3.00000000,1
1531215658016,1531215658010,2047522,0.00039446,8.00000000,1
1531215658016,1531215658010,2047523,0.00039394,3.00000000,1
1531215658016,1531215658010,2047524,0.00039364,11.00000000,1
1531215658016,1531215658010,2047525,0.00039362,8.00000000,1
1531215658016,1531215658010,2047526,0.00039320,50.00000000,1
1531215658016,1531215658010,2047527,0.00039307,7.00000000,1
1531215664312,1531215664308,2047528,0.00039315,236.00000000,1
1531215664666,1531215664661,2047529,0.00039315,102.00000000,1
1531215664666,1531215664661,2047530,0.00039314,51.00000000,1
1531215664666,1531215664661,2047531,0.00039307,350.00000000,1
1531215665290,1531215665287,2047532,0.00039480,3.00000000,0
1531215666740,1531215666736,2047533,0.00039307,4173.00000000,1
1531215669030,1531215669025,2047534,0.00039300,189.00000000,0
1531215669036,1531215669032,2047535,0.00039300,372.00000000,0
1531215669036,1531215669032,2047536,0.00039474,14.00000000,0
1531215669674,1531215669669,2047537,0.00039300,6.00000000,1
1531215671957,1531215671954,2047538,0.00039307,6.00000000,0
1531215671957,1531215671954,2047539,0.00039471,23.00000000,0
1531215671957,1531215671954,2047540,0.00039472,17.00000000,0
1531215675794,1531215675789,2047541,0.00039300,1040.00000000,1
1531215675826,1531215675822,2047542,0.00039300,17.00000000,0
1531215682367,1531215682364,2047543,0.00039278,8.00000000,1
1531215684798,1531215684795,2047544,0.00039277,15.00000000,0
1531215691761,1531215691757,2047545,0.00039246,3.00000000,1
1531215691761,1531215691757,2047546,0.00039246,3.00000000,1
1531215694400,1531215694395,2047547,0.00039238,3.00000000,1
1531215694754,1531215694749,2047548,0.00039233,3.00000000,0
1531215699294,1531215699290,2047549,0.00039226,4.00000000,0
1531215699294,1531215699290,2047550,0.00039227,1.00000000,0
1531215699848,1531215699844,2047551,0.00039226,29.00000000,0
1531215701348,1531215701343,2047552,0.00039225,21.00000000,0
1531215701807,1531215701804,2047553,0.00039194,2.00000000,1
1531215701809,1531215701804,2047554,0.00039194,6.00000000,1
1531215701809,1531215701804,2047555,0.00039174,4.00000000,1
1531215701809,1531215701804,2047556,0.00039165,10.00000000,1
1531215701809,1531215701804,2047557,0.00039162,3.00000000,1
1531215701809,1531215701804,2047558,0.00039158,6.00000000,1
1531215701983,1531215701979,2047559,0.00039150,13.00000000,0
1531215703077,1531215703073,2047560,0.00039149,30.00000000,0
1531215703432,1531215703428,2047561,0.00039149,54.00000000,0
1531215704409,1531215704405,2047562,0.00039134,13.00000000,1
1531215704495,1531215704492,2047563,0.00039134,6.00000000,0
1531215709444,1531215709438,2047564,0.00039111,8.00000000,1
1531215709444,1531215709438,2047565,0.00039100,6.00000000,1
1531215709444,1531215709438,2047566,0.00039083,4.00000000,1
1531215709444,1531215709438,2047567,0.00039062,3.00000000,1
1531215709444,1531215709438,2047568,0.00039000,116.00000000,1
1531215709444,1531215709438,2047569,0.00038995,9.00000000,1
1531215709444,1531215709438,2047570,0.00038994,8.00000000,1
1531215709444,1531215709438,2047571,0.00038993,3.00000000,1
1531215709445,1531215709438,2047572,0.00038939,3.00000000,1
1531215709445,1531215709438,2047573,0.00038926,5.00000000,1
1531215709445,1531215709438,2047574,0.00038850,10.00000000,1
1531215709445,1531215709438,2047575,0.00038833,27.00000000,1
1531215709445,1531215709438,2047576,0.00038806,38.00000000,1
1531215709445,1531215709438,2047577,0.00038804,3.00000000,1
1531215709470,1531215709464,2047578,0.00038800,292.00000000,0
1531215709476,1531215709472,2047579,0.00038800,44.00000000,0
1531215709480,1531215709476,2047580,0.00038800,133.00000000,0
1531215709597,1531215709594,2047581,0.00038800,9.00000000,0
1531215709650,1531215709647,2047582,0.00038800,3.00000000,0
1531215709690,1531215709685,2047583,0.00038800,42.00000000,0
1531215710132,1531215710129,2047584,0.00038800,52.00000000,0
1531215712592,1531215712587,2047585,0.00038790,35.00000000,1
1531215712592,1531215712587,2047586,0.00038788,20.00000000,1
1531215712592,1531215712587,2047587,0.00038783,68.00000000,1
1531215714584,1531215714579,2047588,0.00038870,10.00000000,0
1531215726095,1531215726091,2047589,0.00038783,4.00000000,1
1531215731109,1531215731101,2047590,0.00038783,185.00000000,1
1531215731109,1531215731101,2047591,0.00038780,5.00000000,1
1531215731109,1531215731101,2047592,0.00038766,8.00000000,1
1531215731109,1531215731101,2047593,0.00038763,3.00000000,1
1531215731109,1531215731101,2047594,0.00038759,3.00000000,1
1531215731109,1531215731101,2047595,0.00038751,3.00000000,1
1531215731109,1531215731101,2047596,0.00038750,81.00000000,1
1531215731109,1531215731101,2047597,0.00038735,14.00000000,1
1531215731109,1531215731101,2047598,0.00038705,10.00000000,1
1531215731109,1531215731101,2047599,0.00038700,130.00000000,1
1531215731109,1531215731101,2047600,0.00038691,3.00000000,1
1531215731109,1531215731101,2047601,0.00038664,3.00000000,1
1531215731109,1531215731101,2047602,0.00038635,15.00000000,1
1531215731109,1531215731101,2047603,0.00038597,9.00000000,1
1531215731109,1531215731101,2047604,0.00038560,11.00000000,1
1531215731109,1531215731101,2047605,0.00038552,203.00000000,1
1531215731122,1531215731119,2047606,0.00038587,13.00000000,0
1531215733816,1531215733811,2047607,0.00038556,55.00000000,1
1531215733816,1531215733811,2047608,0.00038554,76.00000000,1
1531215733816,1531215733811,2047609,0.00038553,65.00000000,1
1531215733816,1531215733811,2047610,0.00038552,59.00000000,1
1531215736143,1531215736139,2047611,0.00038783,6.00000000,1
1531215737657,1531215737651,2047612,0.00038557,17.00000000,1
1531215737657,1531215737651,2047613,0.00038552,233.00000000,1
1531215737657,1531215737651,2047614,0.00038550,3.00000000,1
1531215737657,1531215737651,2047615,0.00038538,3.00000000,1
1531215737657,1531215737651,2047616,0.00038502,150.00000000,1
1531215737657,1531215737651,2047617,0.00038492,11.00000000,1
1531215737657,1531215737651,2047618,0.00038465,11.00000000,1
1531215737657,1531215737651,2047619,0.00038453,14.00000000,1
1531215737657,1531215737651,2047620,0.00038448,261.00000000,1
1531215738133,1531215738128,2047621,0.00038736,14.00000000,0
1531215739374,1531215739370,2047622,0.00038449,26.00000000,1
1531215739374,1531215739370,2047623,0.00038448,686.00000000,1
1531215742096,1531215742093,2047624,0.00038657,11.00000000,0
1531215742714,1531215742708,2047625,0.00038760,84.00000000,0
1531215742714,1531215742708,2047626,0.00038761,11.00000000,0
1531215744785,1531215744780,2047627,0.00038673,16.00000000,1
1531215747375,1531215747370,2047628,0.00038672,1.00000000,1
1531215747375,1531215747370,2047629,0.00038651,7.00000000,1
1531215747375,1531215747370,2047630,0.00038470,15.00000000,1
1531215747375,1531215747370,2047631,0.00038449,51.00000000,1
1531215747375,1531215747370,2047632,0.00038448,63.00000000,1
1531215749392,1531215749389,2047633,0.00038670,15.00000000,0
1531215749739,1531215749734,2047634,0.00038839,13.00000000,0
1531215750784,1531215750780,2047635,0.00038838,6.00000000,0
1531215751202,1531215751198,2047636,0.00038500,12.00000000,1
1531215751507,1531215751504,2047637,0.00038500,171.00000000,1
1531215755731,1531215755726,2047638,0.00038501,3.00000000,1
1531215755731,1531215755726,2047639,0.00038500,136.00000000,1
1531215757091,1531215757087,2047640,0.00038500,102.00000000,1
1531215758081,1531215758078,2047641,0.00038499,16.00000000,0
1531215758801,1531215758796,2047642,0.00038494,20.00000000,0
1531215758801,1531215758796,2047643,0.00038495,13.00000000,0
1531215759462,1531215759458,2047644,0.00038495,31.00000000,0
1531215759462,1531215759458,2047645,0.00038497,4.00000000,0
1531215760440,1531215760435,2047646,0.00038470,33.00000000,1
1531215761263,1531215761258,2047647,0.00038492,13.00000000,0
1531215761602,1531215761597,2047648,0.00038492,25.00000000,0
1531215762056,1531215762051,2047649,0.00038488,22.00000000,0
1531215762056,1531215762051,2047650,0.00038492,5.00000000,0
1531215762056,1531215762051,2047651,0.00038494,18.00000000,0
1531215764336,1531215764331,2047652,0.00038470,25.00000000,1
1531215764336,1531215764331,2047653,0.00038448,16.00000000,1
1531215764336,1531215764331,2047654,0.00038447,22.00000000,1
1531215764336,1531215764331,2047655,0.00038405,3.00000000,1
1531215764336,1531215764331,2047656,0.00038372,19.00000000,1
1531215766313,1531215766310,2047657,0.00038491,5.00000000,0
1531215773630,1531215773624,2047658,0.00038367,16.00000000,1
1531215773630,1531215773624,2047659,0.00038366,10.00000000,1
1531215773630,1531215773624,2047660,0.00038363,3.00000000,1
1531215773630,1531215773624,2047661,0.00038359,3.00000000,1
1531215773630,1531215773624,2047662,0.00038335,16.00000000,1
1531215773630,1531215773624,2047663,0.00038322,70.00000000,1
1531215773801,1531215773795,2047664,0.00038485,5.00000000,0
1531215778516,1531215778511,2047665,0.00038322,34.00000000,1
1531215778865,1531215778861,2047666,0.00038318,5.00000000,1
1531215778903,1531215778899,2047667,0.00038306,31.00000000,1
1531215780318,1531215780313,2047668,0.00038321,119.00000000,0
1531215780318,1531215780313,2047669,0.00038322,34.00000000,0
1531215780318,1531215780313,2047670,0.00038359,41.00000000,0
1531215780971,1531215780966,2047671,0.00038306,92.00000000,1
1531215781436,1531215781432,2047672,0.00038306,27.00000000,1
1531215782334,1531215782331,2047673,0.00038306,47.00000000,0
1531215783496,1531215783492,2047674,0.00038306,12.00000000,0
1531215784752,1531215784748,2047675,0.00038300,7.00000000,1
1531215784752,1531215784748,2047676,0.00038277,5.00000000,1
1531215784752,1531215784748,2047677,0.00038230,38.00000000,1
1531215784752,1531215784748,2047678,0.00038229,10.00000000,1
1531215784752,1531215784748,2047679,0.00038200,16.00000000,1
1531215784752,1531215784748,2047680,0.00038200,144.00000000,1
1531215785001,1531215784996,2047681,0.00038304,31.00000000,0
1531215785001,1531215784996,2047682,0.00038306,60.00000000,0
1531215785001,1531215784996,2047683,0.00038318,7.00000000,0
1531215785001,1531215784996,2047684,0.00038363,110.00000000,0
1531215785199,1531215785193,2047685,0.00038231,17.00000000,1
1531215785204,1531215785200,2047686,0.00038231,19.00000000,1
1531215786923,1531215786920,2047687,0.00038231,8.00000000,1
1531215786952,1531215786947,2047688,0.00038200,23.00000000,1
1531215787142,1531215787137,2047689,0.00038215,8.00000000,0
1531215787464,1531215787460,2047690,0.00038201,121.00000000,1
1531215789218,1531215789214,2047691,0.00038362,2.00000000,0
1531215789577,1531215789574,2047692,0.00038277,64.00000000,1
1531215789985,1531215789980,2047693,0.00038277,19.00000000,1
1531215791499,1531215791495,2047694,0.00038277,82.00000000,1
1531215791499,1531215791495,2047695,0.00038201,45.00000000,1
1531215792085,1531215792080,2047696,0.00038362,119.00000000,0
1531215792085,1531215792080,2047697,0.00038363,55.00000000,0
1531215792901,1531215792896,2047698,0.00038364,16.00000000,1
1531215793154,1531215793151,2047699,0.00038365,45.00000000,0
1531215795280,1531215795277,2047700,0.00038366,11.00000000,0
1531215795336,1531215795332,2047701,0.00038366,183.00000000,0
1531215796464,1531215796460,2047702,0.00038495,100.00000000,0
1531215796464,1531215796460,2047703,0.00038500,53.00000000,0
1531215797478,1531215797475,2047704,0.00038384,100.00000000,1
1531215800865,1531215800860,2047705,0.00038363,16.00000000,1
1531215800865,1531215800860,2047706,0.00038205,63.00000000,1
1531215800865,1531215800860,2047707,0.00038203,10.00000000,1
1531215801363,1531215801360,2047708,0.00038500,2.00000000,0
1531215803459,1531215803454,2047709,0.00038364,16.00000000,1
1531215803459,1531215803454,2047710,0.00038200,76.00000000,1
1531215803640,1531215803633,2047711,0.00038200,3.00000000,0
1531215804242,1531215804238,2047712,0.00038200,640.00000000,0
1531215804251,1531215804248,2047713,0.00038498,1.00000000,0
1531215806340,1531215806336,2047714,0.00038496,63.00000000,0
1531215806340,1531215806336,2047715,0.00038497,16.00000000,0
1531215806340,1531215806336,2047716,0.00038500,121.00000000,0
1531215807557,1531215807552,2047717,0.00038207,92.00000000,1
1531215807557,1531215807552,2047718,0.00038205,50.00000000,1
1531215807557,1531215807552,2047719,0.00038199,3.00000000,1
1531215809264,1531215809260,2047720,0.00038209,88.00000000,1
1531215813185,1531215813182,2047721,0.00038211,57.00000000,1
1531215813613,1531215813609,2047722,0.00038199,10.00000000,1
1531215813714,1531215813709,2047723,0.00038199,5.00000000,0
1531215813907,1531215813903,2047724,0.00038199,18.00000000,0
1531215814300,1531215814296,2047725,0.00038199,24.00000000,0
1531215815507,1531215815504,2047726,0.00038191,9.00000000,1
1531215815594,1531215815589,2047727,0.00038210,101.00000000,0
1531215817668,1531215817663,2047728,0.00038193,58.00000000,1
1531215817668,1531215817663,2047729,0.00038192,57.00000000,1
1531215817668,1531215817663,2047730,0.00038191,3.00000000,1
1531215820384,1531215820381,2047731,0.00038210,57.00000000,1
1531215823414,1531215823410,2047732,0.00038210,43.00000000,1
1531215826153,1531215826150,2047733,0.00038191,104.00000000,1
1531215827215,1531215827211,2047734,0.00038447,88.00000000,0
1531215827215,1531215827211,2047735,0.00038448,57.00000000,0
1531215827215,1531215827211,2047736,0.00038449,55.00000000,0
1531215827434,1531215827431,2047737,0.00038191,41.00000000,1
1531215827672,1531215827669,2047738,0.00038190,50.00000000,1
1531215828295,1531215828292,2047739,0.00038191,104.00000000,0
1531215830402,1531215830396,2047740,0.00038193,88.00000000,1
1531215830402,1531215830396,2047741,0.00038192,60.00000000,1
1531215831143,1531215831139,2047742,0.00038188,60.00000000,0
1531215833145,1531215833141,2047743,0.00038189,91.00000000,0
1531215834950,1531215834947,2047744,0.00038190,18.00000000,0
1531215835208,1531215835205,2047745,0.00038190,262.00000000,0
1531215835779,1531215835775,2047746,0.00038168,97.00000000,1
1531215835779,1531215835775,2047747,0.00038167,35.00000000,1
1531215835779,1531215835775,2047748,0.00038167,33.00000000,1
1531215835779,1531215835775,2047749,0.00038166,11.00000000,1
1531215839382,1531215839378,2047750,0.00038191,91.00000000,1
1531215839382,1531215839378,2047751,0.00038190,209.00000000,1
1531215841495,1531215841491,2047752,0.00038422,9.00000000,0
1531215842575,1531215842572,2047753,0.00038190,91.00000000,1
1531215848242,1531215848238,2047754,0.00038166,5.00000000,1
1531215848242,1531215848238,2047755,0.00038136,3.00000000,1
1531215848242,1531215848238,2047756,0.00038114,4.00000000,1
1531215857700,1531215857696,2047757,0.00038410,261.00000000,0
1531215857700,1531215857696,2047758,0.00038411,127.00000000,0
1531215857835,1531215857831,2047759,0.00038413,18.00000000,1
1531215860894,1531215860889,2047760,0.00038500,2.00000000,0
1531215861637,1531215861632,2047761,0.00038500,25.00000000,0
1531215864137,1531215864132,2047762,0.00038500,38.00000000,0
1531215868867,1531215868863,2047763,0.00038563,25.00000000,0
1531215868879,1531215868874,2047764,0.00038563,1.00000000,0
1531215868879,1531215868874,2047765,0.00038564,6.00000000,0
1531215869017,1531215869013,2047766,0.00038573,15.00000000,0
1531215869580,1531215869573,2047767,0.00038563,26.00000000,1
1531215872171,1531215872166,2047768,0.00038573,1.00000000,0
1531215874194,1531215874190,2047769,0.00038611,10.00000000,0
1531215875539,1531215875534,2047770,0.00038639,25.00000000,0
1531215875875,1531215875870,2047771,0.00038639,1.00000000,0
1531215875975,1531215875970,2047772,0.00038639,1.00000000,0
1531215876043,1531215876038,2047773,0.00038639,1.00000000,0
1531215876143,1531215876138,2047774,0.00038639,3.00000000,0
1531215876215,1531215876211,2047775,0.00038639,12.00000000,0
1531215878386,1531215878382,2047776,0.00038639,11.00000000,0
1531215879829,1531215879826,2047777,0.00038639,117.00000000,0
1531215880166,1531215880163,2047778,0.00038640,16.00000000,0
1531215881369,1531215881365,2047779,0.00038639,149.00000000,1
1531215884157,1531215884153,2047780,0.00038661,11.00000000,0
1531215884225,1531215884221,2047781,0.00038639,45.00000000,1
1531215885687,1531215885684,2047782,0.00038678,38.00000000,0
1531215890412,1531215890408,2047783,0.00038678,50.00000000,0
1531215890412,1531215890408,2047784,0.00038680,7.00000000,0
1531215890412,1531215890408,2047785,0.00038769,142.00000000,0
1531215890433,1531215890429,2047786,0.00038769,23.00000000,0
1531215890848,1531215890844,2047787,0.00038769,23.00000000,1
1531215899169,1531215899165,2047788,0.00038831,11.00000000,0
1531215902102,1531215902098,2047789,0.00038645,4.00000000,1
1531215902980,1531215902975,2047790,0.00038831,458.00000000,0
1531215904346,1531215904343,2047791,0.00038831,200.00000000,0
1531215905959,1531215905954,2047792,0.00038715,133.00000000,1
1531215906157,1531215906151,2047793,0.00038643,18.00000000,1
1531215906157,1531215906151,2047794,0.00038639,52.00000000,1
1531215909079,1531215909074,2047795,0.00038640,230.00000000,1
1531215912313,1531215912308,2047796,0.00038639,48.00000000,1
1531215914985,1531215914981,2047797,0.00038452,78.00000000,1
1531215914985,1531215914981,2047798,0.00038451,15.00000000,1
1531215914985,1531215914981,2047799,0.00038448,53.00000000,1
1531215915065,1531215915060,2047800,0.00038791,4.00000000,0
1531215915065,1531215915060,2047801,0.00038792,18.00000000,0
1531215915065,1531215915060,2047802,0.00038832,230.00000000,0
1531215915810,1531215915806,2047803,0.00038833,19.00000000,0
1531215915810,1531215915806,2047804,0.00038834,3.00000000,0
1531215915810,1531215915806,2047805,0.00038842,153.00000000,0
1531215915810,1531215915806,2047806,0.00038843,300.00000000,0
1531215916031,1531215916027,2047807,0.00038843,25.00000000,1
1531215916031,1531215916027,2047808,0.00038832,14.00000000,1
1531215921048,1531215921044,2047809,0.00038832,76.00000000,1
1531215921155,1531215921151,2047810,0.00038832,21.00000000,1
1531215924389,1531215924384,2047811,0.00038451,68.00000000,1
1531215928602,1531215928598,2047812,0.00038464,91.00000000,1
1531215928602,1531215928598,2047813,0.00038462,1.00000000,1
1531215931422,1531215931416,2047814,0.00038473,10.00000000,1
1531215931422,1531215931416,2047815,0.00038471,91.00000000,1
1531215931422,1531215931416,2047816,0.00038470,43.00000000,1
1531215931422,1531215931416,2047817,0.00038469,43.00000000,1
1531215931422,1531215931416,2047818,0.00038465,187.00000000,1
1531215931451,1531215931447,2047819,0.00038462,12.00000000,0
1531215933631,1531215933626,2047820,0.00038476,69.00000000,1
1531215937069,1531215937065,2047821,0.00038489,26.00000000,1
1531215937069,1531215937065,2047822,0.00038488,11.00000000,1
1531215937112,1531215937107,2047823,0.00038476,20.00000000,0
1531215940284,1531215940281,2047824,0.00038476,471.00000000,0
1531215940284,1531215940281,2047825,0.00038679,100.00000000,0
1531215941229,1531215941224,2047826,0.00038457,161.00000000,1
1531215946453,1531215946450,2047827,0.00038650,4.00000000,0
1531215947001,1531215946997,2047828,0.00038465,21.00000000,1
1531215947001,1531215946997,2047829,0.00038461,16.00000000,1
1531215947001,1531215946997,2047830,0.00038455,38.00000000,1
1531215947030,1531215947026,2047831,0.00038457,21.00000000,0
1531215947057,1531215947053,2047832,0.00038457,8.00000000,0
1531215947077,1531215947073,2047833,0.00038455,21.00000000,1
1531215948328,1531215948325,2047834,0.00038455,16.00000000,1
1531215948950,1531215948947,2047835,0.00038455,43.00000000,1
1531215949907,1531215949903,2047836,0.00038457,308.00000000,0
1531215950041,1531215950038,2047837,0.00038476,68.00000000,1
1531215961470,1531215961465,2047838,0.00038478,88.00000000,1
1531215961470,1531215961465,2047839,0.00038476,44.00000000,1
1531215965039,1531215965028,2047840,0.00038476,80.00000000,1
1531215965039,1531215965028,2047841,0.00038455,199.00000000,1
1531215965039,1531215965028,2047842,0.00038443,25.00000000,1
1531215965039,1531215965028,2047843,0.00038434,92.00000000,1
1531215965039,1531215965028,2047844,0.00038395,30.00000000,1
1531215965039,1531215965028,2047845,0.00038379,15.00000000,1
1531215965039,1531215965028,2047846,0.00038306,3.00000000,1
1531215965039,1531215965028,2047847,0.00038302,31.00000000,1
1531215965039,1531215965028,2047848,0.00038300,6.00000000,1
1531215965039,1531215965028,2047849,0.00038249,15.00000000,1
1531215965039,1531215965028,2047850,0.00038240,89.00000000,1
1531215965039,1531215965028,2047851,0.00038176,13.00000000,1
1531215965039,1531215965028,2047852,0.00038156,4.00000000,1
1531215965039,1531215965028,2047853,0.00038143,4.00000000,1
1531215965039,1531215965028,2047854,0.00038120,37.00000000,1
1531215965039,1531215965028,2047855,0.00038117,11.00000000,1
1531215965039,1531215965028,2047856,0.00038103,429.00000000,1
1531215965039,1531215965028,2047857,0.00038102,50.00000000,1
1531215965039,1531215965028,2047858,0.00038100,333.00000000,1
1531215965385,1531215965382,2047859,0.00038448,4.00000000,0
1531215965611,1531215965606,2047860,0.00038476,4.00000000,1
1531215965738,1531215965734,2047861,0.00038476,11.00000000,1
1531215967048,1531215967045,2047862,0.00038476,17.00000000,1
1531215971202,1531215971197,2047863,0.00038183,92.00000000,1
1531215971202,1531215971197,2047864,0.00038181,12.00000000,1
1531215975741,1531215975738,2047865,0.00038424,8.00000000,0
1531215979760,1531215979756,2047866,0.00038191,47.00000000,1
1531215979760,1531215979756,2047867,0.00038189,20.00000000,1
1531215979760,1531215979756,2047868,0.00038177,44.00000000,1
1531215979760,1531215979756,2047869,0.00038108,42.00000000,1
1531215979785,1531215979782,2047870,0.00038419,44.00000000,0
1531215979785,1531215979782,2047871,0.00038420,156.00000000,0
1531215982427,1531215982424,2047872,0.00038415,6.00000000,0
1531216003675,1531216003670,2047873,0.00038129,100.00000000,1
1531216018212,1531216018209,2047874,0.00038378,22.00000000,0
1531216019944,1531216019940,2047875,0.00038376,76.00000000,0
1531216019944,1531216019940,2047876,0.00038377,44.00000000,0
1531216020915,1531216020912,2047877,0.00038376,22.00000000,0
1531216020915,1531216020912,2047878,0.00038377,3.00000000,0
1531216021175,1531216021172,2047879,0.00038377,22.00000000,1
1531216021982,1531216021979,2047880,0.00038378,21.00000000,0
1531216021982,1531216021979,2047881,0.00038390,19.00000000,0
1531216024345,1531216024342,2047882,0.00038390,887.00000000,0
1531216026402,1531216026398,2047883,0.00038390,15.00000000,1
1531216029987,1531216029982,2047884,0.00038397,16.00000000,0
1531216029987,1531216029982,2047885,0.00038420,2612.00000000,0
1531216031165,1531216031161,2047886,0.00038431,14.00000000,0
1531216032167,1531216032163,2047887,0.00038478,13.00000000,0
1531216039518,1531216039514,2047888,0.00038583,8.00000000,0
1531216043430,1531216043425,2047889,0.00038393,12.00000000,1
1531216047063,1531216047059,2047890,0.00038582,6.00000000,0
1531216047071,1531216047067,2047891,0.00038582,6.00000000,0
1531216053274,1531216053269,2047892,0.00038582,269.00000000,0
1531216055964,1531216055960,2047893,0.00038398,6.00000000,1
1531216117167,1531216117163,2047894,0.00038471,15.00000000,0
1531216118170,1531216118166,2047895,0.00038469,15.00000000,0
1531216118170,1531216118166,2047896,0.00038475,15.00000000,0
1531216119257,1531216119252,2047897,0.00038474,6.00000000,0
1531216125185,1531216125181,2047898,0.00038475,30.00000000,0
1531216127165,1531216127160,2047899,0.00038453,15.00000000,0
1531216129181,1531216129176,2047900,0.00038453,16.00000000,0
1531216130175,1531216130172,2047901,0.00038468,15.00000000,0
1531216161169,1531216161165,2047902,0.00038494,15.00000000,0
1531216162324,1531216162319,2047903,0.00038472,15.00000000,0
1531216162324,1531216162319,2047904,0.00038508,15.00000000,0
1531216165329,1531216165324,2047905,0.00038511,92.00000000,0
1531216166184,1531216166179,2047906,0.00038520,25.00000000,0
1531216167174,1531216167170,2047907,0.00038528,18.00000000,0
1531216168338,1531216168334,2047908,0.00038529,44.00000000,0
1531216170325,1531216170321,2047909,0.00038534,30.00000000,0
1531216171175,1531216171172,2047910,0.00038565,11.00000000,0
1531216173313,1531216173309,2047911,0.00038582,85.00000000,0
1531216180319,1531216180314,2047912,0.00038627,5.00000000,0
1531216194327,1531216194322,2047913,0.00038481,5.00000000,1
1531216223431,1531216223425,2047914,0.00038673,5.00000000,0
1531216223431,1531216223425,2047915,0.00038674,6.00000000,0
1531216223431,1531216223425,2047916,0.00038680,7.00000000,0
1531216223431,1531216223425,2047917,0.00038845,28.00000000,0
1531216232474,1531216232469,2047918,0.00038494,2.00000000,1
1531216234120,1531216234116,2047919,0.00038828,1.00000000,0
1531216235054,1531216235051,2047920,0.00038495,149.00000000,1
1531216239549,1531216239544,2047921,0.00038805,18.00000000,0
1531216239549,1531216239544,2047922,0.00038806,149.00000000,0
1531216239549,1531216239544,2047923,0.00038845,10.00000000,0
1531216239549,1531216239544,2047924,0.00038848,149.00000000,0
1531216242534,1531216242530,2047925,0.00038501,18.00000000,1
1531216242534,1531216242530,2047926,0.00038500,100.00000000,1
1531216242534,1531216242530,2047927,0.00038499,3.00000000,1
1531216243174,1531216243169,2047928,0.00038499,33.00000000,0
1531216246174,1531216246170,2047929,0.00038498,127.00000000,0
1531216248523,1531216248518,2047930,0.00038783,18.00000000,0
1531216248523,1531216248518,2047931,0.00038784,7.00000000,0
1531216248680,1531216248677,2047932,0.00038471,126.00000000,1
1531216256435,1531216256430,2047933,0.00038782,26.00000000,0
1531216261032,1531216261028,2047934,0.00038482,149.00000000,1
1531216261032,1531216261028,2047935,0.00038481,4.00000000,1
1531216290840,1531216290837,2047936,0.00038755,126.00000000,0
1531216290840,1531216290837,2047937,0.00038756,4.00000000,0
1531216291011,1531216291006,2047938,0.00038757,137.00000000,1
1531216296701,1531216296697,2047939,0.00038510,18.00000000,1
1531216296701,1531216296697,2047940,0.00038509,17.00000000,1
1531216301315,1531216301313,2047941,0.00038511,11.00000000,1
1531216303850,1531216303844,2047942,0.00038763,8.00000000,0
1531216304855,1531216304850,2047943,0.00038762,11.00000000,0
1531216304855,1531216304850,2047944,0.00038764,12.00000000,0
1531216310475,1531216310470,2047945,0.00038599,35.00000000,0
1531216316891,1531216316887,2047946,0.00038595,27.00000000,0
1531216320934,1531216320929,2047947,0.00038600,9.00000000,0
1531216353126,1531216353121,2047948,0.00038512,1.00000000,1
1531216381878,1531216381868,2047949,0.00038482,17.00000000,1
1531216381878,1531216381868,2047950,0.00038481,296.00000000,1
1531216381878,1531216381868,2047951,0.00038468,3.00000000,1
1531216381878,1531216381868,2047952,0.00038433,11.00000000,1
1531216381878,1531216381868,2047953,0.00038390,255.00000000,1
1531216381878,1531216381868,2047954,0.00038389,11.00000000,1
1531216381878,1531216381868,2047955,0.00038363,25.00000000,1
1531216381878,1531216381868,2047956,0.00038355,16.00000000,1
1531216381878,1531216381868,2047957,0.00038301,15.00000000,1
1531216381878,1531216381868,2047958,0.00038300,6.00000000,1
1531216381878,1531216381868,2047959,0.00038285,70.00000000,1
1531216381878,1531216381868,2047960,0.00038271,5.00000000,1
1531216381878,1531216381868,2047961,0.00038269,12.00000000,1
1531216381878,1531216381868,2047962,0.00038261,13.00000000,1
1531216381878,1531216381868,2047963,0.00038255,16.00000000,1
1531216381878,1531216381868,2047964,0.00038246,135.00000000,1
1531216381878,1531216381868,2047965,0.00038242,5.00000000,1
1531216381878,1531216381868,2047966,0.00038235,10.00000000,1
1531216381878,1531216381868,2047967,0.00038233,206.00000000,1
1531216381878,1531216381868,2047968,0.00038227,25.00000000,1
1531216400144,1531216400138,2047969,0.00038218,5.00000000,1
1531216400144,1531216400138,2047970,0.00038214,5.00000000,1
1531216400144,1531216400138,2047971,0.00038199,14.00000000,1
1531216400144,1531216400138,2047972,0.00038170,1.00000000,1
1531216401538,1531216401533,2047973,0.00038383,206.00000000,0
1531216401982,1531216401978,2047974,0.00038393,14.00000000,1
1531216402004,1531216401999,2047975,0.00038393,112.00000000,1
1531216410256,1531216410252,2047976,0.00038394,25.00000000,0
1531216410256,1531216410252,2047977,0.00038465,143.00000000,0
1531216410256,1531216410252,2047978,0.00038466,32.00000000,0
1531216414265,1531216414261,2047979,0.00038465,4.00000000,0
1531216421563,1531216421558,2047980,0.00038465,147.00000000,0
1531216428632,1531216428628,2047981,0.00038393,5.00000000,1
1531216457243,1531216457239,2047982,0.00038393,5.00000000,1
1531216481726,1531216481720,2047983,0.00038393,20.00000000,1
1531216511315,1531216511311,2047984,0.00038471,4.00000000,0
1531216523895,1531216523891,2047985,0.00038393,38.00000000,1
1531216523895,1531216523891,2047986,0.00038201,234.00000000,1
1531216523895,1531216523891,2047987,0.00038200,673.00000000,1
1531216531041,1531216531036,2047988,0.00038471,26.00000000,0
1531216547299,1531216547294,2047989,0.00038299,70.00000000,0
1531216595701,1531216595696,2047990,0.00038299,7.00000000,0
1531216600666,1531216600661,2047991,0.00038299,3.00000000,0
1531216601111,1531216601106,2047992,0.00038299,18.00000000,0
1531216619435,1531216619431,2047993,0.00038299,206.00000000,0
1531216621238,1531216621233,2047994,0.00038300,70.00000000,0
1531216623367,1531216623360,2047995,0.00038322,135.00000000,0
1531216624371,1531216624366,2047996,0.00038332,16.00000000,0
1531216627923,1531216627918,2047997,0.00038432,5.00000000,0
1531216667096,1531216667092,2047998,0.00038399,2.00000000,0
1531216667360,1531216667357,2047999,0.00038399,110.00000000,0
1531216667360,1531216667357,2048000,0.00038400,326.00000000,0
1531216681304,1531216681299,2048001,0.00038432,11.00000000,0
1531216686218,1531216686214,2048002,0.00038466,11.00000000,0
1531216700675,1531216700671,2048003,0.00038479,1.00000000,0
1531216704873,1531216704868,2048004,0.00038479,11.00000000,0
1531216704873,1531216704868,2048005,0.00038515,75.00000000,0
1531216707233,1531216707230,2048006,0.00038531,25.00000000,0
1531216711360,1531216711356,2048007,0.00038547,5.00000000,0
1531216724314,1531216724310,2048008,0.00038562,13.00000000,0
1531216743489,1531216743485,2048009,0.00038582,39.00000000,0
1531216746236,1531216746231,2048010,0.00038582,23.00000000,0
1531216756001,1531216755997,2048011,0.00038558,2.00000000,0
1531216763650,1531216763646,2048012,0.00038558,239.00000000,0
1531216772253,1531216772249,2048013,0.00038515,14.00000000,1
1531216772253,1531216772249,2048014,0.00038437,277.00000000,1
1531216772253,1531216772249,2048015,0.00038433,9.00000000,1
1531216776370,1531216776366,2048016,0.00038434,16.00000000,1
1531216776370,1531216776366,2048017,0.00038433,160.00000000,1
1531216802342,1531216802339,2048018,0.00038557,16.00000000,0
1531216802343,1531216802339,2048019,0.00038558,83.00000000,0
1531216802343,1531216802339,2048020,0.00038582,155.00000000,0
1531216805648,1531216805643,2048021,0.00038434,6.00000000,1
1531216811553,1531216811549,2048022,0.00038433,16.00000000,1
1531216811553,1531216811549,2048023,0.00038432,62.00000000,1
1531216815092,1531216815088,2048024,0.00038432,13.00000000,1
1531216817802,1531216817798,2048025,0.00038432,190.00000000,1
1531216830165,1531216830161,2048026,0.00038434,5.00000000,1
1531216830165,1531216830161,2048027,0.00038432,127.00000000,1
1531216832510,1531216832506,2048028,0.00038432,4.00000000,0
1531216853258,1531216853255,2048029,0.00038414,112.00000000,1
1531216854243,1531216854239,2048030,0.00038414,50.00000000,1
1531216854243,1531216854239,2048031,0.00038400,14.00000000,1
1531216856008,1531216856004,2048032,0.00038432,26.00000000,0
1531216856249,1531216856246,2048033,0.00038400,50.00000000,1
1531216860906,1531216860901,2048034,0.00038432,800.00000000,0
1531216880983,1531216880978,2048035,0.00038432,39.00000000,0
1531216880983,1531216880978,2048036,0.00038578,6.00000000,0
1531216880983,1531216880978,2048037,0.00038582,255.00000000,0
1531216912481,1531216912477,2048038,0.00038582,69.00000000,0
1531216912481,1531216912477,2048039,0.00038585,6.00000000,0
1531216912481,1531216912477,2048040,0.00038600,11.00000000,0
1531216917734,1531216917723,2048041,0.00038600,2.00000000,0
1531216917734,1531216917723,2048042,0.00038680,7.00000000,0
1531216917734,1531216917723,2048043,0.00038693,46.00000000,0
1531216917734,1531216917723,2048044,0.00038713,10.00000000,0
1531216917734,1531216917723,2048045,0.00038777,6.00000000,0
1531216917734,1531216917723,2048046,0.00038848,3.00000000,0
1531216917734,1531216917723,2048047,0.00038859,15.00000000,0
1531216917734,1531216917723,2048048,0.00038900,150.00000000,0
1531216917734,1531216917723,2048049,0.00038969,6.00000000,0
1531216917734,1531216917723,2048050,0.00039004,5.00000000,0
1531216917734,1531216917723,2048051,0.00039059,52.00000000,0
1531216917734,1531216917723,2048052,0.00039150,363.00000000,0
1531216917734,1531216917723,2048053,0.00039159,589.00000000,0
1531216917734,1531216917723,2048054,0.00039169,15.00000000,0
1531216917734,1531216917723,2048055,0.00039199,103.00000000,0
1531216917734,1531216917723,2048056,0.00039207,156.00000000,0
1531216917734,1531216917723,2048057,0.00039224,96.00000000,0
1531216917734,1531216917723,2048058,0.00039240,16.00000000,0
1531216917734,1531216917723,2048059,0.00039259,104.00000000,0
1531216917734,1531216917723,2048060,0.00039265,15.00000000,0
1531216917734,1531216917723,2048061,0.00039284,67.00000000,0
1531216918189,1531216918185,2048062,0.00038702,18.00000000,1
1531216919356,1531216919351,2048063,0.00038850,4.00000000,1
1531216919481,1531216919476,2048064,0.00038851,17.00000000,1
1531216924201,1531216924197,2048065,0.00038763,223.00000000,1
1531216925466,1531216925461,2048066,0.00038764,10.00000000,1
1531216931817,1531216931813,2048067,0.00038771,3.00000000,1
1531216939470,1531216939465,2048068,0.00038959,226.00000000,0
1531216939470,1531216939465,2048069,0.00038960,44.00000000,0
1531216939470,1531216939465,2048070,0.00038980,20.00000000,0
1531216940930,1531216940924,2048071,0.00038958,17.00000000,0
1531216940930,1531216940924,2048072,0.00038980,5.00000000,0
1531216940930,1531216940924,2048073,0.00039070,6.00000000,0
1531216940930,1531216940924,2048074,0.00039105,3.00000000,0
1531216940930,1531216940924,2048075,0.00039107,4.00000000,0
1531216940930,1531216940924,2048076,0.00039161,3.00000000,0
1531216940930,1531216940924,2048077,0.00039284,59.00000000,0
1531216940930,1531216940924,2048078,0.00039361,122.00000000,0
1531216940930,1531216940924,2048079,0.00039378,37.00000000,0
1531216940930,1531216940924,2048080,0.00039379,32.00000000,0
1531216941229,1531216941225,2048081,0.00039379,12.00000000,0
1531216941229,1531216941225,2048082,0.00039385,1.00000000,0
1531216943039,1531216943035,2048083,0.00038908,3.00000000,1
1531216943039,1531216943035,2048084,0.00038907,9.00000000,1
1531216943912,1531216943906,2048085,0.00038987,13.00000000,1
1531216943912,1531216943906,2048086,0.00038908,4.00000000,1
1531216944632,1531216944627,2048087,0.00038985,15.00000000,1
1531216947112,1531216947107,2048088,0.00038954,11.00000000,1
1531216958157,1531216958153,2048089,0.00038955,15.00000000,1
1531216958302,1531216958297,2048090,0.00038955,96.00000000,1
1531216958302,1531216958297,2048091,0.00038955,134.00000000,1
1531216958625,1531216958621,2048092,0.00038955,3.00000000,1
1531216961975,1531216961971,2048093,0.00038736,4.00000000,1
1531216968262,1531216968256,2048094,0.00038715,5.00000000,1
1531216968278,1531216968274,2048095,0.00038715,23.00000000,0
1531216968326,1531216968320,2048096,0.00038731,3.00000000,0
1531216973273,1531216973269,2048097,0.00038797,5.00000000,0
1531216973273,1531216973269,2048098,0.00038952,17.00000000,0
1531216976556,1531216976551,2048099,0.00038703,71.00000000,1
1531216982289,1531216982285,2048100,0.00038702,5.00000000,1
1531216989830,1531216989826,2048101,0.00038706,69.00000000,1
1531216989830,1531216989826,2048102,0.00038704,26.00000000,1
1531216989830,1531216989826,2048103,0.00038702,28.00000000,1
1531217002168,1531217002164,2048104,0.00038702,209.00000000,1
1531217003264,1531217003259,2048105,0.00038700,33.00000000,1
1531217003308,1531217003303,2048106,0.00038690,30.00000000,1
1531217005263,1531217005258,2048107,0.00038675,14.00000000,1
1531217007267,1531217007262,2048108,0.00038676,44.00000000,1
1531217008260,1531217008254,2048109,0.00038659,5.00000000,1
1531217010249,1531217010245,2048110,0.00038630,11.00000000,1
1531217019215,1531217019210,2048111,0.00038675,175.00000000,0
1531217020722,1531217020716,2048112,0.00038673,35.00000000,0
1531217020722,1531217020716,2048113,0.00038674,69.00000000,0
1531217020722,1531217020716,2048114,0.00038702,27.00000000,0
1531217022396,1531217022391,2048115,0.00038701,50.00000000,0
1531217022396,1531217022391,2048116,0.00038702,48.00000000,0
1531217024588,1531217024583,2048117,0.00038702,16.00000000,0
1531217024588,1531217024583,2048118,0.00038822,26.00000000,0
1531217024588,1531217024583,2048119,0.00038823,11.00000000,0
1531217024588,1531217024583,2048120,0.00038830,21.00000000,0
1531217026200,1531217026194,2048121,0.00038830,91.00000000,0
1531217026200,1531217026194,2048122,0.00038835,5.00000000,0
1531217026200,1531217026194,2048123,0.00038922,14.00000000,0
1531217027670,1531217027666,2048124,0.00038922,16.00000000,0
1531217027670,1531217027666,2048125,0.00039031,11.00000000,0
1531217029276,1531217029272,2048126,0.00039029,20.00000000,0
1531217030932,1531217030927,2048127,0.00039029,15.00000000,0
1531217032372,1531217032368,2048128,0.00039029,3.00000000,0
1531217032558,1531217032554,2048129,0.00039029,3.00000000,0
1531217032558,1531217032554,2048130,0.00039031,3.00000000,0
1531217032558,1531217032554,2048131,0.00039070,6.00000000,0
1531217034090,1531217034084,2048132,0.00039070,36.00000000,0
1531217039886,1531217039882,2048133,0.00038625,3.00000000,1
1531217040650,1531217040647,2048134,0.00038679,1.00000000,1
1531217041081,1531217041077,2048135,0.00038679,1.00000000,1
1531217041916,1531217041912,2048136,0.00038681,1.00000000,1
1531217048379,1531217048375,2048137,0.00038696,2.00000000,1
1531217051798,1531217051794,2048138,0.00038701,16.00000000,1
1531217051798,1531217051794,2048139,0.00038700,222.00000000,1
1531217051798,1531217051794,2048140,0.00038697,16.00000000,1
1531217051798,1531217051794,2048141,0.00038696,24.00000000,1
1531217051798,1531217051794,2048142,0.00038690,22.00000000,1
1531217057210,1531217057207,2048143,0.00038693,2.00000000,1
1531217062846,1531217062841,2048144,0.00039041,1.00000000,0
1531217084219,1531217084216,2048145,0.00038720,104.00000000,1
1531217087337,1531217087334,2048146,0.00038690,67.00000000,1
1531217090508,1531217090504,2048147,0.00038600,82.00000000,1
1531217099210,1531217099204,2048148,0.00038580,7.00000000,1
1531217109661,1531217109658,2048149,0.00038583,134.00000000,1
1531217109661,1531217109658,2048150,0.00038579,23.00000000,1
1531217109661,1531217109658,2048151,0.00038538,77.00000000,1
1531217110104,1531217110099,2048152,0.00038537,15.00000000,0
1531217112299,1531217112295,2048153,0.00038537,16.00000000,0
1531217112671,1531217112667,2048154,0.00038537,1.00000000,0
1531217112671,1531217112667,2048155,0.00038538,18.00000000,0
1531217112726,1531217112722,2048156,0.00038538,18.00000000,0
1531217114217,1531217114212,2048157,0.00038538,26.00000000,0
1531217123525,1531217123519,2048158,0.00038461,31.00000000,1
1531217123525,1531217123519,2048159,0.00038422,72.00000000,1
1531217132610,1531217132606,2048160,0.00038532,9.00000000,0
1531217146850,1531217146845,2048161,0.00038532,200.00000000,0
1531217147992,1531217147989,2048162,0.00038532,12.00000000,0
1531217154996,1531217154992,2048163,0.00038533,5.00000000,0
1531217163264,1531217163258,2048164,0.00038533,45.00000000,0
1531217164984,1531217164979,2048165,0.00038520,5.00000000,1
1531217165919,1531217165915,2048166,0.00038926,26.00000000,0
1531217165919,1531217165915,2048167,0.00038927,11.00000000,0
1531217166058,1531217166054,2048168,0.00038927,2.00000000,0
1531217166058,1531217166054,2048169,0.00038930,1.00000000,0
1531217174896,1531217174892,2048170,0.00038902,5.00000000,0
1531217174896,1531217174892,2048171,0.00038903,7.00000000,0
1531217174896,1531217174892,2048172,0.00038925,8.00000000,0
1531217174896,1531217174892,2048173,0.00038930,3.00000000,0
1531217174896,1531217174892,2048174,0.00039011,241.00000000,0
1531217178354,1531217178350,2048175,0.00038990,9.00000000,0
1531217189998,1531217189994,2048176,0.00038553,4.00000000,1
1531217197931,1531217197928,2048177,0.00038557,232.00000000,1
1531217198460,1531217198456,2048178,0.00038555,16.00000000,0
1531217199110,1531217199106,2048179,0.00038540,4.00000000,1
1531217205449,1531217205444,2048180,0.00038555,32.00000000,0
1531217232604,1531217232600,2048181,0.00038540,34.00000000,1
1531217275019,1531217275005,2048182,0.00038518,12.00000000,1
1531217275019,1531217275005,2048183,0.00038465,19.00000000,1
1531217275019,1531217275005,2048184,0.00038460,14.00000000,1
1531217275019,1531217275005,2048185,0.00038425,63.00000000,1
1531217275019,1531217275005,2048186,0.00038423,5.00000000,1
1531217275019,1531217275005,2048187,0.00038422,831.00000000,1
1531217275019,1531217275005,2048188,0.00038400,18.00000000,1
1531217275019,1531217275005,2048189,0.00038335,15.00000000,1
1531217275019,1531217275005,2048190,0.00038332,15.00000000,1
1531217275019,1531217275005,2048191,0.00038326,5.00000000,1
1531217275019,1531217275005,2048192,0.00038325,11.00000000,1
1531217275019,1531217275005,2048193,0.00038300,6.00000000,1
1531217275019,1531217275005,2048194,0.00038291,6.00000000,1
1531217275019,1531217275005,2048195,0.00038276,5.00000000,1
1531217275019,1531217275005,2048196,0.00038263,51.00000000,1
1531217275019,1531217275005,2048197,0.00038249,15.00000000,1
1531217275019,1531217275005,2048198,0.00038243,6.00000000,1
1531217275019,1531217275005,2048199,0.00038232,30.00000000,1
1531217275019,1531217275005,2048200,0.00038230,16.00000000,1
1531217275019,1531217275005,2048201,0.00038229,70.00000000,1
1531217275019,1531217275005,2048202,0.00038207,295.00000000,1
1531217276137,1531217276133,2048203,0.00038408,38.00000000,0
1531217276137,1531217276133,2048204,0.00038460,6.00000000,0
1531217276137,1531217276133,2048205,0.00038494,15.00000000,0
1531217276166,1531217276160,2048206,0.00038519,6.00000000,1
1531217276169,1531217276165,2048207,0.00038519,5.00000000,1
1531217276265,1531217276261,2048208,0.00038519,2.00000000,1
1531217284077,1531217284072,2048209,0.00038306,11.00000000,0
1531217298511,1531217298506,2048210,0.00038212,7.00000000,1
1531217298511,1531217298506,2048211,0.00038208,40.00000000,1
1531217300074,1531217300069,2048212,0.00038208,232.00000000,1
1531217304670,1531217304665,2048213,0.00038208,260.00000000,1
1531217304670,1531217304665,2048214,0.00038178,1730.00000000,1
1531217304700,1531217304695,2048215,0.00038178,10.00000000,0
1531217325741,1531217325735,2048216,0.00038164,5.00000000,1
1531217332321,1531217332317,2048217,0.00038274,26.00000000,0
1531217357094,1531217357068,2048218,0.00038164,16.00000000,1
1531217357094,1531217357068,2048219,0.00038163,262.00000000,1
1531217357094,1531217357068,2048220,0.00038152,3.00000000,1
1531217357094,1531217357068,2048221,0.00038100,25.00000000,1
1531217357094,1531217357068,2048222,0.00038054,15.00000000,1
1531217357094,1531217357068,2048223,0.00038024,6.00000000,1
1531217357094,1531217357068,2048224,0.00038000,111.00000000,1
1531217357094,1531217357068,2048225,0.00037998,13.00000000,1
1531217357094,1531217357068,2048226,0.00037988,68.00000000,1
1531217357094,1531217357068,2048227,0.00037966,15.00000000,1
1531217357094,1531217357068,2048228,0.00037964,155.00000000,1
1531217357094,1531217357068,2048229,0.00037963,3.00000000,1
1531217357094,1531217357068,2048230,0.00037962,39.00000000,1
1531217357094,1531217357068,2048231,0.00037961,32.00000000,1
1531217357094,1531217357068,2048232,0.00037959,16.00000000,1
1531217357094,1531217357068,2048233,0.00037958,16.00000000,1
1531217357094,1531217357068,2048234,0.00037932,3.00000000,1
1531217357094,1531217357068,2048235,0.00037923,95.00000000,1
1531217357094,1531217357068,2048236,0.00037920,152.00000000,1
1531217357094,1531217357068,2048237,0.00037917,86.00000000,1
1531217357094,1531217357068,2048238,0.00037906,345.00000000,1
1531217357094,1531217357068,2048239,0.00037902,15.00000000,1
1531217357094,1531217357068,2048240,0.00037900,7.00000000,1
1531217357094,1531217357068,2048241,0.00037895,54.00000000,1
1531217357094,1531217357068,2048242,0.00037885,48.00000000,1
1531217357094,1531217357068,2048243,0.00037877,30.00000000,1
1531217357094,1531217357068,2048244,0.00037870,16.00000000,1
1531217357094,1531217357068,2048245,0.00037869,13.00000000,1
1531217357094,1531217357068,2048246,0.00037868,16.00000000,1
1531217357094,1531217357068,2048247,0.00037863,3.00000000,1
1531217357094,1531217357068,2048248,0.00037850,841.00000000,1
1531217357094,1531217357068,2048249,0.00037847,52.00000000,1
1531217357094,1531217357068,2048250,0.00037845,15.00000000,1
1531217357094,1531217357068,2048251,0.00037840,5.00000000,1
1531217357094,1531217357068,2048252,0.00037832,18.00000000,1
1531217357094,1531217357068,2048253,0.00037831,15.00000000,1
1531217357094,1531217357068,2048254,0.00037829,87.00000000,1
1531217357094,1531217357068,2048255,0.00037821,3.00000000,1
1531217357094,1531217357068,2048256,0.00037813,23.00000000,1
1531217357094,1531217357068,2048257,0.00037812,3.00000000,1
1531217357094,1531217357068,2048258,0.00037808,12.00000000,1
1531217357094,1531217357068,2048259,0.00037806,957.00000000,1
1531217357094,1531217357068,2048260,0.00037802,52.00000000,1
1531217357094,1531217357068,2048261,0.00037800,6.00000000,1
1531217357094,1531217357068,2048262,0.00037798,20.00000000,1
1531217357094,1531217357068,2048263,0.00037795,11.00000000,1
1531217357094,1531217357068,2048264,0.00037792,15.00000000,1
1531217357094,1531217357068,2048265,0.00037791,10.00000000,1
1531217357094,1531217357068,2048266,0.00037785,22.00000000,1
1531217357094,1531217357068,2048267,0.00037780,438.00000000,1
1531217357094,1531217357068,2048268,0.00037772,6.00000000,1
1531217357094,1531217357068,2048269,0.00037771,14.00000000,1
1531217357094,1531217357068,2048270,0.00037770,25.00000000,1
1531217357094,1531217357068,2048271,0.00037766,15.00000000,1
1531217357094,1531217357068,2048272,0.00037763,117.00000000,1
1531217357094,1531217357068,2048273,0.00037757,12.00000000,1
1531217357094,1531217357068,2048274,0.00037753,60.00000000,1
1531217357094,1531217357068,2048275,0.00037750,10.00000000,1
1531217357094,1531217357068,2048276,0.00037748,16.00000000,1
1531217357094,1531217357068,2048277,0.00037740,8.00000000,1
1531217357094,1531217357068,2048278,0.00037736,3.00000000,1
1531217357094,1531217357068,2048279,0.00037735,14.00000000,1
1531217357094,1531217357068,2048280,0.00037732,12.00000000,1
1531217357094,1531217357068,2048281,0.00037731,16.00000000,1
1531217357094,1531217357068,2048282,0.00037730,16.00000000,1
1531217357094,1531217357068,2048283,0.00037728,40.00000000,1
1531217357094,1531217357068,2048284,0.00037724,4.00000000,1
1531217357094,1531217357068,2048285,0.00037716,16.00000000,1
1531217357094,1531217357068,2048286,0.00037715,6.00000000,1
1531217357094,1531217357068,2048287,0.00037712,6.00000000,1
1531217357094,1531217357068,2048288,0.00037703,6.00000000,1
1531217357118,1531217357113,2048289,0.00037700,143.00000000,0
1531217357120,1531217357117,2048290,0.00037700,26.00000000,0
1531217357122,1531217357117,2048291,0.00037800,32.00000000,0
1531217357145,1531217357141,2048292,0.00037698,6.00000000,1
1531217357145,1531217357141,2048293,0.00037696,3.00000000,1
1531217357145,1531217357141,2048294,0.00037695,3.00000000,1
1531217357145,1531217357141,2048295,0.00037694,14.00000000,1
1531217357190,1531217357187,2048296,0.00037800,83.00000000,0
1531217357190,1531217357187,2048297,0.00037800,127.00000000,0
1531217357205,1531217357201,2048298,0.00037800,268.00000000,0
1531217357218,1531217357215,2048299,0.00037800,7.00000000,0
1531217357218,1531217357215,2048300,0.00037800,16.00000000,0
1531217357246,1531217357241,2048301,0.00037800,150.00000000,0
1531217357260,1531217357254,2048302,0.00037800,36.00000000,0
1531217357690,1531217357685,2048303,0.00038000,32.00000000,0
1531217359157,1531217359153,2048304,0.00037904,15.00000000,0
1531217360558,1531217360555,2048305,0.00037903,13.00000000,0
1531217361344,1531217361341,2048306,0.00037893,6.00000000,0
1531217361698,1531217361693,2048307,0.00037855,10.00000000,0
1531217362764,1531217362761,2048308,0.00037802,21.00000000,1
1531217362932,1531217362927,2048309,0.00037854,3.00000000,0
1531217362932,1531217362927,2048310,0.00037855,3.00000000,0
1531217362932,1531217362927,2048311,0.00037902,4.00000000,0
1531217364138,1531217364133,2048312,0.00037902,5.00000000,0
1531217365333,1531217365328,2048313,0.00037803,16.00000000,1
1531217365333,1531217365328,2048314,0.00037801,23.00000000,1
1531217366097,1531217366092,2048315,0.00037801,3.00000000,1
1531217366406,1531217366400,2048316,0.00037876,117.00000000,0
1531217366406,1531217366400,2048317,0.00037901,37.00000000,0
1531217366406,1531217366400,2048318,0.00037902,5.00000000,0
1531217368491,1531217368486,2048319,0.00037931,16.00000000,0
1531217368988,1531217368984,2048320,0.00037931,46.00000000,0
1531217369532,1531217369526,2048321,0.00037931,7.00000000,0
1531217375930,1531217375926,2048322,0.00037902,3.00000000,1
1531217389455,1531217389450,2048323,0.00037840,13.00000000,0
1531217394107,1531217394102,2048324,0.00037903,4.00000000,0
1531217401276,1531217401273,2048325,0.00037806,11.00000000,1
1531217406609,1531217406605,2048326,0.00037827,5.00000000,1
1531217407342,1531217407338,2048327,0.00037827,3.00000000,1
1531217410029,1531217410025,2048328,0.00037827,9.00000000,1
1531217411435,1531217411431,2048329,0.00037829,6.00000000,0
1531217412732,1531217412727,2048330,0.00037827,29.00000000,1
1531217412797,1531217412792,2048331,0.00037857,11.00000000,0
1531217415459,1531217415454,2048332,0.00037810,3.00000000,0
1531217416313,1531217416309,2048333,0.00037903,3.00000000,0
1531217416424,1531217416420,2048334,0.00037903,1.00000000,0
1531217416499,1531217416495,2048335,0.00037903,1.00000000,0
1531217416734,1531217416731,2048336,0.00037903,1.00000000,0
1531217417324,1531217417320,2048337,0.00037827,46.00000000,0
1531217422704,1531217422699,2048338,0.00037885,10.00000000,0
1531217426782,1531217426777,2048339,0.00037807,16.00000000,1
1531217434069,1531217434065,2048340,0.00037871,1.00000000,0
1531217435612,1531217435607,2048341,0.00037818,28.00000000,1
1531217436404,1531217436401,2048342,0.00037818,28.00000000,1
1531217439932,1531217439928,2048343,0.00037818,70.00000000,1
1531217440852,1531217440847,2048344,0.00037817,4.00000000,0
1531217441797,1531217441792,2048345,0.00037807,6.00000000,1
1531217443852,1531217443847,2048346,0.00037807,4.00000000,1
1531217459461,1531217459457,2048347,0.00037807,7.00000000,1
1531217459732,1531217459728,2048348,0.00037807,6.00000000,1
1531217459912,1531217459907,2048349,0.00037807,29.00000000,1
1531217462473,1531217462469,2048350,0.00037808,3.00000000,0
1531217472976,1531217472970,2048351,0.00037808,2.00000000,0
1531217473004,1531217473000,2048352,0.00037808,235.00000000,0
1531217473004,1531217473000,2048353,0.00037810,31.00000000,0
1531217473004,1531217473000,2048354,0.00037818,173.00000000,0
1531217490601,1531217490595,2048355,0.00037818,36.00000000,1
1531217491356,1531217491352,2048356,0.00037818,25.00000000,1
1531217492676,1531217492672,2048357,0.00037818,17.00000000,0
1531217492767,1531217492764,2048358,0.00037818,4.00000000,0
1531217497699,1531217497696,2048359,0.00037864,100.00000000,0
1531217499305,1531217499299,2048360,0.00037864,12.00000000,0
1531217509317,1531217509312,2048361,0.00037836,7.00000000,0
1531217514022,1531217514018,2048362,0.00037865,4.00000000,0
1531217523247,1531217523242,2048363,0.00037812,30.00000000,1
1531217523247,1531217523242,2048364,0.00037807,132.00000000,1
1531217523247,1531217523242,2048365,0.00037800,13.00000000,1
1531217523247,1531217523242,2048366,0.00037784,3.00000000,1
1531217523247,1531217523242,2048367,0.00037678,68.00000000,1
1531217523247,1531217523242,2048368,0.00037675,3.00000000,1
1531217523247,1531217523242,2048369,0.00037650,712.00000000,1
1531217523247,1531217523242,2048370,0.00037621,1100.00000000,1
1531217524040,1531217524035,2048371,0.00037623,94.00000000,1
1531217524040,1531217524035,2048372,0.00037621,143.00000000,1
1531217525319,1531217525315,2048373,0.00037812,58.00000000,1
1531217530955,1531217530947,2048374,0.00037628,34.00000000,1
1531217530955,1531217530947,2048375,0.00037627,16.00000000,1
1531217530955,1531217530947,2048376,0.00037621,152.00000000,1
1531217530955,1531217530947,2048377,0.00037600,30.00000000,1
1531217530955,1531217530947,2048378,0.00037584,5.00000000,1
1531217530955,1531217530947,2048379,0.00037567,14.00000000,1
1531217530955,1531217530947,2048380,0.00037566,21.00000000,1
1531217530955,1531217530947,2048381,0.00037557,398.00000000,1
1531217530955,1531217530947,2048382,0.00037554,15.00000000,1
1531217530955,1531217530947,2048383,0.00037550,1160.00000000,1
1531217530955,1531217530947,2048384,0.00037548,100.00000000,1
1531217530955,1531217530947,2048385,0.00037532,3.00000000,1
1531217530955,1531217530947,2048386,0.00037502,100.00000000,1
1531217530955,1531217530947,2048387,0.00037500,65.00000000,1
1531217530955,1531217530947,2048388,0.00037500,40.00000000,1
1531217530956,1531217530947,2048389,0.00037485,11.00000000,1
1531217530956,1531217530947,2048390,0.00037484,19.00000000,1
1531217530969,1531217530965,2048391,0.00037500,299.00000000,0
1531217530999,1531217530995,2048392,0.00037484,6.00000000,1
1531217534299,1531217534295,2048393,0.00037715,5.00000000,0
1531217538201,1531217538193,2048394,0.00037671,19.00000000,0
1531217538201,1531217538193,2048395,0.00037672,11.00000000,0
1531217538201,1531217538193,2048396,0.00037675,12.00000000,0
1531217538201,1531217538193,2048397,0.00037677,9.00000000,0
1531217538201,1531217538193,2048398,0.00037713,31.00000000,0
1531217538201,1531217538193,2048399,0.00037783,10.00000000,0
1531217538201,1531217538193,2048400,0.00037869,15.00000000,0
1531217538201,1531217538193,2048401,0.00037872,8.00000000,0
1531217538201,1531217538193,2048402,0.00037873,43.00000000,0
1531217538201,1531217538193,2048403,0.00037878,5.00000000,0
1531217538201,1531217538193,2048404,0.00037880,7.00000000,0
1531217538201,1531217538193,2048405,0.00037883,15.00000000,0
1531217538201,1531217538193,2048406,0.00037901,3.00000000,0
1531217538201,1531217538193,2048407,0.00037923,11.00000000,0
1531217538201,1531217538193,2048408,0.00037938,41.00000000,0
1531217538779,1531217538775,2048409,0.00037634,7.00000000,0
1531217539278,1531217539273,2048410,0.00037519,51.00000000,1
1531217539278,1531217539273,2048411,0.00037518,94.00000000,1
1531217539278,1531217539273,2048412,0.00037517,19.00000000,1
1531217539278,1531217539273,2048413,0.00037516,29.00000000,1
1531217539278,1531217539273,2048414,0.00037512,175.00000000,1
1531217539278,1531217539273,2048415,0.00037508,27.00000000,1
1531217539278,1531217539273,2048416,0.00037507,16.00000000,1
1531217539435,1531217539430,2048417,0.00037507,23.00000000,1
1531217539435,1531217539430,2048418,0.00037504,29.00000000,1
1531217541661,1531217541657,2048419,0.00037523,20.00000000,1
1531217542380,1531217542375,2048420,0.00037525,23.00000000,1
1531217542738,1531217542734,2048421,0.00037637,6.00000000,0
1531217544470,1531217544465,2048422,0.00037675,1.00000000,0
1531217546435,1531217546428,2048423,0.00037528,94.00000000,1
1531217546435,1531217546428,2048424,0.00037526,121.00000000,1
1531217546435,1531217546428,2048425,0.00037523,11.00000000,1
1531217546435,1531217546428,2048426,0.00037500,87.00000000,1
1531217546435,1531217546428,2048427,0.00037484,28.00000000,1
1531217546435,1531217546428,2048428,0.00037481,17.00000000,1
1531217546435,1531217546428,2048429,0.00037477,16.00000000,1
1531217546435,1531217546428,2048430,0.00037462,12.00000000,1
1531217546435,1531217546428,2048431,0.00037426,14.00000000,1
1531217546435,1531217546428,2048432,0.00037400,19.00000000,1
1531217547407,1531217547403,2048433,0.00037674,27.00000000,0
1531217548089,1531217548085,2048434,0.00037613,14.00000000,0
1531217552359,1531217552355,2048435,0.00037675,69.00000000,0
1531217554138,1531217554134,2048436,0.00037539,95.00000000,1
1531217554138,1531217554134,2048437,0.00037537,94.00000000,1
1531217554138,1531217554134,2048438,0.00037536,19.00000000,1
1531217554138,1531217554134,2048439,0.00037535,46.00000000,1
1531217554771,1531217554767,2048440,0.00037701,16.00000000,0
1531217557185,1531217557179,2048441,0.00037613,252.00000000,0
1531217557219,1531217557215,2048442,0.00037613,17.00000000,0
1531217558603,1531217558599,2048443,0.00037699,3.00000000,0
1531217558603,1531217558599,2048444,0.00037700,3.00000000,0
1531217562238,1531217562232,2048445,0.00037613,17.00000000,1
1531217562238,1531217562232,2048446,0.00037400,338.00000000,1
1531217563454,1531217563450,2048447,0.00037404,25.00000000,1
1531217563748,1531217563743,2048448,0.00037404,24.00000000,1
1531217564566,1531217564560,2048449,0.00037407,25.00000000,1
1531217565063,1531217565058,2048450,0.00037407,25.00000000,1
1531217569538,1531217569530,2048451,0.00037417,41.00000000,1
1531217569538,1531217569530,2048452,0.00037416,77.00000000,1
1531217569538,1531217569530,2048453,0.00037415,27.00000000,1
1531217569538,1531217569530,2048454,0.00037413,71.00000000,1
1531217569538,1531217569530,2048455,0.00037410,20.00000000,1
1531217569538,1531217569530,2048456,0.00037409,35.00000000,1
1531217569538,1531217569530,2048457,0.00037400,139.00000000,1
1531217569538,1531217569530,2048458,0.00037399,15.00000000,1
1531217569538,1531217569530,2048459,0.00037398,21.00000000,1
1531217569538,1531217569530,2048460,0.00037397,172.00000000,1
1531217569538,1531217569530,2048461,0.00037396,53.00000000,1
1531217569538,1531217569530,2048462,0.00037370,85.00000000,1
1531217570657,1531217570652,2048463,0.00037418,139.00000000,1
1531217570657,1531217570652,2048464,0.00037370,138.00000000,1
1531217571806,1531217571799,2048465,0.00037409,3.00000000,0
1531217576314,1531217576311,2048466,0.00037372,26.00000000,0
1531217577030,1531217577025,2048467,0.00037372,26.00000000,0
1531217577051,1531217577047,2048468,0.00037370,139.00000000,1
1531217577283,1531217577278,2048469,0.00037372,26.00000000,1
1531217577283,1531217577278,2048470,0.00037370,358.00000000,1
1531217577287,1531217577282,2048471,0.00037407,6.00000000,0
1531217578284,1531217578280,2048472,0.00037370,71.00000000,1
1531217578307,1531217578303,2048473,0.00037371,17.00000000,0
1531217580604,1531217580600,2048474,0.00037370,168.00000000,1
1531217583343,1531217583340,2048475,0.00037370,108.00000000,1
1531217584877,1531217584872,2048476,0.00037407,54.00000000,0
1531217584877,1531217584872,2048477,0.00037409,3.00000000,0
1531217584877,1531217584872,2048478,0.00037600,15.00000000,0
1531217584877,1531217584872,2048479,0.00037614,10.00000000,0
1531217584877,1531217584872,2048480,0.00037662,6.00000000,0
1531217584877,1531217584872,2048481,0.00037688,753.00000000,0
1531217584877,1531217584872,2048482,0.00037691,750.00000000,0
1531217584877,1531217584872,2048483,0.00037692,584.00000000,0
1531217585073,1531217585068,2048484,0.00037372,138.00000000,1
1531217585073,1531217585068,2048485,0.00037371,133.00000000,1
1531217585593,1531217585589,2048486,0.00037541,3.00000000,1
1531217585892,1531217585888,2048487,0.00037690,17.00000000,0
1531217585892,1531217585888,2048488,0.00037692,7.00000000,0
1531217588365,1531217588361,2048489,0.00037375,3.00000000,1
1531217588571,1531217588566,2048490,0.00037375,125.00000000,1
1531217588886,1531217588881,2048491,0.00037690,5.00000000,0
1531217589201,1531217589197,2048492,0.00037376,5.00000000,1
1531217589207,1531217589202,2048493,0.00037690,2.00000000,0
1531217591422,1531217591418,2048494,0.00037378,3.00000000,1
1531217591780,1531217591776,2048495,0.00037379,186.00000000,1
1531217591780,1531217591776,2048496,0.00037378,80.00000000,1
1531217591990,1531217591984,2048497,0.00037688,3.00000000,0
1531217593227,1531217593224,2048498,0.00037687,26.00000000,0
1531217593718,1531217593713,2048499,0.00037687,13.00000000,0
1531217600719,1531217600714,2048500,0.00037386,352.00000000,1
1531217601762,1531217601758,2048501,0.00037386,265.00000000,1
1531217601762,1531217601758,2048502,0.00037385,39.00000000,1
1531217601762,1531217601758,2048503,0.00037370,315.00000000,1
1531217607866,1531217607861,2048504,0.00037391,94.00000000,1
1531217607866,1531217607861,2048505,0.00037389,87.00000000,1
1531217607866,1531217607861,2048506,0.00037370,134.00000000,1
1531217618206,1531217618201,2048507,0.00037374,27.00000000,1
1531217618206,1531217618201,2048508,0.00037373,17.00000000,1
1531217618206,1531217618201,2048509,0.00037370,356.00000000,1
1531217619386,1531217619379,2048510,0.00037631,83.00000000,0
1531217619386,1531217619379,2048511,0.00037632,17.00000000,0
1531217619386,1531217619379,2048512,0.00037633,135.00000000,0
1531217619386,1531217619379,2048513,0.00037635,87.00000000,0
1531217619386,1531217619379,2048514,0.00037636,16.00000000,0
1531217619386,1531217619379,2048515,0.00037657,128.00000000,0
1531217619386,1531217619379,2048516,0.00037663,1113.00000000,0
1531217627051,1531217627047,2048517,0.00037663,11.00000000,1
1531217627162,1531217627157,2048518,0.00037663,42.00000000,1
1531217627162,1531217627157,2048519,0.00037399,17.00000000,1
1531217627162,1531217627157,2048520,0.00037370,155.00000000,1
1531217627339,1531217627335,2048521,0.00037371,276.00000000,1
1531217627339,1531217627335,2048522,0.00037370,381.00000000,1
1531217633892,1531217633886,2048523,0.00037377,102.00000000,1
1531217633892,1531217633886,2048524,0.00037375,76.00000000,1
1531217633892,1531217633886,2048525,0.00037370,260.00000000,1
1531217638336,1531217638333,2048526,0.00037371,9.00000000,1
1531217640715,1531217640710,2048527,0.00037663,3.00000000,0
1531217669460,1531217669456,2048528,0.00037371,4.00000000,1
1531217669510,1531217669506,2048529,0.00037371,45.00000000,0
1531217671741,1531217671737,2048530,0.00037371,1.00000000,0
1531217671741,1531217671737,2048531,0.00037552,27.00000000,0
1531217671741,1531217671737,2048532,0.00037553,9.00000000,0
1531217671741,1531217671737,2048533,0.00037555,48.00000000,0
1531217674128,1531217674123,2048534,0.00037552,3.00000000,0
1531217676480,1531217676476,2048535,0.00037551,40.00000000,0
1531217677952,1531217677946,2048536,0.00037549,20.00000000,0
1531217682221,1531217682215,2048537,0.00037370,332.00000000,1
1531217682374,1531217682370,2048538,0.00037370,64.00000000,0
1531217682601,1531217682598,2048539,0.00037370,32.00000000,0
1531217683326,1531217683321,2048540,0.00037369,256.00000000,0
1531217683716,1531217683711,2048541,0.00037370,100.00000000,0
1531217685416,1531217685389,2048542,0.00037361,10.00000000,1
1531217685464,1531217685460,2048543,0.00037361,66.00000000,0
1531217685464,1531217685460,2048544,0.00037370,255.00000000,0
1531217685826,1531217685821,2048545,0.00037370,33.00000000,0
1531217687473,1531217687469,2048546,0.00037370,33.00000000,0
1531217693534,1531217693531,2048547,0.00037397,11.00000000,0
1531217704738,1531217704731,2048548,0.00037351,38.00000000,1
1531217704738,1531217704731,2048549,0.00037350,4.00000000,1
1531217704738,1531217704731,2048550,0.00037339,11.00000000,1
1531217704738,1531217704731,2048551,0.00037336,4.00000000,1
1531217704738,1531217704731,2048552,0.00037333,3.00000000,1
1531217704738,1531217704731,2048553,0.00037331,5.00000000,1
1531217704738,1531217704731,2048554,0.00037330,7.00000000,1
1531217704738,1531217704731,2048555,0.00037300,35.00000000,1
1531217704738,1531217704731,2048556,0.00037285,100.00000000,1
1531217705567,1531217705563,2048557,0.00037329,8.00000000,0
1531217706831,1531217706827,2048558,0.00037300,3.00000000,1
1531217707066,1531217707060,2048559,0.00037329,22.00000000,0
1531217707471,1531217707467,2048560,0.00037300,15.00000000,1
1531217707647,1531217707643,2048561,0.00037300,11.00000000,1
1531217708464,1531217708459,2048562,0.00037328,8.00000000,0
1531217710072,1531217710066,2048563,0.00037330,138.00000000,0
1531217710303,1531217710297,2048564,0.00037330,48.00000000,0
1531217711320,1531217711315,2048565,0.00037331,79.00000000,0
1531217711924,1531217711919,2048566,0.00037301,53.00000000,1
1531217711924,1531217711919,2048567,0.00037300,14.00000000,1
1531217711924,1531217711919,2048568,0.00037285,139.00000000,1
1531217716405,1531217716400,2048569,0.00037300,300.00000000,0
1531217716430,1531217716425,2048570,0.00037285,26.00000000,1
1531217720360,1531217720355,2048571,0.00037286,35.00000000,1
1531217720360,1531217720355,2048572,0.00037285,6.00000000,1
1531217720360,1531217720355,2048573,0.00037247,205.00000000,1
1531217720360,1531217720355,2048574,0.00037230,98.00000000,1
1531217720360,1531217720355,2048575,0.00037225,3.00000000,1
1531217720360,1531217720355,2048576,0.00037200,136.00000000,1
1531217720389,1531217720385,2048577,0.00037247,161.00000000,0
1531217720405,1531217720400,2048578,0.00037247,14.00000000,0
1531217720456,1531217720451,2048579,0.00037247,35.00000000,1
1531217721428,1531217721423,2048580,0.00037431,13.00000000,0
1531217723261,1531217723255,2048581,0.00037393,6.00000000,0
1531217724465,1531217724460,2048582,0.00037357,15.00000000,0
1531217725529,1531217725524,2048583,0.00037318,46.00000000,1
1531217726314,1531217726310,2048584,0.00037356,15.00000000,0
1531217727321,1531217727317,2048585,0.00037319,8.00000000,0
1531217728540,1531217728535,2048586,0.00037318,93.00000000,1
1531217728540,1531217728535,2048587,0.00037247,38.00000000,1
1531217728540,1531217728535,2048588,0.00037200,77.00000000,1
1531217732491,1531217732487,2048589,0.00037201,7.00000000,1
1531217736175,1531217736170,2048590,0.00037201,42.00000000,1
1531217736175,1531217736170,2048591,0.00037200,11.00000000,1
1531217736175,1531217736170,2048592,0.00037170,29.00000000,1
1531217736175,1531217736170,2048593,0.00037167,17.00000000,1
1531217736175,1531217736170,2048594,0.00037158,5.00000000,1
1531217736175,1531217736170,2048595,0.00037152,21.00000000,1
1531217736175,1531217736170,2048596,0.00037107,274.00000000,1
1531217736175,1531217736170,2048597,0.00037107,16.00000000,1
1531217738523,1531217738518,2048598,0.00037316,195.00000000,0
1531217738523,1531217738518,2048599,0.00037317,70.00000000,0
1531217738523,1531217738518,2048600,0.00037318,21.00000000,0
1531217738523,1531217738518,2048601,0.00037456,10.00000000,0
1531217738523,1531217738518,2048602,0.00037504,5.00000000,0
1531217738523,1531217738518,2048603,0.00037548,97.00000000,0
1531217738623,1531217738618,2048604,0.00037315,11.00000000,0
1531217740551,1531217740547,2048605,0.00037249,60.00000000,1
1531217740551,1531217740547,2048606,0.00037248,11.00000000,1
1531217740551,1531217740547,2048607,0.00037202,20.00000000,1
1531217741169,1531217741165,2048608,0.00037548,22.00000000,0
1531217742875,1531217742871,2048609,0.00037284,16.00000000,1
1531217742875,1531217742871,2048610,0.00037283,139.00000000,1
1531217742875,1531217742871,2048611,0.00037202,40.00000000,1
1531217742875,1531217742871,2048612,0.00037201,100.00000000,1
1531217742875,1531217742871,2048613,0.00037108,19.00000000,1
1531217743936,1531217743929,2048614,0.00037546,74.00000000,0
1531217744793,1531217744789,2048615,0.00037472,13.00000000,0
1531217745031,1531217745027,2048616,0.00037162,2.00000000,1
1531217745224,1531217745218,2048617,0.00037163,17.00000000,1
1531217745224,1531217745218,2048618,0.00037162,1.00000000,1
1531217745839,1531217745834,2048619,0.00037470,16.00000000,0
1531217746192,1531217746186,2048620,0.00037470,14.00000000,0
1531217747837,1531217747831,2048621,0.00037470,34.00000000,0
1531217747914,1531217747910,2048622,0.00037167,9.00000000,1
1531217751058,1531217751052,2048623,0.00037395,8.00000000,0
1531217751299,1531217751292,2048624,0.00037174,65.00000000,1
1531217751299,1531217751292,2048625,0.00037170,51.00000000,1
1531217751299,1531217751292,2048626,0.00037169,50.00000000,1
1531217751299,1531217751292,2048627,0.00037165,5.00000000,1
1531217751299,1531217751292,2048628,0.00037127,180.00000000,1
1531217751299,1531217751292,2048629,0.00037108,110.00000000,1
1531217751610,1531217751580,2048630,0.00037110,5.00000000,1
1531217753235,1531217753232,2048631,0.00037393,133.00000000,0
1531217755962,1531217755956,2048632,0.00037174,16.00000000,1
1531217755962,1531217755956,2048633,0.00037173,5.00000000,1
1531217755962,1531217755956,2048634,0.00037171,23.00000000,1
1531217756066,1531217756061,2048635,0.00037171,5.00000000,1
1531217757884,1531217757880,2048636,0.00037243,18.00000000,0
1531217760209,1531217760205,2048637,0.00037300,4.00000000,0
1531217760294,1531217760290,2048638,0.00037300,106.00000000,0
1531217761335,1531217761329,2048639,0.00037297,62.00000000,0
1531217763324,1531217763320,2048640,0.00037273,68.00000000,0
1531217765323,1531217765319,2048641,0.00037297,66.00000000,0
1531217767321,1531217767317,2048642,0.00037295,51.00000000,0
1531217768472,1531217768468,2048643,0.00037296,17.00000000,0
1531217770252,1531217770248,2048644,0.00037261,3.00000000,1
1531217771096,1531217771093,2048645,0.00037263,123.00000000,1
1531217780135,1531217780131,2048646,0.00037278,36.00000000,1
1531217784806,1531217784801,2048647,0.00037528,18.00000000,0
1531217795318,1531217795313,2048648,0.00037377,44.00000000,0
1531217799003,1531217798998,2048649,0.00037506,26.00000000,0
1531217799328,1531217799323,2048650,0.00037506,1.00000000,0
1531217821565,1531217821561,2048651,0.00037493,12.00000000,0
1531217822615,1531217822610,2048652,0.00037492,12.00000000,0
1531217823508,1531217823503,2048653,0.00037492,12.00000000,0
1531217824549,1531217824544,2048654,0.00037492,12.00000000,0
1531217825444,1531217825441,2048655,0.00037492,12.00000000,0
1531217826341,1531217826336,2048656,0.00037492,12.00000000,0
1531217827388,1531217827384,2048657,0.00037492,12.00000000,0
1531217828289,1531217828285,2048658,0.00037492,12.00000000,0
1531217829340,1531217829335,2048659,0.00037492,12.00000000,0
1531217830381,1531217830377,2048660,0.00037492,12.00000000,0
1531217862551,1531217862546,2048661,0.00037474,10.00000000,0
1531217867802,1531217867798,2048662,0.00037474,22.00000000,0
1531217869231,1531217869227,2048663,0.00037474,2.00000000,1
1531217871304,1531217871299,2048664,0.00037302,16.00000000,1
1531217871304,1531217871299,2048665,0.00037301,191.00000000,1
1531217885680,1531217885674,2048666,0.00037189,26.00000000,1
1531217896678,1531217896674,2048667,0.00037462,26.00000000,0
1531217913217,1531217913213,2048668,0.00037326,16.00000000,1
1531217913217,1531217913213,2048669,0.00037200,5.00000000,1
1531217913217,1531217913213,2048670,0.00037188,5.00000000,1
1531217913217,1531217913213,2048671,0.00037113,6.00000000,1
1531217913308,1531217913304,2048672,0.00037113,5.00000000,1
1531217915387,1531217915383,2048673,0.00037451,16.00000000,0
1531217915412,1531217915408,2048674,0.00037452,68.00000000,1
1531217927095,1531217927090,2048675,0.00037338,3.00000000,0
1531217927985,1531217927980,2048676,0.00037325,60.00000000,1
1531217928592,1531217928586,2048677,0.00037337,9.00000000,0
1531217936790,1531217936785,2048678,0.00037398,5.00000000,0
1531217940221,1531217940217,2048679,0.00037390,7.00000000,0
1531217940541,1531217940536,2048680,0.00037390,39.00000000,0
1531217960018,1531217960013,2048681,0.00037363,148.00000000,1
1531217966435,1531217966430,2048682,0.00037354,27.00000000,0
1531217966455,1531217966451,2048683,0.00037354,6.00000000,0
1531217966474,1531217966468,2048684,0.00037354,27.00000000,0
1531217966499,1531217966495,2048685,0.00037354,28.00000000,0
1531217972296,1531217972290,2048686,0.00037354,13.00000000,0
1531217978749,1531217978744,2048687,0.00037351,53.00000000,0
1531217982091,1531217982086,2048688,0.00037343,96.00000000,0
1531217982091,1531217982086,2048689,0.00037352,25.00000000,0
1531217983865,1531217983859,2048690,0.00037364,28.00000000,1
1531217983865,1531217983859,2048691,0.00037255,8.00000000,1
1531218000738,1531218000733,2048692,0.00037378,26.00000000,0
1531218004922,1531218004917,2048693,0.00037378,3.00000000,0
1531218008187,1531218008182,2048694,0.00037378,10.00000000,0
1531218008187,1531218008182,2048695,0.00037379,45.00000000,0
1531218008187,1531218008182,2048696,0.00037384,25.00000000,0
1531218009332,1531218009327,2048697,0.00037384,87.00000000,0
1531218011055,1531218011050,2048698,0.00037385,8.00000000,0
1531218011055,1531218011050,2048699,0.00037415,5.00000000,0
1531218013338,1531218013334,2048700,0.00037415,17.00000000,0
1531218014564,1531218014560,2048701,0.00037415,1.00000000,1
1531218015463,1531218015458,2048702,0.00037420,41.00000000,0
1531218020951,1531218020946,2048703,0.00037464,13.00000000,0
1531218021477,1531218021473,2048704,0.00037464,87.00000000,0
1531218022470,1531218022465,2048705,0.00037450,13.00000000,0
1531218023343,1531218023338,2048706,0.00037450,12.00000000,0
1531218033899,1531218033895,2048707,0.00037548,13.00000000,0
1531218035447,1531218035442,2048708,0.00037548,26.00000000,0
1531218037991,1531218037987,2048709,0.00037548,13.00000000,0
1531218042363,1531218042359,2048710,0.00037548,13.00000000,0
1531218045279,1531218045275,2048711,0.00037548,13.00000000,0
1531218047011,1531218047006,2048712,0.00037416,17.00000000,1
1531218047015,1531218047011,2048713,0.00037416,1.00000000,1
1531218047033,1531218047028,2048714,0.00037415,20.00000000,1
1531218047034,1531218047028,2048715,0.00037415,30.00000000,1
1531218047034,1531218047028,2048716,0.00037255,4.00000000,1
1531218047034,1531218047028,2048717,0.00037116,16.00000000,1
1531218047070,1531218047065,2048718,0.00037116,14.00000000,1
1531218047070,1531218047065,2048719,0.00037115,54.00000000,1
1531218047374,1531218047368,2048720,0.00037416,17.00000000,0
1531218047374,1531218047368,2048721,0.00037547,18.00000000,0
1531218047374,1531218047368,2048722,0.00037548,94.00000000,0
1531218047374,1531218047368,2048723,0.00037558,16.00000000,0
1531218047374,1531218047368,2048724,0.00037634,3.00000000,0
1531218047374,1531218047368,2048725,0.00037689,16.00000000,0
1531218047374,1531218047368,2048726,0.00037761,12.00000000,0
1531218047374,1531218047368,2048727,0.00037805,11.00000000,0
1531218050488,1531218050483,2048728,0.00037385,4.00000000,0
1531218054366,1531218054361,2048729,0.00037298,18.00000000,1
1531218054366,1531218054361,2048730,0.00037297,4.00000000,1
1531218062095,1531218062089,2048731,0.00037301,211.00000000,1
1531218062095,1531218062089,2048732,0.00037300,21.00000000,1
1531218062095,1531218062089,2048733,0.00037299,27.00000000,1
1531218062095,1531218062089,2048734,0.00037297,2.00000000,1
1531218062095,1531218062089,2048735,0.00037173,5.00000000,1
1531218062095,1531218062089,2048736,0.00037149,604.00000000,1
1531218062095,1531218062089,2048737,0.00037148,532.00000000,1
1531218062095,1531218062089,2048738,0.00037115,941.00000000,1
1531218062110,1531218062104,2048739,0.00037115,140.00000000,1
1531218063150,1531218063147,2048740,0.00037118,138.00000000,1
1531218063150,1531218063147,2048741,0.00037100,7.00000000,1
1531218063173,1531218063170,2048742,0.00037100,349.00000000,0
1531218063174,1531218063170,2048743,0.00037100,95.00000000,0
1531218063183,1531218063179,2048744,0.00037100,40.00000000,0
1531218063186,1531218063183,2048745,0.00037100,20.00000000,0
1531218063188,1531218063184,2048746,0.00037100,117.00000000,0
1531218063196,1531218063192,2048747,0.00037100,349.00000000,0
1531218063299,1531218063296,2048748,0.00037100,66.00000000,0
1531218063340,1531218063335,2048749,0.00037100,1440.00000000,0
1531218063374,1531218063371,2048750,0.00037100,624.00000000,0
1531218067163,1531218067158,2048751,0.00037099,11.00000000,1
1531218067173,1531218067169,2048752,0.00037099,10.00000000,1
1531218067890,1531218067885,2048753,0.00037100,4.00000000,0
1531218069575,1531218069572,2048754,0.00037099,16.00000000,1
1531218069640,1531218069635,2048755,0.00037099,204.00000000,1
1531218070236,1531218070231,2048756,0.00037085,15.00000000,1
1531218070236,1531218070231,2048757,0.00037070,134.00000000,1
1531218070236,1531218070231,2048758,0.00037061,10.00000000,1
1531218070236,1531218070231,2048759,0.00037045,3.00000000,1
1531218070236,1531218070231,2048760,0.00037005,108.00000000,1
1531218070236,1531218070231,2048761,0.00037000,283.00000000,1
1531218070236,1531218070231,2048762,0.00037000,106.00000000,1
1531218070238,1531218070231,2048763,0.00037000,1866.00000000,1
1531218070238,1531218070231,2048764,0.00037000,101.00000000,1
1531218070260,1531218070256,2048765,0.00037064,155.00000000,1
1531218070260,1531218070256,2048766,0.00037000,714.00000000,1
1531218071398,1531218071393,2048767,0.00037002,42.00000000,1
1531218071620,1531218071616,2048768,0.00037061,14.00000000,0
1531218072030,1531218072026,2048769,0.00037061,182.00000000,0
1531218072059,1531218072055,2048770,0.00037061,29.00000000,0
1531218072936,1531218072931,2048771,0.00037000,87.00000000,1
1531218073194,1531218073190,2048772,0.00037001,13.00000000,1
1531218073488,1531218073484,2048773,0.00037024,5.00000000,0
1531218074014,1531218074008,2048774,0.00037001,37.00000000,1
1531218074014,1531218074008,2048775,0.00037000,1195.00000000,1
1531218080461,1531218080457,2048776,0.00037000,1182.00000000,1
1531218081716,1531218081709,2048777,0.00036985,10.00000000,1
1531218081716,1531218081709,2048778,0.00036951,7.00000000,1
1531218081716,1531218081709,2048779,0.00036932,3.00000000,1
1531218081716,1531218081709,2048780,0.00036914,5.00000000,1
1531218081716,1531218081709,2048781,0.00036878,135.00000000,1
1531218081716,1531218081709,2048782,0.00036876,4.00000000,1
1531218081716,1531218081709,2048783,0.00036835,25.00000000,1
1531218081716,1531218081709,2048784,0.00036828,6.00000000,1
1531218081716,1531218081709,2048785,0.00036808,16.00000000,1
1531218081716,1531218081709,2048786,0.00036793,10.00000000,1
1531218081716,1531218081709,2048787,0.00036778,4.00000000,1
1531218081716,1531218081709,2048788,0.00036767,20.00000000,1
1531218081716,1531218081709,2048789,0.00036764,13.00000000,1
1531218081716,1531218081709,2048790,0.00036752,297.00000000,1
1531218081733,1531218081728,2048791,0.00036779,6.00000000,0
1531218081733,1531218081728,2048792,0.00036900,13.00000000,0
1531218081733,1531218081729,2048793,0.00036900,182.00000000,0
1531218081737,1531218081733,2048794,0.00036900,168.00000000,0
1531218081752,1531218081747,2048795,0.00036900,19.00000000,0
1531218081760,1531218081757,2048796,0.00036900,3.00000000,0
1531218082349,1531218082344,2048797,0.00036794,46.00000000,1
1531218082400,1531218082396,2048798,0.00036792,39.00000000,0
1531218082591,1531218082587,2048799,0.00036792,33.00000000,0
1531218082591,1531218082587,2048800,0.00036793,7.00000000,0
1531218083092,1531218083088,2048801,0.00036765,42.00000000,1
1531218083276,1531218083272,2048802,0.00036793,13.00000000,0
1531218083381,1531218083377,2048803,0.00036793,32.00000000,0
1531218083442,1531218083437,2048804,0.00036793,40.00000000,0
1531218083768,1531218083762,2048805,0.00036793,82.00000000,0
1531218083768,1531218083762,2048806,0.00036826,15.00000000,0
1531218083768,1531218083762,2048807,0.00036900,58.00000000,0
1531218083957,1531218083952,2048808,0.00036765,11.00000000,1
1531218084014,1531218084008,2048809,0.00036765,13.00000000,1
1531218084104,1531218084099,2048810,0.00036765,15.00000000,1
1531218084341,1531218084337,2048811,0.00036765,86.00000000,1
1531218084505,1531218084501,2048812,0.00036765,5.00000000,1
1531218085342,1531218085337,2048813,0.00036752,16.00000000,1
1531218085568,1531218085564,2048814,0.00036752,1.00000000,1
1531218085883,1531218085879,2048815,0.00036752,168.00000000,1
1531218086679,1531218086674,2048816,0.00036798,86.00000000,0
1531218086742,1531218086737,2048817,0.00036798,52.00000000,0
1531218087408,1531218087403,2048818,0.00036798,61.00000000,1
1531218087408,1531218087403,2048819,0.00036752,289.00000000,1
1531218087983,1531218087978,2048820,0.00036752,11.00000000,1
1531218088005,1531218088000,2048821,0.00036752,20.00000000,1
1531218088099,1531218088093,2048822,0.00036799,23.00000000,0
1531218090904,1531218090900,2048823,0.00036752,100.00000000,1
1531218091449,1531218091444,2048824,0.00036895,4.00000000,0
1531218093745,1531218093740,2048825,0.00036752,3.00000000,1
1531218093942,1531218093938,2048826,0.00036752,3.00000000,1
1531218094170,1531218094166,2048827,0.00036752,17.00000000,1
1531218094212,1531218094204,2048828,0.00036752,5.00000000,1
1531218095073,1531218095068,2048829,0.00036770,16.00000000,1
1531218095073,1531218095068,2048830,0.00036752,35.00000000,1
