event_time,trade_time,trade_id,price,quantity,maker
1531210846162,1531210846158,1174603,0.00010362,28.00000000,1
1531210846162,1531210846158,1174604,0.00010361,24.00000000,1
1531210846162,1531210846158,1174605,0.00010359,77.00000000,1
1531210846162,1531210846158,1174606,0.00010315,33.00000000,1
1531210848001,1531210847996,1174607,0.00010300,8.00000000,0
1531210852082,1531210852077,1174608,0.00010299,49.00000000,0
1531210861669,1531210861664,1174609,0.00010299,5.00000000,0
1531210866184,1531210866181,1174610,0.00010299,10.00000000,0
1531210878247,1531210878244,1174611,0.00010299,141.00000000,0
1531210888155,1531210888148,1174612,0.00010300,10.00000000,0
1531210892515,1531210892512,1174613,0.00010314,77.00000000,0
1531210892515,1531210892512,1174614,0.00010316,28.00000000,0
1531210892515,1531210892512,1174615,0.00010373,33.00000000,0
1531210892515,1531210892512,1174616,0.00010413,24.00000000,0
1531210892515,1531210892512,1174617,0.00010415,102.00000000,0
1531210909524,1531210909520,1174618,0.00010317,24.00000000,1
1531210909524,1531210909520,1174619,0.00010316,110.00000000,1
1531210909524,1531210909520,1174620,0.00010291,186.00000000,1
1531210929354,1531210929355,1174621,0.00010312,43.00000000,0
1531210948454,1531210948449,1174622,0.00010312,10.00000000,0
1531211183808,1531211183804,1174623,0.00010312,133.00000000,0
1531211198028,1531211198025,1174624,0.00010324,77.00000000,0
1531211491351,1531211491347,1174625,0.00010303,146.00000000,1
1531211704994,1531211704989,1174626,0.00010303,52.00000000,1
1531211719935,1531211719930,1174627,0.00010301,109.00000000,1
1531211812446,1531211812442,1174628,0.00010348,43.00000000,0
1531211812446,1531211812442,1174629,0.00010357,68.00000000,0
1531212631040,1531212631036,1174630,0.00010330,29.00000000,1
1531212631040,1531212631036,1174631,0.00010329,77.00000000,1
1531212631040,1531212631036,1174632,0.00010324,38.00000000,1
1531212669356,1531212669351,1174633,0.00010368,15.00000000,0
1531212723304,1531212723297,1174634,0.00010368,10.00000000,0
1531213123750,1531213123747,1174635,0.00010368,156.00000000,0
1531213125325,1531213125323,1174636,0.00010368,155.00000000,0
1531213302931,1531213302927,1174637,0.00010369,1.00000000,0
1531213303562,1531213303558,1174638,0.00010369,76.00000000,0
1531213340282,1531213340277,1174639,0.00010371,10.00000000,0
1531213723053,1531213723050,1174640,0.00010321,19.00000000,1
1531213965197,1531213965192,1174641,0.00010368,10.00000000,0
1531214887097,1531214887092,1174642,0.00010266,29.00000000,1
1531214988674,1531214988671,1174643,0.00010267,513.00000000,1
1531214988914,1531214988909,1174644,0.00010266,49.00000000,0
1531215126551,1531215126547,1174645,0.00010357,10.00000000,0
1531215169494,1531215169489,1174646,0.00010357,9.00000000,0
1531215169494,1531215169489,1174647,0.00010358,1.00000000,0
1531215189257,1531215189253,1174648,0.00010355,10.00000000,0
1531215579392,1531215579388,1174649,0.00010296,29.00000000,1
1531215579392,1531215579388,1174650,0.00010295,77.00000000,1
1531215579392,1531215579388,1174651,0.00010251,8.00000000,1
1531215604899,1531215604895,1174652,0.00010340,20.00000000,0
1531215606835,1531215606830,1174653,0.00010303,77.00000000,1
1531215606835,1531215606830,1174654,0.00010251,2.00000000,1
1531215606835,1531215606830,1174655,0.00010218,24.00000000,1
1531215606835,1531215606830,1174656,0.00010211,57.00000000,1
1531215607787,1531215607783,1174657,0.00010262,42.00000000,0
1531215608395,1531215608391,1174658,0.00010262,15.00000000,0
1531215629329,1531215629324,1174659,0.00010206,93.00000000,1
1531215643429,1531215643425,1174660,0.00010215,398.00000000,1
1531215643429,1531215643425,1174661,0.00010204,78.00000000,1
1531215643429,1531215643425,1174662,0.00010203,30.00000000,1
1531215643429,1531215643425,1174663,0.00010200,20.00000000,1
1531215643429,1531215643425,1174664,0.00010184,23.00000000,1
1531215643429,1531215643425,1174665,0.00010181,441.00000000,1
1531215643654,1531215643651,1174666,0.00010181,28.00000000,0
1531215644319,1531215644314,1174667,0.00010178,89.00000000,1
1531215644655,1531215644651,1174668,0.00010232,275.00000000,0
1531215653725,1531215653720,1174669,0.00010212,166.00000000,0
1531215659318,1531215659314,1174670,0.00010225,52.00000000,0
1531215669061,1531215669057,1174671,0.00010226,78.00000000,0
1531215672380,1531215672376,1174672,0.00010203,93.00000000,1
1531215701366,1531215701361,1174673,0.00010291,10.00000000,0
1531215721320,1531215721316,1174674,0.00010288,10.00000000,0
1531215744290,1531215744287,1174675,0.00010275,10.00000000,0
1531215759343,1531215759339,1174676,0.00010268,106.00000000,0
1531215760463,1531215760458,1174677,0.00010267,116.00000000,0
1531215764526,1531215764522,1174678,0.00010266,10.00000000,0
1531215771684,1531215771678,1174679,0.00010262,342.00000000,0
1531215775135,1531215775130,1174680,0.00010263,64.00000000,0
1531215887750,1531215887745,1174681,0.00010250,36.00000000,0
1531215891600,1531215891595,1174682,0.00010201,30.00000000,1
1531215898907,1531215898904,1174683,0.00010250,36.00000000,0
1531215919721,1531215919717,1174684,0.00010250,26.00000000,0
1531215933950,1531215933946,1174685,0.00010261,264.00000000,0
1531215946593,1531215946589,1174686,0.00010261,49.00000000,0
1531215959901,1531215959897,1174687,0.00010262,36.00000000,0
1531216509269,1531216509264,1174688,0.00010243,48.00000000,0
1531216511364,1531216511358,1174689,0.00010243,350.00000000,0
1531216511839,1531216511835,1174690,0.00010244,78.00000000,0
1531216515546,1531216515541,1174691,0.00010262,83.00000000,0
1531216515635,1531216515631,1174692,0.00010262,68.00000000,0
1531216515749,1531216515744,1174693,0.00010300,83.00000000,0
1531216556301,1531216556297,1174694,0.00010262,15.00000000,1
1531216556301,1531216556297,1174695,0.00010261,29.00000000,1
1531216556301,1531216556297,1174696,0.00010260,63.00000000,1
1531216775700,1531216775695,1174697,0.00010260,15.00000000,1
1531217965877,1531217965873,1174698,0.00010213,41.00000000,1
1531218209321,1531218209317,1174699,0.00010233,10.00000000,1
1531218324910,1531218324904,1174700,0.00010233,33.00000000,1
1531218337176,1531218337172,1174701,0.00010213,31.00000000,1
1531218540630,1531218540626,1174702,0.00010213,6.00000000,1
1531218542266,1531218542261,1174703,0.00010213,19.00000000,0
1531218640694,1531218640689,1174704,0.00010206,352.00000000,1
1531218640694,1531218640689,1174705,0.00010205,2.00000000,1
1531219028313,1531219028308,1174706,0.00010206,82.00000000,1
1531219029300,1531219029295,1174707,0.00010205,159.00000000,1
1531219031386,1531219031382,1174708,0.00010205,16.00000000,1
1531219543206,1531219543201,1174709,0.00010205,17.00000000,1
1531219947792,1531219947786,1174710,0.00010227,12.00000000,0
1531219986891,1531219986887,1174711,0.00010205,2.00000000,1
1531219987467,1531219987461,1174712,0.00010205,2.00000000,1
1531220249594,1531220249592,1174713,0.00010205,7.00000000,1
1531220455162,1531220455157,1174714,0.00010189,33.00000000,1
1531220456267,1531220456265,1174715,0.00010189,22.00000000,1
1531220734603,1531220734598,1174716,0.00010189,23.00000000,1
1531220753942,1531220753936,1174717,0.00010170,93.00000000,1
1531220754705,1531220754702,1174718,0.00010170,1.00000000,1
1531220755250,1531220755245,1174719,0.00010188,70.00000000,0
1531220850285,1531220850280,1174720,0.00010170,89.00000000,1
1531220854004,1531220853999,1174721,0.00010170,14.00000000,1
1531220854004,1531220853999,1174722,0.00010159,79.00000000,1
1531220854004,1531220853999,1174723,0.00010136,632.00000000,1
1531220854030,1531220854026,1174724,0.00010136,261.00000000,0
1531220854037,1531220854031,1174725,0.00010136,14.00000000,0
1531220854858,1531220854852,1174726,0.00010172,246.00000000,1
1531220854862,1531220854857,1174727,0.00010136,246.00000000,1
1531220854878,1531220854873,1174728,0.00010136,1.00000000,1
1531220857289,1531220857283,1174729,0.00010136,14.00000000,1
1531220857577,1531220857571,1174730,0.00010136,1.00000000,1
1531220857577,1531220857571,1174731,0.00010123,10.00000000,1
1531220859235,1531220859231,1174732,0.00010152,16.00000000,0
1531220868038,1531220868034,1174733,0.00010101,17.00000000,1
1531220868102,1531220868098,1174734,0.00010101,24.00000000,1
1531220874660,1531220874654,1174735,0.00010101,93.00000000,1
1531220875177,1531220875172,1174736,0.00010101,66.00000000,1
1531220875177,1531220875172,1174737,0.00010092,28.00000000,1
1531220875178,1531220875172,1174738,0.00010092,2.00000000,1
1531220875178,1531220875172,1174739,0.00010086,19.00000000,1
1531220875178,1531220875172,1174740,0.00010037,10.00000000,1
1531220875178,1531220875172,1174741,0.00010030,222.00000000,1
1531220875178,1531220875172,1174742,0.00010005,1110.00000000,1
1531220875561,1531220875557,1174743,0.00010015,317.00000000,1
1531220875561,1531220875557,1174744,0.00010007,156.00000000,1
1531220875581,1531220875576,1174745,0.00010007,93.00000000,1
1531220877041,1531220877035,1174746,0.00010125,2.00000000,0
1531220877847,1531220877841,1174747,0.00010010,3.00000000,1
1531220881020,1531220881015,1174748,0.00010017,74.00000000,1
1531220883345,1531220883340,1174749,0.00010099,28.00000000,0
1531220892219,1531220892215,1174750,0.00010081,79.00000000,0
1531220897938,1531220897933,1174751,0.00010080,585.00000000,0
1531220897959,1531220897954,1174752,0.00010080,410.00000000,0
1531220901246,1531220901240,1174753,0.00010080,173.00000000,1
1531220901328,1531220901326,1174754,0.00010022,174.00000000,1
1531220902754,1531220902750,1174755,0.00010023,94.00000000,1
1531220904365,1531220904362,1174756,0.00010077,10.00000000,0
1531220908732,1531220908726,1174757,0.00010049,13.00000000,0
1531220911106,1531220911103,1174758,0.00010048,406.00000000,0
1531220911106,1531220911103,1174759,0.00010049,37.00000000,0
1531220914453,1531220914448,1174760,0.00010048,30.00000000,0
1531220918401,1531220918394,1174761,0.00010064,2.00000000,0
1531220918702,1531220918697,1174762,0.00010064,2.00000000,0
1531220922544,1531220922539,1174763,0.00010039,11.00000000,1
1531220934111,1531220934107,1174764,0.00010041,155.00000000,0
1531220935354,1531220935345,1174765,0.00010040,91.00000000,1
1531220936004,1531220935998,1174766,0.00010040,76.00000000,1
1531220936004,1531220935998,1174767,0.00010039,48.00000000,1
1531220938426,1531220938421,1174768,0.00010064,25.00000000,0
1531220939767,1531220939761,1174769,0.00010064,35.00000000,0
1531220964481,1531220964477,1174770,0.00010044,409.00000000,1
1531220986805,1531220986799,1174771,0.00010042,369.00000000,0
1531220986805,1531220986799,1174772,0.00010043,123.00000000,0
1531220986805,1531220986799,1174773,0.00010044,292.00000000,0
1531220986805,1531220986799,1174774,0.00010064,15.00000000,0
1531220986946,1531220986941,1174775,0.00010064,30.00000000,1
1531220995265,1531220995260,1174776,0.00010089,20.00000000,0
1531221018398,1531221018392,1174777,0.00010066,21.00000000,1
1531221034758,1531221034752,1174778,0.00010070,222.00000000,0
1531221140290,1531221140285,1174779,0.00010065,862.00000000,1
1531221141339,1531221141333,1174780,0.00010065,21.00000000,1
1531221150039,1531221150033,1174781,0.00010075,30.00000000,0
1531221154149,1531221154145,1174782,0.00010066,77.00000000,1
1531221164579,1531221164574,1174783,0.00010067,5.00000000,1
1531221179201,1531221179195,1174784,0.00010069,83.00000000,0
1531221306831,1531221306827,1174785,0.00010080,20.00000000,1
1531221306831,1531221306827,1174786,0.00010079,94.00000000,1
1531221307280,1531221307275,1174787,0.00010073,42.00000000,1
1531221307598,1531221307593,1174788,0.00010073,84.00000000,1
1531221466355,1531221466353,1174789,0.00010079,15.00000000,0
1531221523630,1531221523624,1174790,0.00010073,94.00000000,1
1531221533272,1531221533266,1174791,0.00010054,51.00000000,1
1531221549202,1531221549197,1174792,0.00010054,28.00000000,1
1531221549202,1531221549197,1174793,0.00010053,3.00000000,1
1531221553760,1531221553755,1174794,0.00010037,2.00000000,1
1531221631102,1531221631097,1174795,0.00010038,17.00000000,1
1531221815418,1531221815412,1174796,0.00010039,11.00000000,1
1531222032982,1531222032979,1174797,0.00010058,59.00000000,0
1531222042389,1531222042386,1174798,0.00010039,33.00000000,1
1531222219806,1531222219802,1174799,0.00010039,128.00000000,1
1531222258538,1531222258534,1174800,0.00010041,36.00000000,0
1531222290688,1531222290683,1174801,0.00010042,17.00000000,1
1531222309633,1531222309630,1174802,0.00010042,22.00000000,1
1531222318704,1531222318700,1174803,0.00010042,20.00000000,1
1531222318704,1531222318700,1174804,0.00010041,56.00000000,1
1531222318751,1531222318747,1174805,0.00010041,295.00000000,1
1531222343382,1531222343377,1174806,0.00010041,11.00000000,1
1531222367127,1531222367123,1174807,0.00010041,7.00000000,1
1531222387012,1531222387008,1174808,0.00010041,54.00000000,1
1531222387714,1531222387710,1174809,0.00010041,54.00000000,1
1531222448324,1531222448319,1174810,0.00010041,16.00000000,1
1531222448751,1531222448747,1174811,0.00010041,44.00000000,1
1531222478552,1531222478547,1174812,0.00010041,23.00000000,1
1531222478644,1531222478639,1174813,0.00010041,47.00000000,1
1531222541533,1531222541529,1174814,0.00010054,37.00000000,0
1531222541887,1531222541886,1174815,0.00010054,38.00000000,0
1531222607931,1531222607928,1174816,0.00010062,36.00000000,0
1531222629653,1531222629649,1174817,0.00010062,43.00000000,0
1531222630256,1531222630251,1174818,0.00010062,21.00000000,1
1531222665163,1531222665158,1174819,0.00010022,2.00000000,1
1531222665759,1531222665755,1174820,0.00010022,2.00000000,1
1531222699317,1531222699313,1174821,0.00010042,39.00000000,1
1531222707632,1531222707629,1174822,0.00010037,68.00000000,1
1531222718602,1531222718598,1174823,0.00010037,11.00000000,1
1531222718602,1531222718598,1174824,0.00010032,39.00000000,1
1531222727412,1531222727408,1174825,0.00010015,2.00000000,1
1531222737171,1531222737168,1174826,0.00010015,57.00000000,1
1531222763202,1531222763197,1174827,0.00010054,15.00000000,0
1531222776671,1531222776667,1174828,0.00010016,17.00000000,1
1531222776671,1531222776667,1174829,0.00010015,21.00000000,1
1531222776671,1531222776667,1174830,0.00010000,49.00000000,1
1531222776671,1531222776667,1174831,0.00010000,66.00000000,1
1531222778528,1531222778524,1174832,0.00010000,57.00000000,1
1531222821507,1531222821503,1174833,0.00010000,85.00000000,1
1531222821507,1531222821503,1174834,0.00009999,4.00000000,1
1531222839503,1531222839500,1174835,0.00009999,34.00000000,1
1531222841291,1531222841287,1174836,0.00010053,26.00000000,0
1531222855697,1531222855692,1174837,0.00009999,47.00000000,1
1531222856360,1531222856356,1174838,0.00009999,11.00000000,1
1531222856388,1531222856384,1174839,0.00009999,12.00000000,1
1531222858938,1531222858934,1174840,0.00009995,46.00000000,0
1531222858938,1531222858934,1174841,0.00010011,53.00000000,0
1531222861239,1531222861236,1174842,0.00009988,15.00000000,1
1531222861447,1531222861443,1174843,0.00009981,27.00000000,1
1531222870263,1531222870259,1174844,0.00009981,2.00000000,1
1531222891617,1531222891613,1174845,0.00010010,29.00000000,0
1531222923783,1531222923779,1174846,0.00010004,989.00000000,0
1531222923783,1531222923779,1174847,0.00010005,54.00000000,0
1531222923783,1531222923779,1174848,0.00010006,167.00000000,0
1531222923783,1531222923779,1174849,0.00010007,191.00000000,0
1531222923797,1531222923794,1174850,0.00010010,51.00000000,1
1531222923803,1531222923799,1174851,0.00010010,343.00000000,1
1531222923809,1531222923805,1174852,0.00010010,161.00000000,1
1531222924266,1531222924263,1174853,0.00010011,27.00000000,0
1531222926128,1531222926124,1174854,0.00010020,75.00000000,1
1531222926154,1531222926151,1174855,0.00010020,5.00000000,1
1531222926182,1531222926178,1174856,0.00010012,29.00000000,1
1531222926182,1531222926178,1174857,0.00010011,28.00000000,1
1531222926182,1531222926178,1174858,0.00010010,2.00000000,1
1531222926834,1531222926830,1174859,0.00010019,5.00000000,0
1531222930960,1531222930959,1174860,0.00010012,50.00000000,1
1531222941513,1531222941510,1174861,0.00010014,13.00000000,1
1531222941513,1531222941510,1174862,0.00010010,57.00000000,1
1531222952178,1531222952175,1174863,0.00010012,523.00000000,1
1531223009298,1531223009295,1174864,0.00010010,342.00000000,1
1531223017117,1531223017113,1174865,0.00010010,94.00000000,1
1531223031525,1531223031522,1174866,0.00010010,29.00000000,1
1531223035991,1531223035987,1174867,0.00010010,1730.00000000,1
1531223039324,1531223039321,1174868,0.00010010,15.00000000,1
1531223069819,1531223069816,1174869,0.00010015,18.00000000,0
1531223075949,1531223075944,1174870,0.00010021,60.00000000,0
1531223080537,1531223080532,1174871,0.00010034,53.00000000,0
1531223084672,1531223084667,1174872,0.00010034,27.00000000,0
1531223119635,1531223119631,1174873,0.00010036,29.00000000,1
1531223119635,1531223119631,1174874,0.00010034,38.00000000,1
1531223119824,1531223119821,1174875,0.00010034,15.00000000,1
1531223120711,1531223120707,1174876,0.00010028,76.00000000,1
1531223132313,1531223132311,1174877,0.00010039,24.00000000,1
1531223132314,1531223132311,1174878,0.00010028,4.00000000,1
1531223132314,1531223132311,1174879,0.00010011,20.00000000,1
1531223143055,1531223143052,1174880,0.00010011,67.00000000,1
1531223143208,1531223143206,1174881,0.00010011,208.00000000,1
1531223155250,1531223155246,1174882,0.00010011,60.00000000,1
1531223155701,1531223155697,1174883,0.00010011,107.00000000,1
1531223156380,1531223156376,1174884,0.00010011,17.00000000,1
1531223156380,1531223156376,1174885,0.00010010,2.00000000,1
1531223157915,1531223157912,1174886,0.00010010,225.00000000,1
1531223161065,1531223161061,1174887,0.00010011,11.00000000,1
1531223161065,1531223161061,1174888,0.00010010,87.00000000,1
1531223168303,1531223168298,1174889,0.00010010,540.00000000,1
1531223181786,1531223181782,1174890,0.00010010,342.00000000,1
1531223182078,1531223182075,1174891,0.00010051,70.00000000,0
1531223182162,1531223182162,1174892,0.00010010,52.00000000,1
1531223183514,1531223183510,1174893,0.00010051,76.00000000,0
1531223188682,1531223188676,1174894,0.00010011,22.00000000,1
1531223188682,1531223188676,1174895,0.00010010,489.00000000,1
1531223189489,1531223189485,1174896,0.00010051,65.00000000,1
1531223193413,1531223193409,1174897,0.00010010,44.00000000,1
1531223194652,1531223194647,1174898,0.00010010,298.00000000,1
1531223200901,1531223200897,1174899,0.00010010,10.00000000,1
1531223201630,1531223201626,1174900,0.00010010,511.00000000,1
1531223208429,1531223208426,1174901,0.00010010,1167.00000000,1
1531223224478,1531223224473,1174902,0.00009981,2.00000000,1
1531223224712,1531223224708,1174903,0.00009981,53.00000000,0
1531223228079,1531223228076,1174904,0.00009958,2.00000000,1
1531223239606,1531223239602,1174905,0.00009960,19.00000000,1
1531223239606,1531223239602,1174906,0.00009958,19.00000000,1
1531223239606,1531223239602,1174907,0.00009939,16.00000000,1
1531223239606,1531223239602,1174908,0.00009935,40.00000000,1
1531223244123,1531223244119,1174909,0.00009936,2.00000000,1
1531223249237,1531223249234,1174910,0.00009912,2.00000000,1
1531223251409,1531223251403,1174911,0.00009913,18.00000000,1
1531223251409,1531223251403,1174912,0.00009912,19.00000000,1
1531223251409,1531223251403,1174913,0.00009908,11.00000000,1
1531223251409,1531223251403,1174914,0.00009900,22.00000000,1
1531223252513,1531223252508,1174915,0.00009900,80.00000000,1
1531223252513,1531223252508,1174916,0.00009890,12.00000000,1
1531223252513,1531223252508,1174917,0.00009870,3.00000000,1
1531223252717,1531223252713,1174918,0.00009887,3.00000000,0
1531223252946,1531223252942,1174919,0.00009887,100.00000000,0
1531223253280,1531223253276,1174920,0.00009887,44.00000000,0
1531223253595,1531223253591,1174921,0.00009870,22.00000000,1
1531223253595,1531223253591,1174922,0.00009809,22.00000000,1
1531223253595,1531223253591,1174923,0.00009792,41.00000000,1
1531223253595,1531223253591,1174924,0.00009774,10.00000000,1
1531223253890,1531223253886,1174925,0.00009887,3.00000000,0
1531223253890,1531223253886,1174926,0.00009889,18.00000000,0
1531223254229,1531223254226,1174927,0.00009810,95.00000000,1
1531223254533,1531223254530,1174928,0.00009889,36.00000000,0
1531223255196,1531223255192,1174929,0.00009888,22.00000000,0
1531223255196,1531223255192,1174930,0.00009889,115.00000000,0
1531223256078,1531223256074,1174931,0.00009887,20.00000000,0
1531223256078,1531223256074,1174932,0.00009888,117.00000000,0
1531223258072,1531223258069,1174933,0.00009867,46.00000000,0
1531223258953,1531223258949,1174934,0.00009813,2.00000000,1
1531223260505,1531223260502,1174935,0.00009867,14.00000000,0
1531223264046,1531223264044,1174936,0.00009866,29.00000000,0
1531223264046,1531223264044,1174937,0.00009868,65.00000000,0
1531223267029,1531223267025,1174938,0.00009820,95.00000000,1
1531223267184,1531223267180,1174939,0.00009868,16.00000000,0
1531223267184,1531223267180,1174940,0.00009885,55.00000000,0
1531223268073,1531223268070,1174941,0.00009835,95.00000000,1
1531223268782,1531223268780,1174942,0.00009835,95.00000000,1
1531223269827,1531223269823,1174943,0.00009885,19.00000000,0
1531223269950,1531223269947,1174944,0.00009885,2.00000000,0
1531223270046,1531223270043,1174945,0.00009885,2.00000000,0
1531223271760,1531223271756,1174946,0.00009882,53.00000000,0
1531223272843,1531223272840,1174947,0.00009882,28.00000000,0
1531223273400,1531223273396,1174948,0.00009886,45.00000000,0
1531223276352,1531223276349,1174949,0.00009868,48.00000000,0
1531223276436,1531223276432,1174950,0.00009885,80.00000000,0
1531223284658,1531223284654,1174951,0.00009885,38.00000000,0
1531223285511,1531223285507,1174952,0.00009852,95.00000000,1
1531223285987,1531223285985,1174953,0.00009854,16.00000000,1
1531223285987,1531223285985,1174954,0.00009816,79.00000000,1
1531223287842,1531223287839,1174955,0.00009854,94.00000000,1
1531223287868,1531223287864,1174956,0.00009820,22.00000000,0
1531223296387,1531223296383,1174957,0.00009885,30.00000000,0
1531223297320,1531223297316,1174958,0.00009885,49.00000000,0
1531223300962,1531223300959,1174959,0.00009840,88.00000000,1
1531223306926,1531223306923,1174960,0.00009886,36.00000000,0
1531223307113,1531223307108,1174961,0.00009836,11.00000000,0
1531223310948,1531223310945,1174962,0.00009886,41.00000000,0
1531223321435,1531223321432,1174963,0.00009886,15.00000000,0
1531223323689,1531223323684,1174964,0.00009889,22.00000000,0
1531223329261,1531223329257,1174965,0.00009889,41.00000000,0
1531223329436,1531223329433,1174966,0.00009889,41.00000000,0
1531223347123,1531223347119,1174967,0.00009889,11.00000000,0
1531223362737,1531223362734,1174968,0.00009889,72.00000000,0
1531223363948,1531223363944,1174969,0.00009889,20.00000000,0
1531223368454,1531223368452,1174970,0.00009889,19.00000000,0
1531223368937,1531223368933,1174971,0.00009890,173.00000000,0
1531223369954,1531223369951,1174972,0.00009900,41.00000000,0
1531223370196,1531223370191,1174973,0.00009900,52.00000000,0
1531223376408,1531223376404,1174974,0.00009949,17.00000000,0
1531223387654,1531223387651,1174975,0.00009893,2.00000000,1
1531223394064,1531223394060,1174976,0.00009893,443.00000000,1
1531223496532,1531223496530,1174977,0.00009945,251.00000000,0
1531223505284,1531223505283,1174978,0.00009945,90.00000000,0
1531223514184,1531223514179,1174979,0.00009945,25.00000000,0
1531223525264,1531223525258,1174980,0.00009897,19.00000000,1
1531223536757,1531223536753,1174981,0.00009895,5.00000000,1
1531223544048,1531223544045,1174982,0.00009844,2.00000000,1
1531223549518,1531223549513,1174983,0.00009945,143.00000000,0
1531223549518,1531223549513,1174984,0.00009949,8.00000000,0
1531223549518,1531223549513,1174985,0.00009991,20.00000000,0
1531223612859,1531223612855,1174986,0.00009998,43.00000000,1
1531223613153,1531223613148,1174987,0.00009998,43.00000000,1
1531223664900,1531223664897,1174988,0.00009998,18.00000000,1
1531223782334,1531223782330,1174989,0.00009999,21.00000000,0
1531223988856,1531223988852,1174990,0.00010005,1.00000000,0
1531224125379,1531224125375,1174991,0.00009989,36.00000000,0
1531224125802,1531224125799,1174992,0.00009989,36.00000000,0
1531224163785,1531224163781,1174993,0.00009989,8.00000000,0
1531224258888,1531224258885,1174994,0.00010005,1.00000000,0
1531224368748,1531224368744,1174995,0.00010005,32.00000000,0
1531224428480,1531224428483,1174996,0.00010005,36.00000000,0
1531224526337,1531224526334,1174997,0.00010003,32.00000000,0
1531224578112,1531224578107,1174998,0.00009989,5.00000000,1
1531224578112,1531224578107,1174999,0.00009978,3.00000000,1
1531224708359,1531224708356,1175000,0.00010005,36.00000000,0
1531224730940,1531224730936,1175001,0.00010005,73.00000000,0
1531225069316,1531225069313,1175002,0.00009978,17.00000000,1
1531225327540,1531225327537,1175003,0.00010004,20.00000000,0
1531225327540,1531225327537,1175004,0.00010005,79.00000000,0
1531225743473,1531225743468,1175005,0.00009978,16.00000000,1
1531225953217,1531225953213,1175006,0.00009978,28.00000000,1
1531225954074,1531225954068,1175007,0.00009977,80.00000000,1
1531226114500,1531226114497,1175008,0.00009922,19.00000000,1
1531226297035,1531226297032,1175009,0.00009960,36.00000000,0
1531226308584,1531226308582,1175010,0.00009960,8.00000000,0
1531226321205,1531226321202,1175011,0.00009960,315.00000000,0
1531226326450,1531226326443,1175012,0.00009927,14.00000000,1
1531226326450,1531226326443,1175013,0.00009926,21.00000000,1
1531226345383,1531226345380,1175014,0.00009922,61.00000000,1
1531226345383,1531226345380,1175015,0.00009877,11.00000000,1
1531226345383,1531226345380,1175016,0.00009835,177.00000000,1
1531226353547,1531226353544,1175017,0.00009841,73.00000000,1
1531226525385,1531226525381,1175018,0.00009920,20.00000000,0
1531226536576,1531226536572,1175019,0.00009920,30.00000000,0
1531226733735,1531226733732,1175020,0.00009928,114.00000000,1
1531226764773,1531226764768,1175021,0.00009928,172.00000000,1
1531226765222,1531226765218,1175022,0.00009927,80.00000000,1
1531226859311,1531226859307,1175023,0.00009908,81.00000000,1
1531226859311,1531226859307,1175024,0.00009854,40.00000000,1
1531226859311,1531226859307,1175025,0.00009853,142.00000000,1
1531226859311,1531226859307,1175026,0.00009846,49.00000000,1
1531226862457,1531226862452,1175027,0.00009903,23.00000000,0
1531226862457,1531226862452,1175028,0.00009904,30.00000000,0
1531226862457,1531226862452,1175029,0.00009905,17.00000000,0
1531226862980,1531226862976,1175030,0.00009896,36.00000000,0
1531226880172,1531226880168,1175031,0.00009896,45.00000000,0
1531227154914,1531227154911,1175032,0.00009854,16.00000000,1
1531227158317,1531227158313,1175033,0.00009866,4.00000000,0
1531227224201,1531227224197,1175034,0.00009866,28.00000000,0
1531227234899,1531227234894,1175035,0.00009866,38.00000000,1
1531227235276,1531227235272,1175036,0.00009866,49.00000000,1
1531227239763,1531227239760,1175037,0.00009798,2.00000000,1
1531227244346,1531227244341,1175038,0.00009798,12.00000000,1
1531227244627,1531227244622,1175039,0.00009798,15.00000000,0
1531227245856,1531227245852,1175040,0.00009798,26.00000000,0
1531227246426,1531227246422,1175041,0.00009797,11.00000000,1
1531227249648,1531227249645,1175042,0.00009798,85.00000000,0
1531227249959,1531227249956,1175043,0.00009774,2.00000000,1
1531227261674,1531227261669,1175044,0.00009774,3.00000000,1
1531227261674,1531227261669,1175045,0.00009751,11.00000000,1
1531227261674,1531227261669,1175046,0.00009712,124.00000000,1
1531227261674,1531227261669,1175047,0.00009705,1913.00000000,1
1531227261694,1531227261690,1175048,0.00009705,219.00000000,0
1531227261694,1531227261690,1175049,0.00009705,119.00000000,0
1531227265444,1531227265441,1175050,0.00009741,16.00000000,1
1531227269164,1531227269160,1175051,0.00009741,2.00000000,1
1531227269923,1531227269919,1175052,0.00009741,343.00000000,1
1531227269943,1531227269939,1175053,0.00009741,927.00000000,0
1531227282630,1531227282627,1175054,0.00009751,90.00000000,1
1531227284642,1531227284637,1175055,0.00009776,1026.00000000,0
1531227284908,1531227284903,1175056,0.00009751,89.00000000,1
1531227288429,1531227288426,1175057,0.00009776,2.00000000,0
1531227289299,1531227289296,1175058,0.00009789,42.00000000,0
1531227295649,1531227295646,1175059,0.00009797,79.00000000,0
1531227310493,1531227310486,1175060,0.00009777,11.00000000,1
1531227335716,1531227335716,1175061,0.00009785,346.00000000,0
1531227340441,1531227340437,1175062,0.00009785,1.00000000,0
1531227340441,1531227340437,1175063,0.00009786,67.00000000,0
1531227341219,1531227341216,1175064,0.00009781,653.00000000,0
1531227356693,1531227356689,1175065,0.00009781,86.00000000,0
1531227359436,1531227359431,1175066,0.00009781,1.00000000,0
1531227363101,1531227363098,1175067,0.00009712,1.00000000,1
1531227370725,1531227370721,1175068,0.00009776,11.00000000,0
1531227397179,1531227397175,1175069,0.00009797,15.00000000,0
1531227415249,1531227415245,1175070,0.00009797,15.00000000,0
1531227423418,1531227423413,1175071,0.00009798,36.00000000,0
1531227475194,1531227475194,1175072,0.00009798,110.00000000,0
1531227475331,1531227475327,1175073,0.00009805,38.00000000,0
1531227476042,1531227476038,1175074,0.00009800,100.00000000,0
1531227542730,1531227542726,1175075,0.00009794,54.00000000,0
1531227543425,1531227543421,1175076,0.00009805,214.00000000,0
1531227609382,1531227609378,1175077,0.00009873,11.00000000,0
1531227754333,1531227754332,1175078,0.00009873,3.00000000,0
1531227922737,1531227922733,1175079,0.00009873,95.00000000,0
1531227937418,1531227937413,1175080,0.00009873,62.00000000,0
1531227999455,1531227999451,1175081,0.00009873,239.00000000,0
1531228015505,1531228015499,1175082,0.00009968,14.00000000,0
1531228034759,1531228034755,1175083,0.00009884,41.00000000,1
1531228120433,1531228120429,1175084,0.00009898,30.00000000,1
1531228120433,1531228120429,1175085,0.00009897,65.00000000,1
1531228187266,1531228187263,1175086,0.00009952,100.00000000,0
1531228276279,1531228276274,1175087,0.00009959,17.00000000,0
1531228296970,1531228296965,1175088,0.00009902,73.00000000,1
1531228525431,1531228525427,1175089,0.00009920,43.00000000,0
1531228615870,1531228615866,1175090,0.00009894,48.00000000,0
1531228615870,1531228615866,1175091,0.00009895,787.00000000,0
1531228615870,1531228615866,1175092,0.00009899,409.00000000,0
1531228910327,1531228910323,1175093,0.00009907,21.00000000,0
1531229038032,1531229038027,1175094,0.00009883,3.00000000,1
1531229303453,1531229303448,1175095,0.00009883,245.00000000,1
1531229303453,1531229303448,1175096,0.00009878,103.00000000,1
1531229502344,1531229502340,1175097,0.00009817,1249.00000000,1
1531229558192,1531229558186,1175098,0.00009851,30.00000000,0
1531229558192,1531229558186,1175099,0.00009852,112.00000000,0
1531229805436,1531229805431,1175100,0.00009853,36.00000000,0
1531229907752,1531229907747,1175101,0.00009853,36.00000000,0
1531229919901,1531229919896,1175102,0.00009853,9.00000000,0
1531229930178,1531229930174,1175103,0.00009870,81.00000000,0
1531230363092,1531230363086,1175104,0.00009871,11.00000000,1
1531230369773,1531230369768,1175105,0.00009871,46.00000000,1
1531230478937,1531230478934,1175106,0.00009887,36.00000000,0
1531230482496,1531230482491,1175107,0.00009887,157.00000000,0
1531230487201,1531230487196,1175108,0.00009887,157.00000000,0
1531230514239,1531230514234,1175109,0.00009888,81.00000000,0
1531230514239,1531230514234,1175110,0.00009893,20.00000000,0
1531230939761,1531230939757,1175111,0.00009893,5.00000000,0
1531230952444,1531230952440,1175112,0.00009893,303.00000000,0
1531230999070,1531230999066,1175113,0.00009893,303.00000000,0
1531231197376,1531231197374,1175114,0.00009871,11.00000000,1
1531231259620,1531231259616,1175115,0.00009894,1.00000000,0
1531231615468,1531231615464,1175116,0.00009872,11.00000000,1
1531231801991,1531231801986,1175117,0.00009901,10.00000000,0
1531231884187,1531231884182,1175118,0.00009881,11.00000000,1
1531231904944,1531231904938,1175119,0.00009901,264.00000000,0
1531231976408,1531231976404,1175120,0.00009881,11.00000000,1
1531232068861,1531232068857,1175121,0.00009881,23.00000000,1
1531232493800,1531232493795,1175122,0.00009881,10.00000000,1
1531232622148,1531232622144,1175123,0.00009881,258.00000000,1
1531232625748,1531232625743,1175124,0.00009881,160.00000000,1
1531232626152,1531232626148,1175125,0.00009880,275.00000000,1
1531232663565,1531232663561,1175126,0.00009902,1.00000000,0
1531232685360,1531232685358,1175127,0.00009902,1166.00000000,0
1531232990755,1531232990752,1175128,0.00009902,131.00000000,1
1531233356322,1531233356320,1175129,0.00009902,11.00000000,0
1531233404086,1531233404082,1175130,0.00009902,36.00000000,0
1531233480608,1531233480604,1175131,0.00009902,100.00000000,0
1531233759785,1531233759781,1175132,0.00009902,36.00000000,0
1531233978896,1531233978893,1175133,0.00009900,512.00000000,0
1531234039175,1531234039172,1175134,0.00009898,502.00000000,0
1531234039183,1531234039180,1175135,0.00009898,101.00000000,0
1531234039958,1531234039955,1175136,0.00009898,29.00000000,0
1531234228148,1531234228145,1175137,0.00009900,1.00000000,0
1531234228148,1531234228145,1175138,0.00009902,9.00000000,0
1531234228148,1531234228145,1175139,0.00009908,30.00000000,0
1531234310384,1531234310380,1175140,0.00009935,30.00000000,1
1531234310384,1531234310380,1175141,0.00009934,4.00000000,1
1531234311785,1531234311782,1175142,0.00009993,29.00000000,0
1531234311785,1531234311782,1175143,0.00009994,59.00000000,0
1531234311785,1531234311782,1175144,0.00009996,11.00000000,0
1531234311785,1531234311782,1175145,0.00010007,1.00000000,0
1531234338852,1531234338848,1175146,0.00009922,5.00000000,1
1531234339199,1531234339195,1175147,0.00009922,4.00000000,1
1531234756404,1531234756402,1175148,0.00009948,22.00000000,1
1531234833268,1531234833266,1175149,0.00009948,22.00000000,1
1531234838884,1531234838880,1175150,0.00009948,3.00000000,1
1531234838884,1531234838880,1175151,0.00009947,10.00000000,1
1531234841116,1531234841113,1175152,0.00009947,15.00000000,1
1531234842805,1531234842803,1175153,0.00009947,15.00000000,1
1531234920732,1531234920730,1175154,0.00009947,17.00000000,1
1531235272089,1531235272087,1175155,0.00009947,16.00000000,1
1531235363375,1531235363374,1175156,0.00009998,20.00000000,0
1531235386247,1531235386245,1175157,0.00009992,33.00000000,0
1531235601009,1531235601009,1175158,0.00009992,42.00000000,0
1531235700372,1531235700372,1175159,0.00009972,64.00000000,1
1531235775064,1531235775066,1175160,0.00009998,64.00000000,0
1531235775064,1531235775066,1175161,0.00009999,36.00000000,0
1531236105817,1531236105817,1175162,0.00010005,10.00000000,0
1531236105817,1531236105817,1175163,0.00010006,11.00000000,0
1531236105817,1531236105817,1175164,0.00010007,22.00000000,0
1531236118200,1531236118201,1175165,0.00009970,64.00000000,1
1531236264446,1531236264444,1175166,0.00009997,11.00000000,0
1531236473205,1531236473205,1175167,0.00009994,21.00000000,0
1531236606062,1531236606061,1175168,0.00009994,32.00000000,0
1531236606062,1531236606061,1175169,0.00010007,68.00000000,0
1531236676389,1531236676388,1175170,0.00010005,250.00000000,0
1531236676389,1531236676388,1175171,0.00010007,540.00000000,0
1531236676389,1531236676388,1175172,0.00010010,287.00000000,0
1531237161555,1531237161558,1175173,0.00010010,99.00000000,0
1531237224165,1531237224164,1175174,0.00010010,94.00000000,0
1531237264713,1531237264716,1175175,0.00010017,1.00000000,0
1531237469005,1531237469005,1175176,0.00009968,92.00000000,1
1531237842500,1531237842500,1175177,0.00010016,33.00000000,0
1531238085913,1531238085912,1175178,0.00010016,38.00000000,0
1531238085913,1531238085912,1175179,0.00010017,152.00000000,0
1531238336903,1531238336899,1175180,0.00010013,30.00000000,0
1531238336903,1531238336899,1175181,0.00010014,73.00000000,0
1531238494359,1531238494358,1175182,0.00010014,36.00000000,0
1531238510101,1531238510099,1175183,0.00010014,21.00000000,0
1531238600068,1531238600066,1175184,0.00010017,36.00000000,0
1531238659012,1531238659010,1175185,0.00009968,1.00000000,1
1531238944777,1531238944776,1175186,0.00009968,51.00000000,1
1531238946112,1531238946111,1175187,0.00009968,82.00000000,1
1531238950391,1531238950390,1175188,0.00009968,30.00000000,1
1531238954276,1531238954274,1175189,0.00009968,30.00000000,1
1531239080065,1531239080062,1175190,0.00009975,47.00000000,1
1531239080535,1531239080529,1175191,0.00009975,18.00000000,1
1531239080535,1531239080529,1175192,0.00009965,18.00000000,1
1531239154417,1531239154414,1175193,0.00009965,32.00000000,1
1531239825240,1531239825237,1175194,0.00009927,7.00000000,1
1531239893003,1531239892997,1175195,0.00009978,65.00000000,0
1531239893003,1531239892997,1175196,0.00009987,35.00000000,0
1531240378221,1531240378217,1175197,0.00009947,30.00000000,0
1531240378221,1531240378217,1175198,0.00009948,65.00000000,0
1531240503506,1531240503500,1175199,0.00009948,92.00000000,0
1531240504030,1531240504026,1175200,0.00009948,248.00000000,1
1531240733265,1531240733259,1175201,0.00009951,36.00000000,0
1531240743209,1531240743205,1175202,0.00009951,128.00000000,0
1531240743209,1531240743205,1175203,0.00009965,2971.00000000,0
1531240743209,1531240743205,1175204,0.00009979,8.00000000,0
1531240755598,1531240755594,1175205,0.00009979,36.00000000,0
1531241298288,1531241298284,1175206,0.00010017,10.00000000,0
1531241557347,1531241557343,1175207,0.00010017,36.00000000,0
1531241824197,1531241824192,1175208,0.00010017,187.00000000,0
1531241949710,1531241949706,1175209,0.00010017,58.00000000,0
1531241949723,1531241949721,1175210,0.00010017,450.00000000,1
1531242331759,1531242331755,1175211,0.00010027,122.00000000,0
1531242465712,1531242465708,1175212,0.00010009,4.00000000,0
1531242529669,1531242529663,1175213,0.00010009,36.00000000,0
1531242551298,1531242551293,1175214,0.00010009,36.00000000,0
1531242715254,1531242715251,1175215,0.00010011,10.00000000,0
1531242771614,1531242771609,1175216,0.00010011,951.00000000,0
1531242785200,1531242785194,1175217,0.00010011,33.00000000,0
1531243165687,1531243165678,1175218,0.00010008,33.00000000,0
1531243234616,1531243234614,1175219,0.00010007,33.00000000,0
1531243265383,1531243265377,1175220,0.00010007,36.00000000,0
1531243374034,1531243374026,1175221,0.00010007,33.00000000,0
1531243731187,1531243731180,1175222,0.00009980,22.00000000,1
1531243731187,1531243731180,1175223,0.00009979,30.00000000,1
1531243733245,1531243733240,1175224,0.00009994,20.00000000,0
1531243989121,1531243989115,1175225,0.00009954,301.00000000,1
1531243990863,1531243990858,1175226,0.00009952,76.00000000,1
1531244040268,1531244040260,1175227,0.00009952,64.00000000,0
1531244040268,1531244040260,1175228,0.00009953,49.00000000,0
1531244040315,1531244040306,1175229,0.00009953,238.00000000,0
1531244040459,1531244040451,1175230,0.00009953,440.00000000,0
1531244040471,1531244040465,1175231,0.00009953,123.00000000,1
1531244040475,1531244040467,1175232,0.00009907,123.00000000,1
1531244102643,1531244102637,1175233,0.00009908,76.00000000,1
1531244103301,1531244103293,1175234,0.00009909,65.00000000,1
1531244103301,1531244103293,1175235,0.00009908,27.00000000,1
1531244113627,1531244113618,1175236,0.00009908,65.00000000,1
1531244115315,1531244115308,1175237,0.00009898,76.00000000,1
1531244116867,1531244116864,1175238,0.00009937,32.00000000,0
1531244116872,1531244116865,1175239,0.00009937,32.00000000,0
1531244119863,1531244119856,1175240,0.00009935,61.00000000,0
1531244119909,1531244119903,1175241,0.00009935,61.00000000,0
1531245605221,1531245605213,1175242,0.00009886,16.00000000,1
1531245752787,1531245752781,1175243,0.00009936,20.00000000,0
1531247766350,1531247766345,1175244,0.00009933,11.00000000,0
1531247946556,1531247946549,1175245,0.00009933,27.00000000,0
1531248017342,1531248017335,1175246,0.00009906,75.00000000,1
1531248017342,1531248017335,1175247,0.00009905,20.00000000,1
1531249097114,1531249097106,1175248,0.00009928,33.00000000,0
1531249221293,1531249221284,1175249,0.00009928,33.00000000,0
1531250138608,1531250138599,1175250,0.00009928,9.00000000,0
1531250138608,1531250138599,1175251,0.00009929,91.00000000,0
1531250156288,1531250156279,1175252,0.00009934,21.00000000,0
1531250212945,1531250212936,1175253,0.00009934,179.00000000,0
1531250212945,1531250212936,1175254,0.00009944,76.00000000,0
1531250213839,1531250213834,1175255,0.00009958,124.00000000,0
1531250215337,1531250215326,1175256,0.00009958,39.00000000,0
1531250263971,1531250263966,1175257,0.00009958,239.00000000,0
1531250421263,1531250421260,1175258,0.00009958,76.00000000,0
1531250421263,1531250421260,1175259,0.00009981,28.00000000,0
1531250679737,1531250679740,1175260,0.00009965,66.00000000,1
1531250699505,1531250699496,1175261,0.00009957,2.00000000,1
1531251216308,1531251216298,1175262,0.00009958,11.00000000,1
1531251341094,1531251341098,1175263,0.00010015,99.00000000,0
1531251362292,1531251362282,1175264,0.00009961,22.00000000,1
1531251407254,1531251407245,1175265,0.00009958,11.00000000,1
1531251672644,1531251672617,1175266,0.00009958,14.00000000,1
1531251672644,1531251672617,1175267,0.00009957,10.00000000,1
1531251678268,1531251678258,1175268,0.00009957,64.00000000,1
1531251679224,1531251679214,1175269,0.00009944,100.00000000,1
1531251680432,1531251680422,1175270,0.00009944,37.00000000,1
1531251700321,1531251700310,1175271,0.00009944,100.00000000,1
1531251738459,1531251738457,1175272,0.00009944,18.00000000,1
1531251849183,1531251849174,1175273,0.00009921,76.00000000,1
1531251880431,1531251880424,1175274,0.00009889,76.00000000,1
1531251889088,1531251889078,1175275,0.00009887,106.00000000,1
1531251890077,1531251890067,1175276,0.00009887,169.00000000,1
1531251890903,1531251890893,1175277,0.00009901,545.00000000,1
1531251890941,1531251890932,1175278,0.00009901,194.00000000,1
1531251899080,1531251899071,1175279,0.00009901,33.00000000,1
1531251908549,1531251908540,1175280,0.00009881,41.00000000,1
1531252204371,1531252204360,1175281,0.00009873,16.00000000,1
1531252551439,1531252551429,1175282,0.00009931,22.00000000,0
1531252551439,1531252551429,1175283,0.00009932,76.00000000,0
1531252551970,1531252551959,1175284,0.00009940,48.00000000,1
1531253159652,1531253159641,1175285,0.00009920,94.00000000,0
1531253159652,1531253159641,1175286,0.00009930,41.00000000,0
1531253159652,1531253159641,1175287,0.00009941,124.00000000,0
1531253159652,1531253159641,1175288,0.00009943,5.00000000,0
1531253277726,1531253277722,1175289,0.00009942,36.00000000,0
1531253294670,1531253294661,1175290,0.00009942,36.00000000,0
1531253311289,1531253311279,1175291,0.00009942,264.00000000,0
1531253321850,1531253321843,1175292,0.00009942,13.00000000,0
1531253328170,1531253328162,1175293,0.00009943,663.00000000,0
1531253328184,1531253328174,1175294,0.00009943,104.00000000,0
1531253328184,1531253328174,1175295,0.00009945,16.00000000,0
1531253328694,1531253328684,1175296,0.00009945,60.00000000,0
1531253331426,1531253331416,1175297,0.00009948,62.00000000,0
1531253342288,1531253342281,1175298,0.00009950,63.00000000,0
1531253353289,1531253353285,1175299,0.00009957,64.00000000,0
1531253374961,1531253374951,1175300,0.00009959,76.00000000,0
1531253850272,1531253850262,1175301,0.00009992,21.00000000,0
1531253872237,1531253872228,1175302,0.00009992,3.00000000,0
1531253872237,1531253872228,1175303,0.00010026,7.00000000,0
1531254006659,1531254006650,1175304,0.00010026,33.00000000,0
1531254270482,1531254270474,1175305,0.00009978,27.00000000,1
1531254327547,1531254327539,1175306,0.00009979,461.00000000,1
1531254352560,1531254352553,1175307,0.00009930,25.00000000,1
1531255074024,1531255074025,1175308,0.00009978,36.00000000,0
1531255152465,1531255152459,1175309,0.00009978,18.00000000,0
1531255152465,1531255152459,1175310,0.00009979,422.00000000,0
1531255152465,1531255152459,1175311,0.00009983,25.00000000,0
1531255152465,1531255152459,1175312,0.00010025,75.00000000,0
1531255996422,1531255996417,1175313,0.00009975,14.00000000,1
1531256384250,1531256384246,1175314,0.00010025,99.00000000,0
1531256426167,1531256426165,1175315,0.00009973,30.00000000,1
1531256426167,1531256426165,1175316,0.00009972,3.00000000,1
1531256426242,1531256426238,1175317,0.00009970,76.00000000,1
1531256426297,1531256426295,1175318,0.00009970,25.00000000,0
1531256557282,1531256557280,1175319,0.00009969,100.00000000,0
1531257364059,1531257364055,1175320,0.00009925,30.00000000,1
1531257364059,1531257364055,1175321,0.00009924,27.00000000,1
1531257364059,1531257364055,1175322,0.00009920,3.00000000,1
1531257564217,1531257564216,1175323,0.00009917,3.00000000,1
1531258103487,1531258103483,1175324,0.00009923,11.00000000,1
1531258249485,1531258249480,1175325,0.00009925,11.00000000,1
1531258271259,1531258271255,1175326,0.00009926,169.00000000,1
1531258362246,1531258362244,1175327,0.00009920,28.00000000,1
1531258502192,1531258502190,1175328,0.00009920,3.00000000,1
1531258502192,1531258502190,1175329,0.00009919,22.00000000,1
1531258547372,1531258547365,1175330,0.00009919,32.00000000,1
1531258599836,1531258599832,1175331,0.00009970,30.00000000,0
1531258599836,1531258599832,1175332,0.00009976,70.00000000,0
1531258752674,1531258752670,1175333,0.00009920,39.00000000,1
1531258774962,1531258774954,1175334,0.00009975,30.00000000,0
1531258774962,1531258774954,1175335,0.00009976,24.00000000,0
1531258774962,1531258774954,1175336,0.00010022,46.00000000,0
1531258783238,1531258783236,1175337,0.00009944,16.00000000,1
1531258803111,1531258803108,1175338,0.00010013,19.00000000,0
1531258830833,1531258830828,1175339,0.00009930,19.00000000,1
1531258833665,1531258833660,1175340,0.00009943,5.00000000,1
1531258840354,1531258840352,1175341,0.00009943,14.00000000,1
1531258886262,1531258886256,1175342,0.00009944,12.00000000,1
1531259008222,1531259008221,1175343,0.00009942,11.00000000,1
1531259349300,1531259349292,1175344,0.00009943,13.00000000,1
1531259513497,1531259513494,1175345,0.00009943,11.00000000,1
1531259720995,1531259720990,1175346,0.00009944,22.00000000,0
1531259844434,1531259844431,1175347,0.00009943,31.00000000,1
1531259844434,1531259844431,1175348,0.00009928,13.00000000,1
1531259926245,1531259926242,1175349,0.00009928,11.00000000,1
1531260490283,1531260490277,1175350,0.00009928,11.00000000,1
1531260501307,1531260501302,1175351,0.00009986,19.00000000,0
1531260746707,1531260746700,1175352,0.00009928,21.00000000,1
1531260769939,1531260769932,1175353,0.00009988,100.00000000,0
1531261002497,1531261002490,1175354,0.00009928,20.00000000,1
1531261029599,1531261029593,1175355,0.00009888,11.00000000,1
1531261030608,1531261030602,1175356,0.00009883,8.00000000,0
1531261763812,1531261763809,1175357,0.00009932,31.00000000,0
1531261764008,1531261764006,1175358,0.00009928,52.00000000,1
1531261766200,1531261766199,1175359,0.00009929,132.00000000,1
1531261766200,1531261766199,1175360,0.00009928,248.00000000,1
1531262498231,1531262498229,1175361,0.00009909,76.00000000,1
1531262498231,1531262498229,1175362,0.00009898,8.00000000,1
1531262498231,1531262498229,1175363,0.00009878,30.00000000,1
1531262498231,1531262498229,1175364,0.00009851,566.00000000,1
1531262498260,1531262498260,1175365,0.00009851,84.00000000,0
1531262498265,1531262498264,1175366,0.00009851,83.00000000,0
1531262498285,1531262498284,1175367,0.00009851,65.00000000,0
1531262498323,1531262498322,1175368,0.00009850,64.00000000,1
1531262499037,1531262499038,1175369,0.00009851,33.00000000,0
1531262499460,1531262499460,1175370,0.00009851,33.00000000,0
1531262499548,1531262499545,1175371,0.00009851,21.00000000,0
1531263061180,1531263061179,1175372,0.00009912,21.00000000,0
1531263061790,1531263061789,1175373,0.00009912,10.00000000,0
1531263130492,1531263130491,1175374,0.00009913,34.00000000,0
1531263155168,1531263155169,1175375,0.00009913,42.00000000,0
1531263241300,1531263241301,1175376,0.00009918,21.00000000,0
1531263308332,1531263308332,1175377,0.00009918,9.00000000,0
1531263326718,1531263326718,1175378,0.00009959,34.00000000,0
1531263328462,1531263328462,1175379,0.00009918,70.00000000,0
1531263431925,1531263431924,1175380,0.00009914,3.00000000,1
1531263729209,1531263729207,1175381,0.00009919,100.00000000,1
1531263911202,1531263911201,1175382,0.00009919,48.00000000,1
1531264142831,1531264142829,1175383,0.00009908,147.00000000,1
1531264194867,1531264194867,1175384,0.00009908,64.00000000,1
1531264209609,1531264209609,1175385,0.00009907,1009.00000000,1
1531264335201,1531264335201,1175386,0.00009911,36.00000000,0
1531264411993,1531264411994,1175387,0.00009911,28.00000000,0
1531264987269,1531264987268,1175388,0.00009910,36.00000000,0
1531265026174,1531265026171,1175389,0.00009905,1144.00000000,0
1531265026174,1531265026171,1175390,0.00009915,35.00000000,0
1531265026174,1531265026171,1175391,0.00009916,45.00000000,0
1531265026174,1531265026171,1175392,0.00009933,244.00000000,0
1531265026174,1531265026171,1175393,0.00009945,445.00000000,0
1531265026730,1531265026731,1175394,0.00009996,36.00000000,0
1531265082125,1531265082125,1175395,0.00009992,36.00000000,0
1531265291085,1531265291085,1175396,0.00009876,28.00000000,1
1531265291085,1531265291085,1175397,0.00009875,252.00000000,1
1531265359823,1531265359822,1175398,0.00009885,76.00000000,1
1531265515030,1531265515029,1175399,0.00009872,64.00000000,1
1531265515030,1531265515029,1175400,0.00009871,31.00000000,1
1531265846652,1531265846652,1175401,0.00009894,36.00000000,0
1531265865218,1531265865216,1175402,0.00009894,28.00000000,0
1531265877886,1531265877886,1175403,0.00009895,241.00000000,0
1531265889306,1531265889304,1175404,0.00009908,10.00000000,0
1531266304902,1531266304903,1175405,0.00009908,31.00000000,0
1531266315717,1531266315718,1175406,0.00009909,76.00000000,0
1531266532345,1531266532343,1175407,0.00009878,11.00000000,1
1531266756195,1531266756195,1175408,0.00009919,11.00000000,1
1531267210071,1531267210071,1175409,0.00009919,1.00000000,1
1531267548695,1531267548696,1175410,0.00009955,12.00000000,0
1531267548695,1531267548696,1175411,0.00009956,22.00000000,0
1531267789837,1531267789838,1175412,0.00009956,42.00000000,1
1531267813168,1531267813170,1175413,0.00009956,18.00000000,1
1531267931309,1531267931310,1175414,0.00009976,14.00000000,0
1531268170464,1531268170466,1175415,0.00009975,17.00000000,0
1531268227491,1531268227494,1175416,0.00009974,100.00000000,0
1531268578635,1531268578637,1175417,0.00009973,33.00000000,0
1531268685897,1531268685898,1175418,0.00009938,17.00000000,1
1531269456565,1531269456569,1175419,0.00009995,17.00000000,0
1531269456565,1531269456569,1175420,0.00009996,16.00000000,0
1531269911237,1531269911239,1175421,0.00009996,35.00000000,0
1531269940612,1531269940613,1175422,0.00009996,2.00000000,0
1531270009428,1531270009427,1175423,0.00009939,15.00000000,1
1531270009428,1531270009427,1175424,0.00009938,33.00000000,1
1531270009428,1531270009427,1175425,0.00009937,58.00000000,1
1531270009428,1531270009427,1175426,0.00009936,6.00000000,1
1531270053309,1531270053312,1175427,0.00009996,33.00000000,0
1531270204660,1531270204660,1175428,0.00009994,34.00000000,0
1531270434311,1531270434310,1175429,0.00009996,33.00000000,0
1531270579100,1531270579102,1175430,0.00009996,6.00000000,0
1531270649872,1531270649874,1175431,0.00009939,3.00000000,1
1531270707846,1531270707849,1175432,0.00009997,33.00000000,0
1531270843579,1531270843581,1175433,0.00009939,10.00000000,1
1531270843579,1531270843581,1175434,0.00009938,50.00000000,1
1531270874759,1531270874760,1175435,0.00009996,33.00000000,0
1531271388285,1531271388283,1175436,0.00009994,30.00000000,0
1531271388285,1531271388283,1175437,0.00009995,45.00000000,0
1531271541401,1531271541400,1175438,0.00009996,59.00000000,0
1531271646110,1531271646106,1175439,0.00009937,15.00000000,1
1531271704537,1531271704535,1175440,0.00009995,15.00000000,0
1531271704537,1531271704535,1175441,0.00009996,41.00000000,0
1531271800033,1531271800026,1175442,0.00009996,31.00000000,0
1531271802165,1531271802163,1175443,0.00009996,21.00000000,0
1531271902487,1531271902484,1175444,0.00009996,18.00000000,0
1531271902487,1531271902484,1175445,0.00009997,32.00000000,0
1531272061455,1531272061450,1175446,0.00009997,44.00000000,0
1531272455364,1531272455359,1175447,0.00009997,24.00000000,0
1531272456393,1531272456390,1175448,0.00009998,16.00000000,0
1531272468605,1531272468598,1175449,0.00010004,10.00000000,0
1531272484424,1531272484419,1175450,0.00010000,67.00000000,1
1531272569618,1531272569612,1175451,0.00010000,121.00000000,1
1531272569698,1531272569695,1175452,0.00009999,76.00000000,1
1531272570701,1531272570696,1175453,0.00009999,76.00000000,1
1531272571688,1531272571684,1175454,0.00009999,14.00000000,1
1531272571688,1531272571684,1175455,0.00009998,62.00000000,1
1531272624198,1531272624192,1175456,0.00010000,10.00000000,1
1531272624198,1531272624192,1175457,0.00009998,35.00000000,1
1531272624243,1531272624240,1175458,0.00009997,1312.00000000,1
1531272626440,1531272626432,1175459,0.00009997,117.00000000,1
1531272829257,1531272829252,1175460,0.00010023,18.00000000,0
1531272829396,1531272829392,1175461,0.00010023,90.00000000,0
1531272876105,1531272876097,1175462,0.00010026,18.00000000,0
1531272899259,1531272899254,1175463,0.00010026,13.00000000,0
1531272899259,1531272899254,1175464,0.00010027,27.00000000,0
1531272899291,1531272899287,1175465,0.00010027,93.00000000,0
1531273179184,1531273179179,1175466,0.00010023,16.00000000,1
1531273251308,1531273251304,1175467,0.00010027,299.00000000,0
1531273676431,1531273676423,1175468,0.00010027,20.00000000,0
1531274472955,1531274472950,1175469,0.00010023,1.00000000,1
1531274773370,1531274773367,1175470,0.00010023,11.00000000,1
1531274831712,1531274831706,1175471,0.00010023,131.00000000,1
1531274902835,1531274902829,1175472,0.00010023,100.00000000,1
1531274951740,1531274951731,1175473,0.00010023,100.00000000,1
1531275235113,1531275235109,1175474,0.00010023,31.00000000,1
1531275323424,1531275323418,1175475,0.00010023,14.00000000,1
1531275326316,1531275326309,1175476,0.00010023,363.00000000,1
1531275767280,1531275767274,1175477,0.00010023,486.00000000,1
1531275767296,1531275767290,1175478,0.00010023,43.00000000,1
1531275768544,1531275768535,1175479,0.00010023,179.00000000,1
1531276191197,1531276191189,1175480,0.00010024,97.00000000,0
1531276630689,1531276630680,1175481,0.00009980,138.00000000,1
1531276630689,1531276630680,1175482,0.00009979,76.00000000,1
1531276630689,1531276630680,1175483,0.00009923,11.00000000,1
1531276630689,1531276630680,1175484,0.00009908,453.00000000,1
1531276630702,1531276630698,1175485,0.00009908,171.00000000,0
1531276630726,1531276630722,1175486,0.00010025,22.00000000,0
1531276630726,1531276630722,1175487,0.00010026,149.00000000,0
1531276631898,1531276631893,1175488,0.00009962,16.00000000,1
1531276633834,1531276633828,1175489,0.00009930,30.00000000,1
1531276633834,1531276633828,1175490,0.00009903,22.00000000,1
1531276633834,1531276633828,1175491,0.00009900,25.00000000,1
1531276633908,1531276633904,1175492,0.00009876,30.00000000,1
1531276642342,1531276642337,1175493,0.00009936,36.00000000,0
1531276654885,1531276654879,1175494,0.00009925,36.00000000,0
1531276667394,1531276667390,1175495,0.00009925,66.00000000,0
1531276683621,1531276683613,1175496,0.00009926,28.00000000,0
1531276701884,1531276701877,1175497,0.00009928,264.00000000,0
1531276747583,1531276747576,1175498,0.00009928,25.00000000,0
1531276795139,1531276795135,1175499,0.00009928,148.00000000,0
1531276807075,1531276807069,1175500,0.00009938,25.00000000,0
1531277151884,1531277151878,1175501,0.00009951,49.00000000,0
1531277468638,1531277468633,1175502,0.00009951,27.00000000,0
1531277468638,1531277468633,1175503,0.00009970,30.00000000,0
1531278277871,1531278277866,1175504,0.00009992,22.00000000,0
1531278281051,1531278281048,1175505,0.00009950,25.00000000,1
1531278685587,1531278685581,1175506,0.00010016,30.00000000,0
1531278685587,1531278685581,1175507,0.00010017,28.00000000,0
1531279055333,1531279055330,1175508,0.00010024,57.00000000,0
1531280227120,1531280227126,1175509,0.00009980,51.00000000,1
1531280227120,1531280227126,1175510,0.00009979,16.00000000,1
1531280227231,1531280227225,1175511,0.00009979,11.00000000,1
1531280439345,1531280439342,1175512,0.00010007,10.00000000,0
1531280814684,1531280814680,1175513,0.00010021,36.00000000,0
1531281616248,1531281616244,1175514,0.00009974,1.00000000,1
1531282094327,1531282094322,1175515,0.00009975,15.00000000,1
1531282094327,1531282094322,1175516,0.00009974,12.00000000,1
1531282128323,1531282128319,1175517,0.00010019,21.00000000,0
1531282128323,1531282128319,1175518,0.00010020,26.00000000,0
1531282134566,1531282134558,1175519,0.00010020,51.00000000,0
1531282134566,1531282134558,1175520,0.00010023,48.00000000,0
1531282157880,1531282157877,1175521,0.00010023,2.00000000,0
1531282245478,1531282245473,1175522,0.00009999,25.00000000,0
1531282339636,1531282339631,1175523,0.00010027,70.00000000,0
1531282547161,1531282547155,1175524,0.00010000,21.00000000,1
1531282548466,1531282548461,1175525,0.00010028,37.00000000,0
1531284632421,1531284632415,1175526,0.00010018,69.00000000,0
1531285204082,1531285204081,1175527,0.00010016,84.00000000,0
1531285204622,1531285204622,1175528,0.00010016,398.00000000,0
1531285236968,1531285236964,1175529,0.00010001,2.00000000,1
1531285391340,1531285391335,1175530,0.00010002,1.00000000,1
1531285492273,1531285492271,1175531,0.00010016,33.00000000,0
1531285626257,1531285626251,1175532,0.00010016,37.00000000,0
1531285703503,1531285703507,1175533,0.00010003,13.00000000,1
1531286347013,1531286347006,1175534,0.00010027,33.00000000,0
1531287404641,1531287404640,1175535,0.00010027,99.00000000,0
1531287555358,1531287555353,1175536,0.00010001,129.00000000,1
1531287555358,1531287555353,1175537,0.00010000,446.00000000,1
1531287555369,1531287555368,1175538,0.00010000,342.00000000,1
1531287555370,1531287555368,1175539,0.00010000,67.00000000,1
1531287555389,1531287555384,1175540,0.00010000,200.00000000,1
1531287997442,1531287997436,1175541,0.00010001,37.00000000,1
1531288012796,1531288012793,1175542,0.00010002,33.00000000,0
1531288258678,1531288258674,1175543,0.00010002,42.00000000,0
1531288546170,1531288546167,1175544,0.00010002,106.00000000,0
1531288555577,1531288555574,1175545,0.00010002,4.00000000,1
1531288711787,1531288711780,1175546,0.00010001,2.00000000,1
1531288858815,1531288858809,1175547,0.00010001,1.00000000,1
1531289308353,1531289308353,1175548,0.00010002,10.00000000,0
1531289308353,1531289308353,1175549,0.00010017,89.00000000,0
1531289608291,1531289608293,1175550,0.00010017,10.00000000,0
1531289702816,1531289702814,1175551,0.00010001,10.00000000,1
1531290246564,1531290246559,1175552,0.00010022,66.00000000,0
1531290246564,1531290246559,1175553,0.00010026,29.00000000,0
1531290246564,1531290246559,1175554,0.00010028,4.00000000,0
1531290252349,1531290252348,1175555,0.00010022,15.00000000,1
1531290252349,1531290252348,1175556,0.00010001,29.00000000,1
1531290252349,1531290252348,1175557,0.00010000,156.00000000,1
1531290318230,1531290318224,1175558,0.00010027,29.00000000,0
1531290318230,1531290318224,1175559,0.00010028,2.00000000,0
1531290318230,1531290318224,1175560,0.00010040,36.00000000,0
1531290318239,1531290318236,1175561,0.00010040,69.00000000,0
1531290324847,1531290324842,1175562,0.00010040,66.00000000,0
1531291082239,1531291082236,1175563,0.00010002,39.00000000,1
1531291159534,1531291159529,1175564,0.00010043,13.00000000,0
1531291159534,1531291159529,1175565,0.00010044,39.00000000,0
1531291159534,1531291159529,1175566,0.00010045,30.00000000,0
1531291159534,1531291159529,1175567,0.00010071,10.00000000,0
1531291159534,1531291159529,1175568,0.00010075,7.00000000,0
1531291453884,1531291453885,1175569,0.00010026,96.00000000,1
1531292413064,1531292413060,1175570,0.00010011,25.00000000,1
1531292413064,1531292413060,1175571,0.00010010,241.00000000,1
1531292468511,1531292468508,1175572,0.00010011,2.00000000,1
1531292494436,1531292494432,1175573,0.00010061,98.00000000,0
1531292588057,1531292588055,1175574,0.00010015,1.00000000,1
1531292649840,1531292649838,1175575,0.00010019,15.00000000,1
1531292929393,1531292929389,1175576,0.00010060,16.00000000,0
1531292929393,1531292929389,1175577,0.00010061,4.00000000,0
1531292996804,1531292996800,1175578,0.00010071,20.00000000,0
1531293084621,1531293084617,1175579,0.00010072,75.00000000,0
1531293084621,1531293084617,1175580,0.00010075,25.00000000,0
1531293476261,1531293476259,1175581,0.00010042,29.00000000,1
1531293476261,1531293476259,1175582,0.00010041,20.00000000,1
1531293476261,1531293476259,1175583,0.00010039,23.00000000,1
1531293476261,1531293476259,1175584,0.00010037,8.00000000,1
1531293568549,1531293568545,1175585,0.00010074,29.00000000,0
1531293568549,1531293568545,1175586,0.00010075,70.00000000,0
1531293647805,1531293647800,1175587,0.00010037,12.00000000,1
1531293647805,1531293647800,1175588,0.00010026,29.00000000,1
1531293647805,1531293647800,1175589,0.00010025,34.00000000,1
1531293688471,1531293688467,1175590,0.00010074,29.00000000,0
1531293691169,1531293691165,1175591,0.00010074,4.00000000,1
1531293697426,1531293697423,1175592,0.00010074,13.00000000,1
1531293762576,1531293762572,1175593,0.00010074,414.00000000,1
1531293808019,1531293808015,1175594,0.00010074,152.00000000,1
1531293870785,1531293870780,1175595,0.00010030,29.00000000,1
1531293870785,1531293870780,1175596,0.00010029,72.00000000,1
1531293890206,1531293890202,1175597,0.00010029,3.00000000,1
1531293890206,1531293890202,1175598,0.00010000,61.00000000,1
1531293968662,1531293968658,1175599,0.00010007,25.00000000,1
1531293968662,1531293968658,1175600,0.00010006,75.00000000,1
1531293968662,1531293968658,1175601,0.00010000,31.00000000,1
1531294051344,1531294051341,1175602,0.00010056,10.00000000,0
1531294603362,1531294603357,1175603,0.00010056,10.00000000,0
1531294760968,1531294760961,1175604,0.00010056,99.00000000,0
1531295119083,1531295119079,1175605,0.00010056,29.00000000,0
1531295119263,1531295119244,1175606,0.00010056,111.00000000,0
1531295122337,1531295122332,1175607,0.00010007,29.00000000,1
1531295122337,1531295122332,1175608,0.00010006,82.00000000,1
1531295122337,1531295122332,1175609,0.00010000,389.00000000,1
1531295123543,1531295123539,1175610,0.00010057,26.00000000,0
1531295123543,1531295123539,1175611,0.00010067,75.00000000,0
1531295123706,1531295123703,1175612,0.00010074,184.00000000,0
1531295125186,1531295125181,1175613,0.00010075,10.00000000,0
1531295126153,1531295126148,1175614,0.00010075,220.00000000,0
1531295190420,1531295190419,1175615,0.00010006,469.00000000,1
1531295190420,1531295190419,1175616,0.00010005,17.00000000,1
1531295190420,1531295190419,1175617,0.00010000,14.00000000,1
1531295332302,1531295332299,1175618,0.00010056,29.00000000,0
1531295332302,1531295332299,1175619,0.00010057,25.00000000,0
1531295369413,1531295369410,1175620,0.00010075,464.00000000,0
1531295388180,1531295388175,1175621,0.00010079,1707.00000000,0
1531295554380,1531295554377,1175622,0.00010079,1.00000000,0
1531295554380,1531295554377,1175623,0.00010082,42.00000000,0
1531295639420,1531295639416,1175624,0.00010082,33.00000000,0
1531295842669,1531295842665,1175625,0.00010099,26.00000000,0
1531296038497,1531296038492,1175626,0.00010049,15.00000000,1
1531296038497,1531296038492,1175627,0.00010039,16.00000000,1
1531296170659,1531296170655,1175628,0.00010089,1.00000000,0
1531296664475,1531296664473,1175629,0.00010089,10.00000000,0
1531296708366,1531296708363,1175630,0.00010089,4.00000000,0
1531296708366,1531296708363,1175631,0.00010099,8.00000000,0
1531296708366,1531296708363,1175632,0.00010106,9.00000000,0
1531296724434,1531296724432,1175633,0.00010106,5.00000000,0
1531296724434,1531296724432,1175634,0.00010115,100.00000000,0
1531296734166,1531296734163,1175635,0.00010120,10.00000000,0
1531296758445,1531296758442,1175636,0.00010069,12.00000000,1
1531296762578,1531296762576,1175637,0.00010120,6.00000000,0
1531296799347,1531296799347,1175638,0.00010136,11.00000000,0
1531296799347,1531296799347,1175639,0.00010145,12.00000000,0
1531296804580,1531296804578,1175640,0.00010186,10.00000000,0
1531296806488,1531296806485,1175641,0.00010186,475.00000000,0
1531296812725,1531296812722,1175642,0.00010106,2.00000000,1
1531296829027,1531296829023,1175643,0.00010106,30.00000000,1
1531296874159,1531296874155,1175644,0.00010185,21.00000000,0
1531297005269,1531297005265,1175645,0.00010183,11.00000000,0
1531297091372,1531297091368,1175646,0.00010123,25.00000000,1
1531297091372,1531297091368,1175647,0.00010122,84.00000000,1
1531297098178,1531297098176,1175648,0.00010122,7.00000000,0
1531297121990,1531297121986,1175649,0.00010180,84.00000000,0
1531297121990,1531297121986,1175650,0.00010181,95.00000000,0
1531297131689,1531297131683,1175651,0.00010184,141.00000000,0
1531297140166,1531297140163,1175652,0.00010189,122.00000000,0
1531297284552,1531297284549,1175653,0.00010189,10.00000000,0
1531297285766,1531297285763,1175654,0.00010189,1686.00000000,0
1531297288243,1531297288238,1175655,0.00010189,2715.00000000,0
1531297288243,1531297288238,1175656,0.00010206,40.00000000,0
1531297307664,1531297307661,1175657,0.00010217,10.00000000,0
1531297368387,1531297368385,1175658,0.00010158,30.00000000,1
1531297370576,1531297370574,1175659,0.00010216,30.00000000,0
1531297377160,1531297377158,1175660,0.00010163,1.00000000,1
1531297385731,1531297385729,1175661,0.00010217,92.00000000,0
1531297461352,1531297461348,1175662,0.00010233,6.00000000,0
1531297461352,1531297461348,1175663,0.00010254,4.00000000,0
1531297480570,1531297480565,1175664,0.00010250,10.00000000,0
1531297490563,1531297490560,1175665,0.00010202,237.00000000,1
1531297497824,1531297497823,1175666,0.00010187,20.00000000,1
1531297501303,1531297501298,1175667,0.00010250,10.00000000,0
1531297503464,1531297503460,1175668,0.00010191,97.00000000,1
1531297523781,1531297523779,1175669,0.00010247,73.00000000,0
1531297530312,1531297530309,1175670,0.00010247,24.00000000,0
1531297530312,1531297530309,1175671,0.00010248,83.00000000,0
1531297544165,1531297544163,1175672,0.00010250,10.00000000,0
1531297558267,1531297558264,1175673,0.00010250,9.00000000,0
1531297558267,1531297558264,1175674,0.00010259,100.00000000,0
1531297558267,1531297558264,1175675,0.00010260,83.00000000,0
1531297562820,1531297562815,1175676,0.00010319,22.00000000,0
1531297562820,1531297562815,1175677,0.00010344,58.00000000,0
1531297564490,1531297564486,1175678,0.00010349,10.00000000,0
1531297576557,1531297576554,1175679,0.00010349,144.00000000,0
1531297576557,1531297576554,1175680,0.00010350,128.00000000,0
1531297584884,1531297584882,1175681,0.00010240,489.00000000,1
1531297584884,1531297584882,1175682,0.00010239,438.00000000,1
1531297584884,1531297584882,1175683,0.00010238,602.00000000,1
1531297585304,1531297585304,1175684,0.00010234,5728.00000000,0
1531297585418,1531297585414,1175685,0.00010234,282.00000000,0
1531297586134,1531297586133,1175686,0.00010234,82.00000000,0
1531297586290,1531297586284,1175687,0.00010234,735.00000000,0
1531297586389,1531297586387,1175688,0.00010234,40.00000000,0
1531297613320,1531297613317,1175689,0.00010306,35.00000000,0
1531297613320,1531297613317,1175690,0.00010307,157.00000000,0
1531297616059,1531297616057,1175691,0.00010307,30.00000000,0
1531297622045,1531297622042,1175692,0.00010309,36.00000000,1
1531297629407,1531297629404,1175693,0.00010363,10.00000000,0
1531297633890,1531297633885,1175694,0.00010307,5.00000000,1
1531297634183,1531297634180,1175695,0.00010307,3.00000000,1
1531297634847,1531297634842,1175696,0.00010308,4.00000000,1
1531297647911,1531297647908,1175697,0.00010315,490.00000000,1
1531297648384,1531297648383,1175698,0.00010307,57.00000000,1
1531297649303,1531297649300,1175699,0.00010308,331.00000000,0
1531297649350,1531297649347,1175700,0.00010307,26.00000000,1
1531297650576,1531297650573,1175701,0.00010307,24.00000000,1
1531297652190,1531297652189,1175702,0.00010308,106.00000000,0
1531297655083,1531297655078,1175703,0.00010309,282.00000000,0
1531297658386,1531297658382,1175704,0.00010309,49.00000000,0
1531297660100,1531297660095,1175705,0.00010310,145.00000000,1
1531297660100,1531297660095,1175706,0.00010309,84.00000000,1
1531297660100,1531297660095,1175707,0.00010263,22.00000000,1
1531297669530,1531297669528,1175708,0.00010361,37.00000000,0
1531297675280,1531297675276,1175709,0.00010360,10.00000000,0
1531297679840,1531297679837,1175710,0.00010274,21.00000000,1
1531297680386,1531297680383,1175711,0.00010358,10.00000000,0
1531297687481,1531297687478,1175712,0.00010291,12.00000000,0
1531297688548,1531297688545,1175713,0.00010290,21.00000000,0
1531297688548,1531297688545,1175714,0.00010291,46.00000000,0
1531297695353,1531297695350,1175715,0.00010292,22.00000000,0
1531297695353,1531297695350,1175716,0.00010294,24.00000000,0
1531297706364,1531297706360,1175717,0.00010363,10.00000000,0
1531297711071,1531297711066,1175718,0.00010363,97.00000000,0
1531297741442,1531297741438,1175719,0.00010312,66.00000000,1
1531297756555,1531297756549,1175720,0.00010363,18.00000000,0
1531297756555,1531297756549,1175721,0.00010364,11.00000000,0
1531297784528,1531297784525,1175722,0.00010396,10.00000000,0
1531297796135,1531297796133,1175723,0.00010396,2.00000000,0
1531297860244,1531297860243,1175724,0.00010371,36.00000000,1
1531297874483,1531297874480,1175725,0.00010412,10.00000000,0
1531297875715,1531297875713,1175726,0.00010380,1.00000000,1
1531297877228,1531297877225,1175727,0.00010380,34.00000000,1
1531297878398,1531297878395,1175728,0.00010395,10.00000000,0
1531297909697,1531297909694,1175729,0.00010394,405.00000000,0
1531297909697,1531297909694,1175730,0.00010396,279.00000000,0
1531297917493,1531297917490,1175731,0.00010395,53.00000000,0
1531297917787,1531297917784,1175732,0.00010395,29.00000000,0
1531297917787,1531297917784,1175733,0.00010396,23.00000000,0
1531297930298,1531297930296,1175734,0.00010355,36.00000000,1
1531297933177,1531297933174,1175735,0.00010311,53.00000000,1
1531297936670,1531297936667,1175736,0.00010314,99.00000000,1
1531297937297,1531297937293,1175737,0.00010314,8.00000000,1
1531297937297,1531297937293,1175738,0.00010312,91.00000000,1
1531297938275,1531297938272,1175739,0.00010313,99.00000000,1
1531297938318,1531297938315,1175740,0.00010313,99.00000000,1
1531297939684,1531297939682,1175741,0.00010394,198.00000000,0
1531297939684,1531297939682,1175742,0.00010395,53.00000000,0
1531297942339,1531297942336,1175743,0.00010395,107.00000000,0
1531297942686,1531297942683,1175744,0.00010317,86.00000000,1
1531297942686,1531297942683,1175745,0.00010316,104.00000000,1
1531297949044,1531297949041,1175746,0.00010395,127.00000000,0
1531297956337,1531297956334,1175747,0.00010396,10.00000000,0
1531297972334,1531297972328,1175748,0.00010396,34.00000000,0
1531297972334,1531297972328,1175749,0.00010415,201.00000000,0
1531297976361,1531297976360,1175750,0.00010444,10.00000000,0
1531297983691,1531297983690,1175751,0.00010444,5.00000000,0
1531297984403,1531297984401,1175752,0.00010444,31.00000000,1
1531297998959,1531297998956,1175753,0.00010427,36.00000000,1
1531298037463,1531298037460,1175754,0.00010472,10.00000000,0
1531298051218,1531298051215,1175755,0.00010535,36.00000000,0
1531298051218,1531298051215,1175756,0.00010558,602.00000000,0
1531298051218,1531298051215,1175757,0.00010559,336.00000000,0
1531298059442,1531298059440,1175758,0.00010451,593.00000000,1
1531298059442,1531298059440,1175759,0.00010445,571.00000000,1
1531298070108,1531298070104,1175760,0.00010536,145.00000000,1
1531298070515,1531298070513,1175761,0.00010536,34.00000000,1
1531298071504,1531298071500,1175762,0.00010535,36.00000000,1
1531298071505,1531298071502,1175763,0.00010446,6.00000000,1
1531298071766,1531298071764,1175764,0.00010536,2.00000000,0
1531298071766,1531298071764,1175765,0.00010576,93.00000000,0
1531298071824,1531298071819,1175766,0.00010576,500.00000000,0
1531298071824,1531298071819,1175767,0.00010577,4.00000000,0
1531298074175,1531298074171,1175768,0.00010576,179.00000000,0
1531298074175,1531298074171,1175769,0.00010577,359.00000000,0
1531298105163,1531298105161,1175770,0.00010652,15.00000000,0
1531298105163,1531298105161,1175771,0.00010657,11.00000000,0
1531298105606,1531298105604,1175772,0.00010709,91.00000000,1
1531298106539,1531298106538,1175773,0.00010650,64.00000000,0
1531298107413,1531298107413,1175774,0.00010555,1.00000000,1
1531298107658,1531298107654,1175775,0.00010556,70.00000000,1
1531298116840,1531298116837,1175776,0.00010650,2.00000000,0
1531298116840,1531298116837,1175777,0.00010665,17.00000000,0
1531298116840,1531298116837,1175778,0.00010699,20.00000000,0
1531298117071,1531298117068,1175779,0.00010699,50.00000000,0
1531298117071,1531298117068,1175780,0.00010700,300.00000000,0
1531298119425,1531298119421,1175781,0.00010721,35.00000000,0
1531298119425,1531298119421,1175782,0.00010733,38.00000000,0
1531298121575,1531298121572,1175783,0.00010752,10.00000000,0
1531298123921,1531298123914,1175784,0.00010752,244.00000000,0
1531298128359,1531298128357,1175785,0.00010766,56.00000000,0
1531298129367,1531298129363,1175786,0.00010800,821.00000000,0
1531298132219,1531298132218,1175787,0.00010800,494.00000000,0
1531298134379,1531298134375,1175788,0.00010800,480.00000000,0
1531298140594,1531298140591,1175789,0.00010653,104.00000000,1
1531298142376,1531298142374,1175790,0.00010831,20.00000000,0
1531298142376,1531298142374,1175791,0.00010833,785.00000000,0
1531298146632,1531298146629,1175792,0.00010669,48.00000000,1
1531298148250,1531298148246,1175793,0.00010670,49.00000000,1
1531298150731,1531298150728,1175794,0.00010671,53.00000000,0
1531298150797,1531298150793,1175795,0.00010671,14.00000000,1
1531298150797,1531298150793,1175796,0.00010668,196.00000000,1
1531298151463,1531298151458,1175797,0.00010669,50.00000000,1
1531298152283,1531298152281,1175798,0.00010670,53.00000000,1
1531298152779,1531298152776,1175799,0.00010670,85.00000000,1
1531298153354,1531298153349,1175800,0.00010722,48.00000000,0
1531298153354,1531298153349,1175801,0.00010723,117.00000000,0
1531298153354,1531298153349,1175802,0.00010724,104.00000000,0
1531298153354,1531298153349,1175803,0.00010839,127.00000000,0
1531298153883,1531298153882,1175804,0.00010673,78.00000000,1
1531298155331,1531298155329,1175805,0.00010676,35.00000000,1
1531298155331,1531298155329,1175806,0.00010675,98.00000000,1
1531298162065,1531298162060,1175807,0.00010833,129.00000000,0
1531298162065,1531298162060,1175808,0.00010834,98.00000000,0
1531298162065,1531298162060,1175809,0.00010839,115.00000000,0
1531298162065,1531298162060,1175810,0.00010842,22.00000000,0
1531298166897,1531298166894,1175811,0.00010876,11.00000000,0
1531298167863,1531298167860,1175812,0.00010876,93.00000000,1
1531298168306,1531298168303,1175813,0.00010890,74.00000000,0
1531298168306,1531298168303,1175814,0.00010895,30.00000000,0
1531298168306,1531298168303,1175815,0.00010902,18.00000000,0
1531298168451,1531298168447,1175816,0.00010877,1.00000000,1
1531298168854,1531298168850,1175817,0.00010903,14.00000000,0
1531298168854,1531298168850,1175818,0.00010906,11.00000000,0
1531298168854,1531298168850,1175819,0.00010923,22.00000000,0
1531298168854,1531298168850,1175820,0.00010951,11.00000000,0
1531298168854,1531298168850,1175821,0.00010956,30.00000000,0
1531298168869,1531298168869,1175822,0.00010962,341.00000000,1
1531298169669,1531298169667,1175823,0.00010999,53.00000000,0
1531298171371,1531298171369,1175824,0.00010999,36.00000000,0
1531298171371,1531298171369,1175825,0.00011000,96.00000000,0
1531298173624,1531298173622,1175826,0.00011050,10.00000000,0
1531298173624,1531298173622,1175827,0.00011120,14.00000000,0
1531298176301,1531298176299,1175828,0.00010963,13.00000000,1
1531298176301,1531298176299,1175829,0.00010881,57.00000000,1
1531298177587,1531298177583,1175830,0.00011051,13.00000000,0
1531298177587,1531298177583,1175831,0.00011154,950.00000000,0
1531298177587,1531298177583,1175832,0.00011170,287.00000000,0
1531298178335,1531298178334,1175833,0.00010918,54.00000000,1
1531298178335,1531298178334,1175834,0.00010887,28.00000000,1
1531298178946,1531298178942,1175835,0.00010887,53.00000000,1
1531298179760,1531298179759,1175836,0.00011153,93.00000000,1
1531298179830,1531298179830,1175837,0.00011153,129.00000000,1
1531298180403,1531298180401,1175838,0.00011147,11.00000000,0
1531298184332,1531298184329,1175839,0.00010946,160.00000000,1
1531298186840,1531298186837,1175840,0.00011146,57.00000000,0
1531298186840,1531298186837,1175841,0.00011147,70.00000000,0
1531298186840,1531298186837,1175842,0.00011153,342.00000000,0
1531298186840,1531298186837,1175843,0.00011154,31.00000000,0
1531298187608,1531298187587,1175844,0.00011151,131.00000000,1
1531298187903,1531298187900,1175845,0.00011151,157.00000000,1
1531298190578,1531298190571,1175846,0.00011153,160.00000000,0
1531298190578,1531298190571,1175847,0.00011154,23.00000000,0
1531298190578,1531298190571,1175848,0.00011170,12.00000000,0
1531298191249,1531298191246,1175849,0.00011200,9.00000000,0
1531298192089,1531298192084,1175850,0.00011151,9.00000000,1
1531298192684,1531298192680,1175851,0.00011151,1.00000000,1
1531298193134,1531298193129,1175852,0.00011017,28.00000000,1
1531298193325,1531298193321,1175853,0.00011151,39.00000000,0
1531298193325,1531298193321,1175854,0.00011200,220.00000000,0
1531298195745,1531298195741,1175855,0.00011185,10.00000000,1
1531298197607,1531298197603,1175856,0.00011154,212.00000000,1
1531298197607,1531298197603,1175857,0.00011153,363.00000000,1
1531298197952,1531298197950,1175858,0.00011185,43.00000000,0
1531298198001,1531298197999,1175859,0.00011185,436.00000000,1
1531298198001,1531298197999,1175860,0.00011153,32.00000000,1
1531298202304,1531298202302,1175861,0.00011159,321.00000000,1
1531298203887,1531298203884,1175862,0.00011197,28.00000000,0
1531298203887,1531298203884,1175863,0.00011200,39.00000000,0
1531298203887,1531298203884,1175864,0.00011220,121.00000000,0
1531298204117,1531298204115,1175865,0.00011244,11.00000000,0
1531298204117,1531298204115,1175866,0.00011250,181.00000000,0
1531298204117,1531298204115,1175867,0.00011277,23.00000000,0
1531298204117,1531298204115,1175868,0.00011298,25.00000000,0
1531298205541,1531298205538,1175869,0.00011245,2.00000000,1
1531298205723,1531298205720,1175870,0.00011296,261.00000000,0
1531298205817,1531298205814,1175871,0.00011296,261.00000000,0
1531298207337,1531298207334,1175872,0.00011246,287.00000000,1
1531298207393,1531298207390,1175873,0.00011296,422.00000000,0
1531298207741,1531298207737,1175874,0.00011299,404.00000000,0
1531298207792,1531298207790,1175875,0.00011299,116.00000000,0
1531298208163,1531298208160,1175876,0.00011297,63.00000000,1
1531298209410,1531298209408,1175877,0.00011298,557.00000000,0
1531298211500,1531298211496,1175878,0.00011298,830.00000000,0
1531298212276,1531298212273,1175879,0.00011297,114.00000000,1
1531298212276,1531298212273,1175880,0.00011221,173.00000000,1
1531298213147,1531298213144,1175881,0.00011296,173.00000000,0
1531298213147,1531298213144,1175882,0.00011297,134.00000000,0
1531298213586,1531298213581,1175883,0.00011297,78.00000000,0
1531298213586,1531298213581,1175884,0.00011299,129.00000000,0
1531298215064,1531298215058,1175885,0.00011298,90.00000000,0
1531298215064,1531298215058,1175886,0.00011299,255.00000000,0
1531298215714,1531298215711,1175887,0.00011299,52.00000000,0
1531298216758,1531298216754,1175888,0.00011224,116.00000000,1
1531298216758,1531298216754,1175889,0.00011223,27.00000000,1
1531298217223,1531298217221,1175890,0.00011223,297.00000000,1
1531298217223,1531298217221,1175891,0.00011222,113.00000000,1
1531298217556,1531298217552,1175892,0.00011223,104.00000000,1
1531298217858,1531298217855,1175893,0.00011224,81.00000000,1
1531298217858,1531298217855,1175894,0.00011223,141.00000000,1
1531298221699,1531298221696,1175895,0.00011222,123.00000000,1
1531298221699,1531298221696,1175896,0.00011220,20.00000000,1
1531298224523,1531298224520,1175897,0.00011222,10.00000000,0
1531298226083,1531298226080,1175898,0.00011220,11.00000000,1
1531298226593,1531298226590,1175899,0.00011223,22.00000000,1
1531298226593,1531298226590,1175900,0.00011220,121.00000000,1
1531298227347,1531298227344,1175901,0.00011288,118.00000000,0
1531298227347,1531298227344,1175902,0.00011289,245.00000000,0
1531298227443,1531298227440,1175903,0.00011290,77.00000000,1
1531298229013,1531298229012,1175904,0.00011298,202.00000000,0
1531298229179,1531298229176,1175905,0.00011290,18.00000000,1
1531298229179,1531298229176,1175906,0.00011220,26.00000000,1
1531298232356,1531298232353,1175907,0.00011298,188.00000000,0
1531298233668,1531298233665,1175908,0.00011290,36.00000000,1
1531298238065,1531298238063,1175909,0.00011290,399.00000000,1
1531298238894,1531298238892,1175910,0.00011298,209.00000000,0
1531298243332,1531298243329,1175911,0.00011290,240.00000000,1
1531298245964,1531298245962,1175912,0.00011290,8.00000000,1
1531298248028,1531298248025,1175913,0.00011290,6.00000000,1
1531298248064,1531298248063,1175914,0.00011290,4.00000000,1
1531298253005,1531298253001,1175915,0.00011290,223.00000000,1
1531298253708,1531298253706,1175916,0.00011297,22.00000000,0
1531298253708,1531298253706,1175917,0.00011299,814.00000000,0
1531298254396,1531298254393,1175918,0.00011299,579.00000000,0
1531298255452,1531298255452,1175919,0.00011299,42.00000000,0
1531298255923,1531298255919,1175920,0.00011298,112.00000000,0
1531298255923,1531298255919,1175921,0.00011299,73.00000000,0
1531298256933,1531298256930,1175922,0.00011299,61.00000000,0
1531298260324,1531298260321,1175923,0.00011290,40.00000000,1
1531298262788,1531298262785,1175924,0.00011290,10.00000000,1
1531298271131,1531298271128,1175925,0.00011299,1067.00000000,0
1531298271856,1531298271855,1175926,0.00011299,964.00000000,0
1531298272323,1531298272321,1175927,0.00011299,757.00000000,0
1531298272738,1531298272735,1175928,0.00011299,237.00000000,0
1531298273018,1531298273016,1175929,0.00011299,41.00000000,0
1531298273450,1531298273448,1175930,0.00011299,883.00000000,0
1531298273762,1531298273760,1175931,0.00011299,38.00000000,0
1531298273762,1531298273760,1175932,0.00011300,152.00000000,0
1531298273762,1531298273760,1175933,0.00011316,96.00000000,0
1531298273762,1531298273760,1175934,0.00011318,70.00000000,0
1531298276884,1531298276881,1175935,0.00011333,55.00000000,0
1531298277080,1531298277077,1175936,0.00011333,20.00000000,0
1531298282589,1531298282586,1175937,0.00011333,16.00000000,0
1531298284482,1531298284479,1175938,0.00011340,49.00000000,0
1531298284482,1531298284479,1175939,0.00011352,38.00000000,0
1531298287377,1531298287376,1175940,0.00011352,347.00000000,0
1531298287377,1531298287376,1175941,0.00011371,217.00000000,0
1531298288077,1531298288073,1175942,0.00011350,20.00000000,1
1531298288707,1531298288704,1175943,0.00011371,52.00000000,0
1531298289113,1531298289112,1175944,0.00011371,257.00000000,0
1531298289792,1531298289790,1175945,0.00011352,156.00000000,1
1531298290334,1531298290329,1175946,0.00011371,220.00000000,0
1531298290334,1531298290329,1175947,0.00011380,585.00000000,0
1531298290334,1531298290329,1175948,0.00011400,503.00000000,0
1531298290334,1531298290329,1175949,0.00011401,55.00000000,0
1531298290334,1531298290329,1175950,0.00011440,108.00000000,0
1531298290334,1531298290329,1175951,0.00011444,36.00000000,0
1531298290334,1531298290329,1175952,0.00011445,33.00000000,0
1531298290334,1531298290329,1175953,0.00011465,190.00000000,0
1531298291077,1531298291073,1175954,0.00011354,324.00000000,1
1531298291077,1531298291073,1175955,0.00011353,229.00000000,1
1531298291520,1531298291518,1175956,0.00011465,185.00000000,0
1531298292230,1531298292228,1175957,0.00011464,109.00000000,0
1531298292549,1531298292547,1175958,0.00011464,58.00000000,0
1531298292741,1531298292739,1175959,0.00011464,300.00000000,0
1531298292741,1531298292739,1175960,0.00011467,126.00000000,0
1531298295080,1531298295078,1175961,0.00011470,331.00000000,0
1531298295603,1531298295600,1175962,0.00011470,28.00000000,0
1531298295783,1531298295781,1175963,0.00011467,86.00000000,1
1531298295909,1531298295907,1175964,0.00011470,106.00000000,0
1531298297438,1531298297434,1175965,0.00011471,13.00000000,0
1531298297438,1531298297434,1175966,0.00011473,625.00000000,0
1531298297438,1531298297434,1175967,0.00011480,318.00000000,0
1531298297438,1531298297434,1175968,0.00011500,267.00000000,0
1531298297453,1531298297451,1175969,0.00011500,1265.00000000,1
1531298297455,1531298297453,1175970,0.00011500,796.00000000,1
1531298297488,1531298297486,1175971,0.00011500,63.00000000,1
1531298297508,1531298297505,1175972,0.00011500,237.00000000,1
1531298297511,1531298297509,1175973,0.00011500,1894.00000000,1
1531298297651,1531298297649,1175974,0.00011467,248.00000000,1
1531298297817,1531298297815,1175975,0.00011494,961.00000000,0
1531298301952,1531298301949,1175976,0.00011493,300.00000000,0
1531298301952,1531298301949,1175977,0.00011494,110.00000000,0
1531298306343,1531298306339,1175978,0.00011493,124.00000000,0
1531298306343,1531298306339,1175979,0.00011494,302.00000000,0
1531298306343,1531298306339,1175980,0.00011506,193.00000000,0
1531298306376,1531298306372,1175981,0.00011467,393.00000000,1
1531298307343,1531298307340,1175982,0.00011510,67.00000000,0
1531298307343,1531298307340,1175983,0.00011537,12.00000000,0
1531298307343,1531298307340,1175984,0.00011550,54.00000000,0
1531298308194,1531298308191,1175985,0.00011471,273.00000000,1
1531298308194,1531298308191,1175986,0.00011470,7.00000000,1
1531298308884,1531298308880,1175987,0.00011548,606.00000000,0
1531298309497,1531298309495,1175988,0.00011548,42.00000000,0
1531298309819,1531298309818,1175989,0.00011494,2043.00000000,1
1531298311075,1531298311073,1175990,0.00011479,36.00000000,0
1531298312487,1531298312485,1175991,0.00011470,20.00000000,1
1531298312514,1531298312511,1175992,0.00011479,997.00000000,0
1531298312522,1531298312519,1175993,0.00011479,234.00000000,0
1531298312794,1531298312792,1175994,0.00011550,39.00000000,0
1531298312794,1531298312792,1175995,0.00011552,408.00000000,0
1531298312794,1531298312792,1175996,0.00011563,54.00000000,0
1531298312816,1531298312812,1175997,0.00011563,280.00000000,1
1531298313359,1531298313357,1175998,0.00011548,75.00000000,1
1531298316599,1531298316597,1175999,0.00011548,115.00000000,1
1531298317384,1531298317381,1176000,0.00011569,20.00000000,0
1531298317384,1531298317381,1176001,0.00011570,182.00000000,0
1531298317947,1531298317945,1176002,0.00011548,280.00000000,1
1531298318481,1531298318478,1176003,0.00011548,43.00000000,1
1531298318617,1531298318615,1176004,0.00011548,20.00000000,1
1531298319923,1531298319921,1176005,0.00011548,50.00000000,1
1531298322401,1531298322399,1176006,0.00011570,465.00000000,0
1531298322402,1531298322399,1176007,0.00011575,25779.00000000,0
1531298322658,1531298322656,1176008,0.00011550,248.00000000,1
1531298323516,1531298323514,1176009,0.00011585,35.00000000,1
1531298323646,1531298323642,1176010,0.00011599,237.00000000,0
1531298324558,1531298324553,1176011,0.00011599,36.00000000,0
1531298324558,1531298324553,1176012,0.00011600,76.00000000,0
1531298324558,1531298324553,1176013,0.00011624,10.00000000,0
1531298324558,1531298324553,1176014,0.00011636,50.00000000,0
1531298324558,1531298324553,1176015,0.00011639,65.00000000,0
1531298324558,1531298324553,1176016,0.00011650,69.00000000,0
1531298324558,1531298324553,1176017,0.00011655,68.00000000,0
1531298324558,1531298324553,1176018,0.00011667,51.00000000,0
1531298324558,1531298324553,1176019,0.00011680,105.00000000,0
1531298324558,1531298324553,1176020,0.00011700,670.00000000,0
1531298324717,1531298324714,1176021,0.00011586,1.00000000,1
1531298324732,1531298324730,1176022,0.00011586,68.00000000,1
1531298324920,1531298324918,1176023,0.00011700,10.00000000,0
1531298325161,1531298325156,1176024,0.00011700,533.00000000,0
1531298325161,1531298325156,1176025,0.00011703,13.00000000,0
1531298325161,1531298325156,1176026,0.00011704,31.00000000,0
1531298325216,1531298325213,1176027,0.00011704,10.00000000,1
1531298325998,1531298325993,1176028,0.00011616,47.00000000,1
1531298326371,1531298326369,1176029,0.00011619,415.00000000,1
1531298328469,1531298328465,1176030,0.00011699,69.00000000,0
1531298328506,1531298328503,1176031,0.00011699,333.00000000,1
1531298329480,1531298329479,1176032,0.00011699,60.00000000,1
1531298330122,1531298330121,1176033,0.00011704,10.00000000,0
1531298330122,1531298330121,1176034,0.00011723,64.00000000,0
1531298330584,1531298330582,1176035,0.00011723,142.00000000,0
1531298330724,1531298330722,1176036,0.00011730,583.00000000,1
1531298330802,1531298330802,1176037,0.00011730,95.00000000,1
1531298331081,1531298331078,1176038,0.00011730,34.00000000,1
1531298331081,1531298331078,1176039,0.00011723,530.00000000,1
1531298331357,1531298331355,1176040,0.00011750,104.00000000,0
1531298331357,1531298331355,1176041,0.00011755,102.00000000,0
1531298332851,1531298332848,1176042,0.00011772,300.00000000,0
1531298333839,1531298333837,1176043,0.00011777,39.00000000,0
1531298333839,1531298333837,1176044,0.00011788,4.00000000,0
1531298334274,1531298334271,1176045,0.00011792,9.00000000,1
1531298334275,1531298334271,1176046,0.00011776,10.00000000,1
1531298335085,1531298335082,1176047,0.00011776,42.00000000,1
1531298335085,1531298335082,1176048,0.00011772,411.00000000,1
1531298335933,1531298335932,1176049,0.00011772,27.00000000,1
1531298336383,1531298336379,1176050,0.00011800,112.00000000,0
1531298336383,1531298336379,1176051,0.00011824,47.00000000,0
1531298336394,1531298336389,1176052,0.00011824,27.00000000,0
1531298336394,1531298336389,1176053,0.00011829,66.00000000,0
1531298336394,1531298336389,1176054,0.00011839,60.00000000,0
1531298336394,1531298336389,1176055,0.00011840,168.00000000,0
1531298336428,1531298336422,1176056,0.00011772,989.00000000,1
1531298336428,1531298336422,1176057,0.00011723,2229.00000000,1
1531298336428,1531298336422,1176058,0.00011699,1580.00000000,1
1531298336428,1531298336422,1176059,0.00011693,312.00000000,1
1531298336428,1531298336422,1176060,0.00011650,788.00000000,1
1531298336428,1531298336422,1176061,0.00011631,51.00000000,1
1531298336428,1531298336422,1176062,0.00011619,80.00000000,1
1531298336428,1531298336422,1176063,0.00011616,110.00000000,1
1531298336428,1531298336422,1176064,0.00011592,646.00000000,1
1531298336428,1531298336422,1176065,0.00011583,9.00000000,1
1531298336449,1531298336448,1176066,0.00011575,888.00000000,0
1531298336455,1531298336454,1176067,0.00011575,296.00000000,0
1531298336459,1531298336459,1176068,0.00011575,296.00000000,0
1531298336475,1531298336472,1176069,0.00011575,9.00000000,0
1531298336476,1531298336474,1176070,0.00011575,296.00000000,0
1531298336489,1531298336485,1176071,0.00011575,296.00000000,0
1531298336504,1531298336502,1176072,0.00011575,1404.00000000,0
1531298336557,1531298336553,1176073,0.00011575,2360.00000000,0
1531298336654,1531298336651,1176074,0.00011575,296.00000000,0
1531298336674,1531298336671,1176075,0.00011575,173.00000000,0
1531298336714,1531298336712,1176076,0.00011575,144.00000000,1
1531298336714,1531298336712,1176077,0.00011561,151.00000000,1
1531298336785,1531298336784,1176078,0.00011583,125.00000000,0
1531298336792,1531298336790,1176079,0.00011583,158.00000000,0
1531298336856,1531298336838,1176080,0.00011583,305.00000000,0
1531298337124,1531298337120,1176081,0.00011562,43.00000000,1
1531298337124,1531298337120,1176082,0.00011561,349.00000000,1
1531298337124,1531298337120,1176083,0.00011550,203.00000000,1
1531298337124,1531298337120,1176084,0.00011548,330.00000000,1
1531298337124,1531298337120,1176085,0.00011540,13.00000000,1
1531298337124,1531298337120,1176086,0.00011502,12.00000000,1
1531298337124,1531298337120,1176087,0.00011500,12.00000000,1
1531298337124,1531298337120,1176088,0.00011497,54.00000000,1
1531298337124,1531298337120,1176089,0.00011484,12.00000000,1
1531298337124,1531298337120,1176090,0.00011479,397.00000000,1
1531298337124,1531298337120,1176091,0.00011467,203.00000000,1
1531298337233,1531298337230,1176092,0.00011583,845.00000000,0
1531298337243,1531298337238,1176093,0.00011583,47.00000000,0
1531298337243,1531298337238,1176094,0.00011676,9.00000000,0
1531298337243,1531298337238,1176095,0.00011771,43.00000000,0
1531298337243,1531298337238,1176096,0.00011772,296.00000000,0
1531298337243,1531298337238,1176097,0.00011799,788.00000000,0
1531298337243,1531298337238,1176098,0.00011800,51.00000000,0
1531298337243,1531298337238,1176099,0.00011840,142.00000000,0
1531298337243,1531298337238,1176100,0.00011850,68.00000000,0
1531298337243,1531298337238,1176101,0.00011863,52.00000000,0
1531298337243,1531298337238,1176102,0.00011879,38.00000000,0
1531298337243,1531298337238,1176103,0.00011880,252.00000000,0
1531298337243,1531298337238,1176104,0.00011887,414.00000000,0
1531298337321,1531298337318,1176105,0.00011760,10.00000000,0
1531298337321,1531298337318,1176106,0.00011887,1.00000000,0
1531298337321,1531298337318,1176107,0.00011890,37.00000000,0
1531298337321,1531298337318,1176108,0.00011900,81.00000000,0
1531298337418,1531298337414,1176109,0.00011583,83.00000000,0
1531298337481,1531298337478,1176110,0.00011583,46.00000000,0
1531298337494,1531298337492,1176111,0.00011825,213.00000000,0
1531298337522,1531298337519,1176112,0.00011825,591.00000000,0
1531298337522,1531298337519,1176113,0.00011900,3.00000000,0
1531298337650,1531298337647,1176114,0.00011765,11.00000000,0
1531298337670,1531298337667,1176115,0.00011586,296.00000000,1
1531298337702,1531298337698,1176116,0.00011586,168.00000000,1
1531298337702,1531298337698,1176117,0.00011585,127.00000000,1
1531298337857,1531298337855,1176118,0.00011586,116.00000000,1
1531298337989,1531298337987,1176119,0.00011586,203.00000000,1
1531298337989,1531298337987,1176120,0.00011585,93.00000000,1
1531298338198,1531298338197,1176121,0.00011585,305.00000000,1
1531298338303,1531298338300,1176122,0.00011585,291.00000000,1
1531298338485,1531298338482,1176123,0.00011583,5.00000000,0
1531298338494,1531298338491,1176124,0.00011609,13.00000000,0
1531298338494,1531298338491,1176125,0.00011727,54.00000000,0
1531298338494,1531298338491,1176126,0.00011760,36.00000000,0
1531298338627,1531298338625,1176127,0.00011587,320.00000000,1
1531298338627,1531298338625,1176128,0.00011586,131.00000000,1
1531298338656,1531298338653,1176129,0.00011583,100.00000000,0
1531298338673,1531298338670,1176130,0.00011583,100.00000000,0
1531298338710,1531298338707,1176131,0.00011583,188.00000000,0
1531298338813,1531298338809,1176132,0.00011555,200.00000000,1
1531298338813,1531298338809,1176133,0.00011554,37.00000000,1
1531298338944,1531298338942,1176134,0.00011582,47.00000000,0
1531298339296,1531298339292,1176135,0.00011582,436.00000000,0
1531298339296,1531298339292,1176136,0.00011583,2699.00000000,0
1531298339329,1531298339327,1176137,0.00011583,226.00000000,0
1531298339703,1531298339700,1176138,0.00011550,108.00000000,1
1531298339703,1531298339700,1176139,0.00011528,53.00000000,1
1531298339703,1531298339700,1176140,0.00011467,62.00000000,1
1531298339703,1531298339700,1176141,0.00011465,231.00000000,1
1531298339948,1531298339946,1176142,0.00011613,43.00000000,0
1531298339948,1531298339946,1176143,0.00011759,87.00000000,0
1531298340284,1531298340282,1176144,0.00011583,296.00000000,1
1531298341256,1531298341255,1176145,0.00011586,47.00000000,1
1531298341287,1531298341286,1176146,0.00011586,222.00000000,1
1531298341302,1531298341300,1176147,0.00011586,2.00000000,1
1531298341302,1531298341300,1176148,0.00011585,112.00000000,1
1531298341354,1531298341351,1176149,0.00011585,56.00000000,1
1531298341354,1531298341351,1176150,0.00011584,43.00000000,1
1531298341354,1531298341351,1176151,0.00011583,86.00000000,1
1531298341354,1531298341351,1176152,0.00011550,136.00000000,1
1531298342053,1531298342051,1176153,0.00011617,34.00000000,1
1531298343117,1531298343114,1176154,0.00011639,24.00000000,0
1531298343957,1531298343954,1176155,0.00011551,170.00000000,1
1531298345225,1531298345222,1176156,0.00011551,9.00000000,1
1531298346031,1531298346029,1176157,0.00011637,35.00000000,0
1531298346868,1531298346864,1176158,0.00011619,35.00000000,0
1531298346871,1531298346865,1176159,0.00011619,27.00000000,0
1531298346899,1531298346895,1176160,0.00011551,176.00000000,1
1531298347107,1531298347103,1176161,0.00011551,158.00000000,1
1531298347167,1531298347166,1176162,0.00011551,168.00000000,1
1531298347216,1531298347214,1176163,0.00011551,183.00000000,1
1531298347216,1531298347214,1176164,0.00011500,68.00000000,1
1531298347296,1531298347294,1176165,0.00011500,257.00000000,1
1531298348377,1531298348373,1176166,0.00011500,204.00000000,1
1531298348377,1531298348373,1176167,0.00011483,434.00000000,1
1531298348377,1531298348373,1176168,0.00011473,562.00000000,1
1531298349129,1531298349126,1176169,0.00011618,147.00000000,0
1531298350232,1531298350230,1176170,0.00011617,36.00000000,0
1531298351483,1531298351480,1176171,0.00011615,12.00000000,0
1531298352664,1531298352661,1176172,0.00011554,42.00000000,1
1531298354251,1531298354249,1176173,0.00011555,356.00000000,1
1531298354415,1531298354410,1176174,0.00011554,43.00000000,1
1531298354679,1531298354672,1176175,0.00011574,19.00000000,0
1531298354679,1531298354672,1176176,0.00011582,202.00000000,0
1531298357845,1531298357843,1176177,0.00011596,198.00000000,1
1531298357845,1531298357843,1176178,0.00011582,364.00000000,1
1531298358536,1531298358536,1176179,0.00011582,434.00000000,1
1531298359079,1531298359075,1176180,0.00011605,34.00000000,0
1531298359079,1531298359075,1176181,0.00011606,260.00000000,0
1531298359079,1531298359075,1176182,0.00011607,136.00000000,0
1531298359079,1531298359075,1176183,0.00011610,70.00000000,0
1531298359579,1531298359577,1176184,0.00011611,18.00000000,0
1531298359579,1531298359577,1176185,0.00011617,646.00000000,0
1531298359579,1531298359577,1176186,0.00011620,52.00000000,0
1531298359793,1531298359791,1176187,0.00011663,192.00000000,1
1531298360141,1531298360137,1176188,0.00011680,92.00000000,0
1531298360141,1531298360137,1176189,0.00011681,43.00000000,0
1531298360141,1531298360137,1176190,0.00011682,53.00000000,0
1531298360141,1531298360137,1176191,0.00011734,46.00000000,0
1531298362764,1531298362762,1176192,0.00011669,109.00000000,1
1531298362764,1531298362762,1176193,0.00011665,240.00000000,1
1531298362840,1531298362837,1176194,0.00011670,28.00000000,1
1531298362841,1531298362837,1176195,0.00011670,88.00000000,1
1531298364016,1531298364013,1176196,0.00011732,1.00000000,0
1531298364060,1531298364057,1176197,0.00011714,53.00000000,1
1531298364292,1531298364290,1176198,0.00011690,47.00000000,1
1531298364292,1531298364290,1176199,0.00011670,8.00000000,1
1531298365385,1531298365382,1176200,0.00011671,537.00000000,1
1531298365387,1531298365385,1176201,0.00011671,14.00000000,1
1531298365387,1531298365385,1176202,0.00011665,388.00000000,1
1531298365853,1531298365849,1176203,0.00011665,5.00000000,1
1531298365853,1531298365849,1176204,0.00011637,136.00000000,1
1531298366882,1531298366880,1176205,0.00011638,108.00000000,1
1531298368746,1531298368743,1176206,0.00011615,53.00000000,1
1531298368746,1531298368743,1176207,0.00011611,122.00000000,1
1531298368746,1531298368743,1176208,0.00011608,208.00000000,1
1531298368746,1531298368743,1176209,0.00011582,117.00000000,1
1531298371802,1531298371799,1176210,0.00011583,10.00000000,1
1531298371802,1531298371799,1176211,0.00011582,1461.00000000,1
1531298372643,1531298372641,1176212,0.00011633,25.00000000,0
1531298375634,1531298375630,1176213,0.00011612,189.00000000,0
1531298380161,1531298380159,1176214,0.00011583,50.00000000,1
1531298381886,1531298381884,1176215,0.00011582,500.00000000,1
1531298381977,1531298381974,1176216,0.00011582,108.00000000,1
1531298382893,1531298382890,1176217,0.00011582,551.00000000,1
1531298383299,1531298383296,1176218,0.00011582,27.00000000,1
1531298383299,1531298383296,1176219,0.00011581,190.00000000,1
1531298383299,1531298383296,1176220,0.00011580,16.00000000,1
1531298383299,1531298383296,1176221,0.00011567,1.00000000,1
1531298385051,1531298385048,1176222,0.00011582,67.00000000,0
1531298386621,1531298386617,1176223,0.00011567,47.00000000,1
1531298387287,1531298387286,1176224,0.00011567,345.00000000,1
1531298387559,1531298387556,1176225,0.00011567,136.00000000,1
1531298389872,1531298389870,1176226,0.00011567,307.00000000,1
1531298390324,1531298390321,1176227,0.00011567,27.00000000,1
1531298392981,1531298392979,1176228,0.00011515,27.00000000,1
1531298394442,1531298394438,1176229,0.00011515,347.00000000,0
1531298396621,1531298396618,1176230,0.00011503,35.00000000,1
1531298396621,1531298396618,1176231,0.00011500,386.00000000,1
1531298396621,1531298396618,1176232,0.00011464,9.00000000,1
1531298396621,1531298396618,1176233,0.00011447,130.00000000,1
1531298396621,1531298396618,1176234,0.00011410,10.00000000,1
1531298396621,1531298396618,1176235,0.00011400,13.00000000,1
