event_time,trade_time,trade_id,price,quantity,maker
1531210362490,1531210362485,18775916,0.00006996,47.00000000,1
1531210362835,1531210362833,18775917,0.00006999,155.00000000,0
1531210362848,1531210362843,18775918,0.00006996,71.00000000,1
1531210362958,1531210362955,18775919,0.00006995,425.00000000,1
1531210368996,1531210368991,18775920,0.00006996,17.00000000,0
1531210372669,1531210372665,18775921,0.00007001,500.00000000,0
1531210381205,1531210381199,18775922,0.00006996,71.00000000,1
1531210381205,1531210381199,18775923,0.00006995,1490.00000000,1
1531210390322,1531210390317,18775924,0.00006999,32.00000000,0
1531210390322,1531210390317,18775925,0.00007000,468.00000000,0
1531210391660,1531210391655,18775926,0.00006999,488.00000000,1
1531210391660,1531210391655,18775927,0.00006995,342.00000000,1
1531210399010,1531210399007,18775928,0.00007000,414.00000000,0
1531210399210,1531210399206,18775929,0.00007000,229.00000000,0
1531210401200,1531210401196,18775930,0.00006998,210.00000000,0
1531210403372,1531210403369,18775931,0.00006995,228.00000000,1
1531210408793,1531210408789,18775932,0.00006998,500.00000000,0
1531210409804,1531210409799,18775933,0.00006997,877.00000000,0
1531210409826,1531210409822,18775934,0.00006996,444.00000000,1
1531210410582,1531210410578,18775935,0.00006995,67.00000000,1
1531210412952,1531210412950,18775936,0.00006995,13503.00000000,1
1531210413483,1531210413477,18775937,0.00006991,5105.00000000,1
1531210422297,1531210422293,18775938,0.00006994,626.00000000,0
1531210422309,1531210422305,18775939,0.00006992,213.00000000,1
1531210426367,1531210426362,18775940,0.00006997,500.00000000,0
1531210430928,1531210430923,18775941,0.00006994,504.00000000,0
1531210432976,1531210432972,18775942,0.00006994,251.00000000,0
1531210433115,1531210433110,18775943,0.00006994,13.00000000,0
1531210433435,1531210433430,18775944,0.00006994,5000.00000000,0
1531210435007,1531210435003,18775945,0.00006994,124.00000000,0
1531210435748,1531210435743,18775946,0.00006991,2274.00000000,1
1531210436356,1531210436355,18775947,0.00006992,359.00000000,1
1531210436356,1531210436355,18775948,0.00006990,6741.00000000,1
1531210441182,1531210441178,18775949,0.00006992,75.00000000,0
1531210443223,1531210443218,18775950,0.00006992,37.00000000,0
1531210443795,1531210443791,18775951,0.00006991,500.00000000,0
1531210446695,1531210446690,18775952,0.00006991,1000.00000000,0
1531210449498,1531210449494,18775953,0.00006990,359.00000000,1
1531210449510,1531210449505,18775954,0.00006989,1327.00000000,1
1531210449531,1531210449526,18775955,0.00006989,3501.00000000,1
1531210456657,1531210456653,18775956,0.00006989,1172.00000000,1
1531210457217,1531210457213,18775957,0.00006989,1.00000000,0
1531210461601,1531210461596,18775958,0.00006989,500.00000000,0
1531210465184,1531210465178,18775959,0.00006989,2000.00000000,0
1531210466967,1531210466966,18775960,0.00006989,1.00000000,0
1531210471146,1531210471142,18775961,0.00006988,6200.00000000,1
1531210472273,1531210472267,18775962,0.00006986,1.00000000,1
1531210477294,1531210477288,18775963,0.00006986,1334.00000000,1
1531210477294,1531210477288,18775964,0.00006983,80.00000000,1
1531210477294,1531210477288,18775965,0.00006980,25.00000000,1
1531210479594,1531210479590,18775966,0.00006987,500.00000000,0
1531210483159,1531210483155,18775967,0.00006983,2648.00000000,0
1531210483168,1531210483164,18775968,0.00006985,1068.00000000,0
1531210485782,1531210485777,18775969,0.00006988,1300.00000000,0
1531210487853,1531210487848,18775970,0.00006988,10.00000000,0
1531210490838,1531210490833,18775971,0.00006988,848.00000000,0
1531210495700,1531210495694,18775972,0.00006987,5000.00000000,0
1531210498243,1531210498240,18775973,0.00006986,114.00000000,0
1531210498243,1531210498240,18775974,0.00006987,386.00000000,0
1531210499215,1531210499209,18775975,0.00006984,2547.00000000,0
1531210499231,1531210499227,18775976,0.00006982,1169.00000000,1
1531210506319,1531210506314,18775977,0.00006988,1600.00000000,0
1531210511032,1531210511028,18775978,0.00006988,55.00000000,0
1531210516897,1531210516893,18775979,0.00006987,1243.00000000,0
1531210516907,1531210516902,18775980,0.00006986,1128.00000000,1
1531210516928,1531210516922,18775981,0.00006985,957.00000000,1
1531210517282,1531210517277,18775982,0.00006988,500.00000000,0
1531210526033,1531210526029,18775983,0.00006988,1000.00000000,0
1531210526273,1531210526269,18775984,0.00006988,5000.00000000,0
1531210527266,1531210527261,18775985,0.00006984,1282.00000000,1
1531210533074,1531210533070,18775986,0.00006987,1188.00000000,0
1531210534757,1531210534752,18775987,0.00006988,500.00000000,0
1531210541990,1531210541985,18775988,0.00006984,588.00000000,1
1531210546988,1531210546981,18775989,0.00006988,580.00000000,0
1531210546988,1531210546981,18775990,0.00006989,420.00000000,0
1531210548280,1531210548277,18775991,0.00006989,50000.00000000,0
1531210552965,1531210552959,18775992,0.00006989,500.00000000,0
1531210556563,1531210556559,18775993,0.00006988,701.00000000,0
1531210556581,1531210556575,18775994,0.00006988,1031.00000000,0
1531210560878,1531210560874,18775995,0.00006989,365.00000000,0
1531210562462,1531210562456,18775996,0.00006989,76.00000000,0
1531210566336,1531210566330,18775997,0.00006989,1112.00000000,0
1531210566541,1531210566536,18775998,0.00006989,2368.00000000,1
1531210567430,1531210567424,18775999,0.00006988,1300.00000000,0
1531210570458,1531210570454,18776000,0.00006988,500.00000000,0
1531210578224,1531210578219,18776001,0.00006987,847.00000000,0
1531210585495,1531210585491,18776002,0.00006988,12.00000000,0
1531210585779,1531210585774,18776003,0.00006988,1600.00000000,0
1531210588012,1531210588006,18776004,0.00006988,500.00000000,0
1531210588522,1531210588517,18776005,0.00006988,1.00000000,0
1531210590099,1531210590094,18776006,0.00006984,1015.00000000,1
1531210590099,1531210590094,18776007,0.00006982,63.00000000,1
1531210590099,1531210590094,18776008,0.00006980,2229.00000000,1
1531210590282,1531210590277,18776009,0.00006980,63.00000000,1
1531210596768,1531210596763,18776010,0.00006981,1297.00000000,1
1531210604713,1531210604709,18776011,0.00006980,48.00000000,1
1531210605435,1531210605432,18776012,0.00006988,60.00000000,0
1531210605615,1531210605609,18776013,0.00006988,500.00000000,0
1531210605793,1531210605789,18776014,0.00006988,1600.00000000,0
1531210617826,1531210617822,18776015,0.00006984,10804.00000000,0
1531210617842,1531210617838,18776016,0.00006981,4254.00000000,1
1531210624840,1531210624835,18776017,0.00006988,500.00000000,0
1531210626410,1531210626406,18776018,0.00006988,1000.00000000,0
1531210629936,1531210629932,18776019,0.00006988,4.00000000,0
1531210632966,1531210632961,18776020,0.00006988,995.00000000,0
1531210633978,1531210633972,18776021,0.00006982,19.00000000,1
1531210635750,1531210635745,18776022,0.00006984,5926.00000000,1
1531210635766,1531210635762,18776023,0.00006983,7840.00000000,1
1531210642894,1531210642888,18776024,0.00006990,500.00000000,0
1531210647303,1531210647298,18776025,0.00006986,1266.00000000,0
1531210647315,1531210647311,18776026,0.00006983,532.00000000,1
1531210657520,1531210657516,18776027,0.00006990,955.00000000,0
1531210660565,1531210660561,18776028,0.00006990,500.00000000,0
1531210663803,1531210663799,18776029,0.00006986,5486.00000000,0
1531210663815,1531210663811,18776030,0.00006982,4035.00000000,1
1531210663835,1531210663830,18776031,0.00006981,5229.00000000,1
1531210678391,1531210678386,18776032,0.00006990,14.00000000,0
1531210678408,1531210678408,18776033,0.00006986,500.00000000,0
1531210678410,1531210678408,18776034,0.00006986,2259.00000000,0
1531210678419,1531210678414,18776035,0.00006986,500.00000000,1
1531210678419,1531210678414,18776036,0.00006982,2010.00000000,1
1531210679058,1531210679054,18776037,0.00006990,1800.00000000,0
1531210684496,1531210684496,18776038,0.00006982,510.00000000,0
1531210684544,1531210684543,18776039,0.00006982,90.00000000,0
1531210684588,1531210684584,18776040,0.00006984,1421.00000000,0
1531210684598,1531210684594,18776041,0.00006988,5523.00000000,0
1531210684630,1531210684626,18776042,0.00006988,583.00000000,0
1531210685304,1531210685300,18776043,0.00006987,187.00000000,0
1531210688095,1531210688091,18776044,0.00006987,9.00000000,0
1531210691463,1531210691459,18776045,0.00006984,15921.00000000,0
1531210691473,1531210691468,18776046,0.00006982,8041.00000000,1
1531210691498,1531210691492,18776047,0.00006981,3011.00000000,1
1531210691846,1531210691843,18776048,0.00006987,1000.00000000,0
1531210694183,1531210694179,18776049,0.00006982,9122.00000000,0
1531210694198,1531210694193,18776050,0.00006985,7017.00000000,0
1531210694217,1531210694213,18776051,0.00006986,6834.00000000,0
1531210694600,1531210694597,18776052,0.00006987,10.00000000,0
1531210696059,1531210696054,18776053,0.00006987,500.00000000,0
1531210707664,1531210707660,18776054,0.00006981,5336.00000000,1
1531210712909,1531210712905,18776055,0.00006987,14.00000000,0
1531210715160,1531210715156,18776056,0.00006987,500.00000000,0
1531210719824,1531210719820,18776057,0.00006982,7004.00000000,0
1531210719836,1531210719832,18776058,0.00006985,4670.00000000,0
1531210731216,1531210731211,18776059,0.00006981,4467.00000000,1
1531210733002,1531210732997,18776060,0.00006987,500.00000000,0
1531210740182,1531210740178,18776061,0.00006984,10701.00000000,0
1531210740201,1531210740197,18776062,0.00006981,4116.00000000,1
1531210750908,1531210750904,18776063,0.00006987,500.00000000,0
1531210753748,1531210753745,18776064,0.00006980,205.00000000,1
1531210754655,1531210754651,18776065,0.00006987,301.00000000,0
1531210757962,1531210757957,18776066,0.00006981,7718.00000000,1
1531210768344,1531210768339,18776067,0.00006986,1.00000000,0
1531210768631,1531210768626,18776068,0.00006986,500.00000000,0
1531210772925,1531210772920,18776069,0.00006984,7827.00000000,1
1531210772943,1531210772939,18776070,0.00006984,3590.00000000,1
1531210784832,1531210784827,18776071,0.00006986,102.00000000,0
1531210785891,1531210785886,18776072,0.00006986,104.00000000,0
1531210787090,1531210787086,18776073,0.00006986,101.00000000,0
1531210787098,1531210787093,18776074,0.00006986,159.00000000,0
1531210787098,1531210787093,18776075,0.00006987,341.00000000,0
1531210787372,1531210787368,18776076,0.00006987,106.00000000,0
1531210788043,1531210788038,18776077,0.00006987,100.00000000,0
1531210788404,1531210788399,18776078,0.00006987,30.00000000,0
1531210788810,1531210788805,18776079,0.00006987,102.00000000,0
1531210789302,1531210789298,18776080,0.00006987,30.00000000,0
1531210789357,1531210789353,18776081,0.00006987,103.00000000,0
1531210789997,1531210789993,18776082,0.00006987,108.00000000,0
1531210790657,1531210790650,18776083,0.00006987,102.00000000,0
1531210791258,1531210791255,18776084,0.00006987,92.00000000,0
1531210791311,1531210791311,18776085,0.00006987,108.00000000,0
1531210791958,1531210791953,18776086,0.00006987,98.00000000,0
1531210794432,1531210794426,18776087,0.00006987,644.00000000,0
1531210794432,1531210794426,18776088,0.00006990,9356.00000000,0
1531210799121,1531210799117,18776089,0.00006990,5.00000000,0
1531210799861,1531210799860,18776090,0.00006990,446.00000000,0
1531210802673,1531210802668,18776091,0.00006987,1776.00000000,1
1531210802694,1531210802690,18776092,0.00006987,4018.00000000,1
1531210805138,1531210805134,18776093,0.00006990,260.00000000,0
1531210805615,1531210805609,18776094,0.00006989,16243.00000000,0
1531210805632,1531210805627,18776095,0.00006988,3971.00000000,1
1531210805643,1531210805638,18776096,0.00006987,6346.00000000,1
1531210806169,1531210806164,18776097,0.00006990,500.00000000,0
1531210810124,1531210810119,18776098,0.00006990,1633.00000000,0
1531210810566,1531210810562,18776099,0.00006990,73.00000000,0
1531210818186,1531210818182,18776100,0.00006986,2341.00000000,1
1531210818201,1531210818197,18776101,0.00006985,6048.00000000,1
1531210819017,1531210819013,18776102,0.00006990,40.00000000,0
1531210822518,1531210822514,18776103,0.00006990,5.00000000,0
1531210824093,1531210824088,18776104,0.00006990,500.00000000,0
1531210831265,1531210831260,18776105,0.00006988,14638.00000000,0
1531210835045,1531210835041,18776106,0.00006987,16477.00000000,0
1531210835055,1531210835051,18776107,0.00006986,3390.00000000,1
1531210835082,1531210835079,18776108,0.00006986,8582.00000000,1
1531210841771,1531210841767,18776109,0.00006987,500.00000000,0
1531210841875,1531210841871,18776110,0.00006985,3984.00000000,0
1531210841886,1531210841882,18776111,0.00006987,955.00000000,0
1531210846015,1531210846010,18776112,0.00006988,1.00000000,0
1531210847744,1531210847739,18776113,0.00006987,500.00000000,1
1531210847762,1531210847761,18776114,0.00006987,29668.00000000,0
1531210847774,1531210847770,18776115,0.00006987,500.00000000,1
1531210850518,1531210850514,18776116,0.00006987,30.00000000,0
1531210854071,1531210854067,18776117,0.00006984,75.00000000,1
1531210855204,1531210855199,18776118,0.00006987,925.00000000,0
1531210855204,1531210855199,18776119,0.00006988,75.00000000,0
1531210862908,1531210862903,18776120,0.00006988,900.00000000,0
1531210876382,1531210876377,18776121,0.00006986,10302.00000000,0
1531210876397,1531210876391,18776122,0.00006985,10100.00000000,1
1531210884596,1531210884591,18776123,0.00006986,1.00000000,0
1531210886543,1531210886538,18776124,0.00006986,29159.00000000,0
1531210886561,1531210886557,18776125,0.00006987,1970.00000000,0
1531210886663,1531210886658,18776126,0.00006988,1000.00000000,0
1531210890943,1531210890939,18776127,0.00006988,114.00000000,0
1531210891390,1531210891386,18776128,0.00006988,19700.00000000,0
1531210898895,1531210898889,18776129,0.00006988,114.00000000,0
1531210900208,1531210900203,18776130,0.00006987,17120.00000000,1
1531210900229,1531210900224,18776131,0.00006986,1.00000000,1
1531210900263,1531210900259,18776132,0.00006987,14004.00000000,0
1531210900276,1531210900271,18776133,0.00006987,17120.00000000,1
1531210906292,1531210906287,18776134,0.00006988,114.00000000,0
1531210910098,1531210910093,18776135,0.00006986,28000.00000000,0
1531210910121,1531210910117,18776136,0.00006986,3130.00000000,0
1531210911997,1531210911992,18776137,0.00006988,114.00000000,0
1531210919680,1531210919674,18776138,0.00006988,114.00000000,0
1531210928293,1531210928288,18776139,0.00006987,114.00000000,0
1531210929028,1531210929022,18776140,0.00006987,6746.00000000,0
1531210934500,1531210934496,18776141,0.00006987,48.00000000,1
1531210936612,1531210936609,18776142,0.00006988,114.00000000,0
1531210941800,1531210941794,18776143,0.00006988,114.00000000,0
1531210944547,1531210944543,18776144,0.00006987,66.00000000,1
1531210947172,1531210947168,18776145,0.00006988,114.00000000,0
1531210952178,1531210952172,18776146,0.00006988,114.00000000,0
1531210957236,1531210957231,18776147,0.00006988,114.00000000,0
1531210962305,1531210962301,18776148,0.00006985,28710.00000000,1
1531210964121,1531210964116,18776149,0.00006984,86.00000000,1
1531210964493,1531210964487,18776150,0.00006988,114.00000000,0
1531210971670,1531210971664,18776151,0.00006988,114.00000000,0
1531210978933,1531210978928,18776152,0.00006988,5000.00000000,0
1531210979229,1531210979224,18776153,0.00006986,15598.00000000,1
1531210979325,1531210979322,18776154,0.00006988,114.00000000,0
1531210981237,1531210981232,18776155,0.00006986,207.00000000,0
1531210983121,1531210983115,18776156,0.00006985,12551.00000000,0
1531210983135,1531210983130,18776157,0.00006986,6007.00000000,0
1531210983158,1531210983153,18776158,0.00006987,2712.00000000,0
1531210986903,1531210986900,18776159,0.00006988,114.00000000,0
1531210994983,1531210994978,18776160,0.00006988,114.00000000,0
1531210999165,1531210999160,18776161,0.00006986,5926.00000000,1
1531210999182,1531210999178,18776162,0.00006985,21702.00000000,1
1531211003682,1531211003678,18776163,0.00006986,114.00000000,0
1531211005568,1531211005564,18776164,0.00006984,288.00000000,1
1531211005568,1531211005564,18776165,0.00006981,34.00000000,1
1531211006428,1531211006424,18776166,0.00006986,15414.00000000,0
1531211006453,1531211006449,18776167,0.00006986,1413.00000000,0
1531211010102,1531211010098,18776168,0.00006988,114.00000000,0
1531211017742,1531211017736,18776169,0.00006988,114.00000000,0
1531211025233,1531211025229,18776170,0.00006988,114.00000000,0
1531211033670,1531211033666,18776171,0.00006988,114.00000000,0
1531211039050,1531211039046,18776172,0.00006988,3.00000000,0
1531211041237,1531211041231,18776173,0.00006988,36.00000000,0
1531211041237,1531211041231,18776174,0.00006989,78.00000000,0
1531211041676,1531211041671,18776175,0.00006989,7200.00000000,0
1531211044448,1531211044443,18776176,0.00006986,146.00000000,0
1531211044484,1531211044460,18776177,0.00006983,57.00000000,1
1531211046255,1531211046250,18776178,0.00006989,114.00000000,0
1531211053935,1531211053929,18776179,0.00006989,114.00000000,0
1531211054720,1531211054715,18776180,0.00006989,3258.00000000,0
1531211059464,1531211059460,18776181,0.00006989,114.00000000,0
1531211064713,1531211064708,18776182,0.00006989,114.00000000,0
1531211072226,1531211072221,18776183,0.00006989,114.00000000,0
1531211079724,1531211079719,18776184,0.00006989,114.00000000,0
1531211080250,1531211080246,18776185,0.00006988,745.00000000,1
1531211081965,1531211081961,18776186,0.00006989,1655.00000000,0
1531211087271,1531211087266,18776187,0.00006993,114.00000000,0
1531211095145,1531211095141,18776188,0.00006992,114.00000000,0
1531211099004,1531211098998,18776189,0.00006990,114.00000000,1
1531211103244,1531211103240,18776190,0.00006990,114.00000000,0
1531211109810,1531211109805,18776191,0.00006989,115.00000000,0
1531211115640,1531211115635,18776192,0.00006989,114.00000000,0
1531211124362,1531211124358,18776193,0.00006989,114.00000000,0
1531211133298,1531211133294,18776194,0.00006989,114.00000000,0
1531211137231,1531211137231,18776195,0.00006989,2997.00000000,0
1531211140922,1531211140916,18776196,0.00006989,114.00000000,0
1531211146824,1531211146820,18776197,0.00006989,114.00000000,0
1531211152596,1531211152591,18776198,0.00006989,20.00000000,0
1531211153632,1531211153628,18776199,0.00006989,114.00000000,0
1531211160550,1531211160545,18776200,0.00006990,15.00000000,0
1531211168120,1531211168117,18776201,0.00006991,143.00000000,1
1531211169715,1531211169711,18776202,0.00006991,5851.00000000,1
1531211170279,1531211170280,18776203,0.00006991,15367.00000000,1
1531211170664,1531211170660,18776204,0.00006990,5851.00000000,1
1531211181150,1531211181146,18776205,0.00006990,3.00000000,0
1531211182877,1531211182873,18776206,0.00006990,172.00000000,0
1531211184181,1531211184177,18776207,0.00006990,103.00000000,0
1531211188825,1531211188821,18776208,0.00006990,496.00000000,0
1531211198774,1531211198769,18776209,0.00006990,1.00000000,0
1531211218605,1531211218601,18776210,0.00006990,165.00000000,0
1531211219548,1531211219544,18776211,0.00006990,3.00000000,0
1531211267185,1531211267179,18776212,0.00006990,314.00000000,0
1531211267853,1531211267848,18776213,0.00006989,171.00000000,1
1531211277086,1531211277079,18776214,0.00006988,349.00000000,1
1531211284321,1531211284315,18776215,0.00006989,104.00000000,0
1531211296592,1531211296588,18776216,0.00006990,1308.00000000,0
1531211296605,1531211296599,18776217,0.00006990,1308.00000000,0
1531211316128,1531211316123,18776218,0.00006990,1800.00000000,0
1531211323636,1531211323633,18776219,0.00006990,836.00000000,0
1531211344689,1531211344685,18776220,0.00006989,4218.00000000,0
1531211348606,1531211348602,18776221,0.00006988,43.00000000,1
1531211356801,1531211356796,18776222,0.00006989,13000.00000000,0
1531211367098,1531211367093,18776223,0.00006987,4220.00000000,0
1531211382751,1531211382748,18776224,0.00006988,4219.00000000,0
1531211398836,1531211398832,18776225,0.00006985,990.00000000,0
1531211398846,1531211398841,18776226,0.00006988,3229.00000000,0
1531211408457,1531211408453,18776227,0.00006988,2624.00000000,0
1531211419952,1531211419947,18776228,0.00006983,1414.00000000,1
1531211426775,1531211426771,18776229,0.00006987,4220.00000000,0
1531211427212,1531211427207,18776230,0.00006983,2169.00000000,1
1531211432823,1531211432821,18776231,0.00006983,1412.00000000,1
1531211434209,1531211434204,18776232,0.00006986,4220.00000000,0
1531211435497,1531211435491,18776233,0.00006983,1550.00000000,1
1531211437687,1531211437680,18776234,0.00006988,1.00000000,0
1531211439604,1531211439599,18776235,0.00006983,1549.00000000,1
1531211451133,1531211451127,18776236,0.00006983,864.00000000,1
1531211457844,1531211457839,18776237,0.00006984,781.00000000,0
1531211457861,1531211457856,18776238,0.00006985,321.00000000,0
1531211468096,1531211468095,18776239,0.00006985,575.00000000,0
1531211468106,1531211468101,18776240,0.00006988,450.00000000,0
1531211478933,1531211478929,18776241,0.00006984,704.00000000,0
1531211478945,1531211478940,18776242,0.00006987,191.00000000,0
1531211478963,1531211478959,18776243,0.00006987,375.00000000,0
1531211495474,1531211495471,18776244,0.00006987,28.00000000,0
1531211495531,1531211495527,18776245,0.00006985,296.00000000,0
1531211495531,1531211495527,18776246,0.00006987,704.00000000,0
1531211518666,1531211518660,18776247,0.00006981,245.00000000,1
1531211518676,1531211518674,18776248,0.00006981,869.00000000,0
1531211518687,1531211518683,18776249,0.00006982,382.00000000,0
1531211521146,1531211521142,18776250,0.00006982,934.00000000,0
1531211521153,1531211521148,18776251,0.00006981,245.00000000,1
1531211531092,1531211531088,18776252,0.00006979,351.00000000,1
1531211531127,1531211531122,18776253,0.00006980,422.00000000,0
1531211531143,1531211531138,18776254,0.00006980,196.00000000,0
1531211531170,1531211531164,18776255,0.00006981,869.00000000,0
1531211531952,1531211531946,18776256,0.00006981,29.00000000,1
1531211535395,1531211535391,18776257,0.00006985,8000.00000000,0
1531211537813,1531211537810,18776258,0.00006981,157.00000000,1
1531211537822,1531211537817,18776259,0.00006981,59.00000000,1
1531211545036,1531211545031,18776260,0.00006981,98.00000000,0
1531211545036,1531211545031,18776261,0.00006987,17.00000000,0
1531211549865,1531211549859,18776262,0.00006985,70.00000000,0
1531211552151,1531211552149,18776263,0.00006986,115.00000000,0
1531211553299,1531211553295,18776264,0.00006986,1129.00000000,0
1531211553299,1531211553295,18776265,0.00006987,1520.00000000,0
1531211556765,1531211556757,18776266,0.00006987,1600.00000000,0
1531211559353,1531211559348,18776267,0.00006987,114.00000000,0
1531211563123,1531211563117,18776268,0.00006983,687.00000000,0
1531211563137,1531211563133,18776269,0.00006985,261.00000000,0
1531211565560,1531211565554,18776270,0.00006983,31.00000000,0
1531211565560,1531211565554,18776271,0.00006987,159.00000000,0
1531211566687,1531211566684,18776272,0.00006986,115.00000000,0
1531211570020,1531211570016,18776273,0.00006985,33.00000000,0
1531211570020,1531211570016,18776274,0.00006986,2717.00000000,0
1531211574003,1531211573998,18776275,0.00006986,115.00000000,0
1531211575982,1531211575977,18776276,0.00006986,1600.00000000,0
1531211580765,1531211580760,18776277,0.00006985,1.00000000,0
1531211581470,1531211581466,18776278,0.00006985,115.00000000,0
1531211583160,1531211583154,18776279,0.00006983,1446.00000000,0
1531211583170,1531211583168,18776280,0.00006985,1493.00000000,0
1531211583190,1531211583187,18776281,0.00006986,1846.00000000,0
1531211583213,1531211583210,18776282,0.00006985,116.00000000,1
1531211585932,1531211585928,18776283,0.00006983,3050.00000000,0
1531211585954,1531211585948,18776284,0.00006985,1293.00000000,0
1531211589368,1531211589363,18776285,0.00006987,114.00000000,0
1531211595651,1531211595647,18776286,0.00006987,1300.00000000,0
1531211596884,1531211596880,18776287,0.00006985,115.00000000,0
1531211598354,1531211598349,18776288,0.00006981,49.00000000,1
1531211601881,1531211601875,18776289,0.00006983,28.00000000,0
1531211601881,1531211601875,18776290,0.00006987,87.00000000,0
1531211605124,1531211605121,18776291,0.00006983,3088.00000000,0
1531211605138,1531211605133,18776292,0.00006986,1928.00000000,0
1531211608999,1531211608994,18776293,0.00006987,114.00000000,0
1531211612993,1531211612988,18776294,0.00006987,183.00000000,0
1531211615951,1531211615946,18776295,0.00006987,1300.00000000,0
1531211618268,1531211618265,18776296,0.00006987,114.00000000,0
1531211626883,1531211626879,18776297,0.00006987,114.00000000,0
1531211631421,1531211631418,18776298,0.00006982,149.00000000,0
1531211631865,1531211631859,18776299,0.00006982,493.00000000,0
1531211634217,1531211634212,18776300,0.00006982,115.00000000,0
1531211634853,1531211634848,18776301,0.00006982,384.00000000,0
1531211636644,1531211636641,18776302,0.00006983,31.00000000,0
1531211639308,1531211639303,18776303,0.00006987,114.00000000,0
1531211641063,1531211641059,18776304,0.00006987,77.00000000,0
1531211644752,1531211644747,18776305,0.00006987,114.00000000,0
1531211647458,1531211647453,18776306,0.00006983,57.00000000,1
1531211647458,1531211647453,18776307,0.00006982,700.00000000,1
1531211650874,1531211650869,18776308,0.00006983,20.00000000,0
1531211650890,1531211650885,18776309,0.00006985,18.00000000,0
1531211650910,1531211650905,18776310,0.00006982,57.00000000,1
1531211651971,1531211651967,18776311,0.00006982,115.00000000,0
1531211655741,1531211655736,18776312,0.00006981,49.00000000,1
1531211655741,1531211655736,18776313,0.00006979,2069.00000000,1
1531211657384,1531211657380,18776314,0.00006982,115.00000000,0
1531211657670,1531211657666,18776315,0.00006982,2.00000000,0
1531211657840,1531211657836,18776316,0.00006982,852.00000000,0
1531211658885,1531211658881,18776317,0.00006982,31.00000000,1
1531211661088,1531211661084,18776318,0.00006985,30.00000000,0
1531211661316,1531211661315,18776319,0.00006983,516.00000000,0
1531211661333,1531211661328,18776320,0.00006985,720.00000000,0
1531211661348,1531211661343,18776321,0.00006985,315.00000000,0
1531211662329,1531211662324,18776322,0.00006987,114.00000000,0
1531211667856,1531211667851,18776323,0.00006985,29.00000000,1
1531211669480,1531211669474,18776324,0.00006987,114.00000000,0
1531211670915,1531211670910,18776325,0.00006987,2154.00000000,0
1531211674408,1531211674404,18776326,0.00006985,1.00000000,1
1531211674419,1531211674413,18776327,0.00006985,2207.00000000,0
1531211674431,1531211674426,18776328,0.00006986,1459.00000000,0
1531211674485,1531211674481,18776329,0.00006986,1624.00000000,0
1531211674503,1531211674498,18776330,0.00006985,1.00000000,1
1531211675303,1531211675296,18776331,0.00006983,201.00000000,1
1531211675692,1531211675688,18776332,0.00006985,115.00000000,0
1531211680812,1531211680808,18776333,0.00006985,115.00000000,0
1531211681222,1531211681217,18776334,0.00006985,114.00000000,0
1531211681222,1531211681217,18776335,0.00006987,43.00000000,0
1531211684358,1531211684354,18776336,0.00006987,150.00000000,0
1531211685825,1531211685820,18776337,0.00006987,114.00000000,0
1531211693552,1531211693548,18776338,0.00006982,861.00000000,1
1531211693668,1531211693663,18776339,0.00006985,235.00000000,0
1531211693691,1531211693687,18776340,0.00006985,537.00000000,0
1531211693855,1531211693850,18776341,0.00006987,115.00000000,0
1531211696663,1531211696658,18776342,0.00006984,27.00000000,0
1531211701653,1531211701649,18776343,0.00006987,114.00000000,0
1531211707199,1531211707193,18776344,0.00006987,114.00000000,0
1531211708594,1531211708588,18776345,0.00006985,451.00000000,0
1531211708594,1531211708588,18776346,0.00006986,555.00000000,0
1531211708594,1531211708588,18776347,0.00006987,425.00000000,0
1531211713010,1531211713005,18776348,0.00006984,542.00000000,1
1531211713990,1531211713985,18776349,0.00006987,114.00000000,0
1531211716303,1531211716299,18776350,0.00006987,85.00000000,0
1531211717889,1531211717884,18776351,0.00006984,22.00000000,1
1531211721770,1531211721766,18776352,0.00006987,114.00000000,0
1531211723313,1531211723309,18776353,0.00006987,690.00000000,0
1531211729147,1531211729142,18776354,0.00006985,577.00000000,0
1531211729159,1531211729154,18776355,0.00006986,474.00000000,0
1531211735092,1531211735087,18776356,0.00006985,29.00000000,0
1531211735092,1531211735087,18776357,0.00006987,86.00000000,0
1531211742537,1531211742537,18776358,0.00006987,114.00000000,0
1531211748246,1531211748241,18776359,0.00006986,114.00000000,0
1531211751151,1531211751147,18776360,0.00006986,393.00000000,0
1531211757188,1531211757183,18776361,0.00006986,114.00000000,1
1531211757205,1531211757200,18776362,0.00006986,403.00000000,0
1531211757225,1531211757220,18776363,0.00006986,114.00000000,1
1531211757390,1531211757387,18776364,0.00006986,393.00000000,0
1531211757390,1531211757387,18776365,0.00006987,717.00000000,0
1531211760022,1531211760016,18776366,0.00006987,25.00000000,1
1531211760035,1531211760030,18776367,0.00006987,1323.00000000,1
1531211760221,1531211760214,18776368,0.00006987,869.00000000,1
1531211762473,1531211762467,18776369,0.00006987,29.00000000,1
1531211762687,1531211762682,18776370,0.00006987,5264.00000000,1
1531211762707,1531211762701,18776371,0.00006987,1346.00000000,1
1531211762732,1531211762728,18776372,0.00006987,864.00000000,1
1531211762777,1531211762773,18776373,0.00006987,2170.00000000,1
1531211762842,1531211762838,18776374,0.00006987,2550.00000000,1
1531211762842,1531211762838,18776375,0.00006982,350.00000000,1
1531211770008,1531211770004,18776376,0.00006983,269.00000000,0
1531211770018,1531211770013,18776377,0.00006983,225.00000000,0
1531211775812,1531211775807,18776378,0.00006986,2.00000000,0
1531211777182,1531211777178,18776379,0.00006984,425.00000000,0
1531211777182,1531211777178,18776380,0.00006985,468.00000000,0
1531211777182,1531211777178,18776381,0.00006986,107.00000000,0
1531211779234,1531211779229,18776382,0.00006985,100.00000000,0
1531211791106,1531211791100,18776383,0.00006982,913.00000000,1
1531211791132,1531211791127,18776384,0.00006983,388.00000000,0
1531211791153,1531211791147,18776385,0.00006984,440.00000000,0
1531211791362,1531211791357,18776386,0.00006982,439.00000000,1
1531211791558,1531211791552,18776387,0.00006982,31.00000000,1
1531211796436,1531211796431,18776388,0.00006987,1000.00000000,0
1531211808213,1531211808207,18776389,0.00006985,100.00000000,0
1531211810794,1531211810789,18776390,0.00006985,162.00000000,1
1531211810833,1531211810828,18776391,0.00006986,401.00000000,0
1531211810845,1531211810840,18776392,0.00006986,115.00000000,0
1531211815598,1531211815594,18776393,0.00006985,999.00000000,1
1531211821646,1531211821640,18776394,0.00006987,7908.00000000,0
1531211822476,1531211822470,18776395,0.00006987,32.00000000,1
1531211845548,1531211845542,18776396,0.00006988,1000.00000000,0
1531211861594,1531211861590,18776397,0.00006988,4296.00000000,0
1531211862805,1531211862800,18776398,0.00006987,29.00000000,1
1531211865266,1531211865261,18776399,0.00006988,1000.00000000,0
1531211881734,1531211881730,18776400,0.00006988,28993.00000000,0
1531211890930,1531211890925,18776401,0.00006988,1000.00000000,0
1531211892306,1531211892302,18776402,0.00006987,399.00000000,1
1531211893969,1531211893967,18776403,0.00006987,29.00000000,1
1531211911933,1531211911928,18776404,0.00006988,80.00000000,0
1531211913871,1531211913867,18776405,0.00006988,19700.00000000,0
1531211916322,1531211916318,18776406,0.00006988,202.00000000,0
1531211923488,1531211923483,18776407,0.00006988,290.00000000,0
1531211924924,1531211924919,18776408,0.00006987,31.00000000,1
1531211936625,1531211936619,18776409,0.00006988,74.00000000,0
1531211939367,1531211939362,18776410,0.00006988,7.00000000,0
1531212016251,1531212016245,18776411,0.00006988,231.00000000,0
1531212016688,1531212016684,18776412,0.00006987,29.00000000,1
1531212024455,1531212024449,18776413,0.00006987,104.00000000,1
1531212024526,1531212024521,18776414,0.00006988,271.00000000,0
1531212024758,1531212024754,18776415,0.00006988,1678.00000000,1
1531212027029,1531212027024,18776416,0.00006988,149.00000000,0
1531212030498,1531212030496,18776417,0.00006987,295.00000000,1
1531212035450,1531212035446,18776418,0.00006988,26.00000000,0
1531212051931,1531212051927,18776419,0.00006988,174.00000000,0
1531212053004,1531212052998,18776420,0.00006987,30.00000000,1
1531212053398,1531212053393,18776421,0.00006988,60.00000000,0
1531212056329,1531212056326,18776422,0.00006988,6.00000000,0
1531212056436,1531212056431,18776423,0.00006988,174.00000000,0
1531212057984,1531212057979,18776424,0.00006988,103.00000000,0
1531212058020,1531212058016,18776425,0.00006988,1215.00000000,0
1531212059738,1531212059734,18776426,0.00006988,1114.00000000,0
1531212061688,1531212061682,18776427,0.00006988,174.00000000,0
1531212067957,1531212067954,18776428,0.00006988,174.00000000,0
1531212071044,1531212071039,18776429,0.00006988,174.00000000,0
1531212079047,1531212079043,18776430,0.00006988,143.00000000,0
1531212091808,1531212091803,18776431,0.00006988,1663.00000000,0
1531212093084,1531212093078,18776432,0.00006987,30.00000000,1
1531212097844,1531212097840,18776433,0.00006987,1.00000000,1
1531212111146,1531212111141,18776434,0.00006987,255.00000000,1
1531212112546,1531212112542,18776435,0.00006988,174.00000000,0
1531212112710,1531212112704,18776436,0.00006988,685.00000000,0
1531212115377,1531212115372,18776437,0.00006988,339.00000000,0
1531212115412,1531212115407,18776438,0.00006988,339.00000000,0
1531212128502,1531212128499,18776439,0.00006988,174.00000000,0
1531212130516,1531212130510,18776440,0.00006987,30.00000000,1
1531212134076,1531212134072,18776441,0.00006988,20.00000000,0
1531212138155,1531212138151,18776442,0.00006987,492.00000000,1
1531212151540,1531212151535,18776443,0.00006987,73.00000000,1
1531212172748,1531212172741,18776444,0.00006988,1125.00000000,0
1531212175297,1531212175291,18776445,0.00006987,30.00000000,1
1531212177718,1531212177713,18776446,0.00006988,178.00000000,0
1531212203801,1531212203798,18776447,0.00006987,389.00000000,1
1531212205953,1531212205949,18776448,0.00006982,1300.00000000,0
1531212205962,1531212205956,18776449,0.00006981,26.00000000,1
1531212206220,1531212206215,18776450,0.00006982,587.00000000,0
1531212208733,1531212208728,18776451,0.00006982,1697.00000000,0
1531212213951,1531212213946,18776452,0.00006982,11006.00000000,0
1531212215973,1531212215967,18776453,0.00006980,88.00000000,1
1531212220911,1531212220906,18776454,0.00006981,143.00000000,0
1531212221940,1531212221936,18776455,0.00006981,839.00000000,0
1531212221940,1531212221936,18776456,0.00006982,154.00000000,0
1531212226193,1531212226188,18776457,0.00006982,1300.00000000,0
1531212227064,1531212227062,18776458,0.00006981,312.00000000,1
1531212246657,1531212246652,18776459,0.00006982,1300.00000000,0
1531212247012,1531212247008,18776460,0.00006980,37.00000000,1
1531212256305,1531212256301,18776461,0.00006981,24.00000000,0
1531212256305,1531212256301,18776462,0.00006982,28.00000000,0
1531212265110,1531212265106,18776463,0.00006982,1300.00000000,0
1531212270913,1531212270909,18776464,0.00006981,74.00000000,1
1531212270913,1531212270909,18776465,0.00006980,1176.00000000,1
1531212271653,1531212271647,18776466,0.00006982,154.00000000,0
1531212272662,1531212272657,18776467,0.00006980,1469.00000000,1
1531212272666,1531212272662,18776468,0.00006980,3162.00000000,1
1531212272699,1531212272695,18776469,0.00006980,40.00000000,1
1531212273499,1531212273494,18776470,0.00006981,411.00000000,0
1531212274899,1531212274895,18776471,0.00006980,1427.00000000,1
1531212274924,1531212274920,18776472,0.00006981,72.00000000,0
1531212277769,1531212277765,18776473,0.00006981,411.00000000,1
1531212277769,1531212277765,18776474,0.00006980,2588.00000000,1
1531212285472,1531212285468,18776475,0.00006982,1600.00000000,0
1531212293003,1531212292998,18776476,0.00006981,687.00000000,0
1531212293010,1531212293005,18776477,0.00006980,1427.00000000,1
1531212293388,1531212293384,18776478,0.00006982,72.00000000,0
1531212297540,1531212297536,18776479,0.00006980,25.00000000,1
1531212305836,1531212305833,18776480,0.00006982,1600.00000000,0
1531212308614,1531212308609,18776481,0.00006980,500.00000000,1
1531212321208,1531212321204,18776482,0.00006981,97.00000000,0
1531212325982,1531212325978,18776483,0.00006982,1600.00000000,0
1531212328007,1531212328002,18776484,0.00006982,115.00000000,0
1531212331864,1531212331860,18776485,0.00006980,211.00000000,1
1531212333507,1531212333503,18776486,0.00006982,115.00000000,0
1531212335077,1531212335073,18776487,0.00006980,211.00000000,1
1531212335077,1531212335073,18776488,0.00006979,29.00000000,1
1531212335974,1531212335970,18776489,0.00006979,105.00000000,1
1531212338188,1531212338183,18776490,0.00006979,62.00000000,1
1531212340239,1531212340234,18776491,0.00006980,174.00000000,0
1531212340785,1531212340780,18776492,0.00006980,115.00000000,0
1531212341516,1531212341510,18776493,0.00006980,457.00000000,0
1531212341516,1531212341510,18776494,0.00006981,624.00000000,0
1531212342192,1531212342187,18776495,0.00006980,1511.00000000,0
1531212342204,1531212342199,18776496,0.00006981,456.00000000,0
1531212346328,1531212346324,18776497,0.00006981,624.00000000,1
1531212346336,1531212346332,18776498,0.00006981,2068.00000000,0
1531212346343,1531212346338,18776499,0.00006981,624.00000000,1
1531212347420,1531212347414,18776500,0.00006981,115.00000000,0
1531212348439,1531212348436,18776501,0.00006981,341.00000000,0
1531212348439,1531212348436,18776502,0.00006982,959.00000000,0
1531212350340,1531212350336,18776503,0.00006982,26.00000000,0
1531212352235,1531212352231,18776504,0.00006980,466.00000000,1
1531212352519,1531212352513,18776505,0.00006982,115.00000000,0
1531212354799,1531212354794,18776506,0.00006981,229.00000000,1
1531212359907,1531212359902,18776507,0.00006982,115.00000000,0
1531212360349,1531212360346,18776508,0.00006982,12351.00000000,0
1531212365158,1531212365152,18776509,0.00006987,114.00000000,0
1531212368213,1531212368208,18776510,0.00006987,143.00000000,0
1531212369760,1531212369754,18776511,0.00006987,99.00000000,0
1531212373303,1531212373300,18776512,0.00006987,114.00000000,0
1531212377400,1531212377396,18776513,0.00006983,297.00000000,0
1531212377420,1531212377415,18776514,0.00006985,219.00000000,0
1531212377439,1531212377435,18776515,0.00006986,722.00000000,0
1531212378324,1531212378319,18776516,0.00006987,114.00000000,0
1531212385816,1531212385812,18776517,0.00006989,114.00000000,0
1531212393199,1531212393194,18776518,0.00006988,23.00000000,0
1531212393199,1531212393194,18776519,0.00006989,91.00000000,0
1531212395723,1531212395719,18776520,0.00006989,1000.00000000,0
1531212400881,1531212400877,18776521,0.00006989,114.00000000,0
1531212405736,1531212405732,18776522,0.00006985,1124.00000000,0
1531212405751,1531212405747,18776523,0.00006988,391.00000000,0
1531212406212,1531212406207,18776524,0.00006982,1978.00000000,1
1531212408272,1531212408268,18776525,0.00006989,114.00000000,0
1531212416292,1531212416286,18776526,0.00006987,114.00000000,0
1531212418314,1531212418309,18776527,0.00006983,1638.00000000,0
1531212418326,1531212418321,18776528,0.00006987,1091.00000000,0
1531212418347,1531212418342,18776529,0.00006987,114.00000000,1
1531212418349,1531212418345,18776530,0.00006988,1044.00000000,0
1531212423959,1531212423954,18776531,0.00006987,114.00000000,0
1531212426435,1531212426431,18776532,0.00006987,529.00000000,0
1531212426451,1531212426446,18776533,0.00006988,430.00000000,0
1531212426474,1531212426470,18776534,0.00006987,114.00000000,1
1531212429099,1531212429094,18776535,0.00006985,133.00000000,1
1531212429770,1531212429766,18776536,0.00006985,375.00000000,1
1531212429793,1531212429789,18776537,0.00006985,1500.00000000,1
1531212429800,1531212429796,18776538,0.00006985,375.00000000,1
1531212429806,1531212429803,18776539,0.00006985,375.00000000,1
1531212429817,1531212429813,18776540,0.00006985,375.00000000,1
1531212431434,1531212431429,18776541,0.00006987,114.00000000,0
1531212433085,1531212433081,18776542,0.00006985,1332.00000000,1
1531212436926,1531212436921,18776543,0.00006986,317.00000000,0
1531212436926,1531212436921,18776544,0.00006988,983.00000000,0
1531212438649,1531212438647,18776545,0.00006988,114.00000000,0
1531212439402,1531212439397,18776546,0.00006988,632.00000000,0
1531212446351,1531212446344,18776547,0.00006988,114.00000000,0
1531212448773,1531212448769,18776548,0.00006986,1226.00000000,0
1531212448790,1531212448786,18776549,0.00006986,730.00000000,0
1531212453700,1531212453696,18776550,0.00006988,114.00000000,0
1531212453921,1531212453915,18776551,0.00006988,20.00000000,0
1531212457021,1531212457017,18776552,0.00006987,143.00000000,0
1531212460943,1531212460938,18776553,0.00006985,57.00000000,1
1531212461895,1531212461891,18776554,0.00006986,115.00000000,0
1531212462133,1531212462128,18776555,0.00006985,57.00000000,1
1531212462672,1531212462668,18776556,0.00006985,57.00000000,1
1531212463467,1531212463461,18776557,0.00006985,1446.00000000,1
1531212463580,1531212463575,18776558,0.00006986,406.00000000,0
1531212464909,1531212464906,18776559,0.00006986,57.00000000,1
1531212470723,1531212470717,18776560,0.00006986,58.00000000,1
1531212470743,1531212470739,18776561,0.00006986,969.00000000,0
1531212470754,1531212470749,18776562,0.00006986,58.00000000,1
1531212478074,1531212478070,18776563,0.00006985,918.00000000,1
1531212478086,1531212478082,18776564,0.00006985,133.00000000,0
1531212478098,1531212478094,18776565,0.00006986,463.00000000,0
1531212487879,1531212487873,18776566,0.00006986,58.00000000,1
1531212487879,1531212487873,18776567,0.00006985,918.00000000,1
1531212487879,1531212487873,18776568,0.00006979,24.00000000,1
1531212493275,1531212493271,18776569,0.00006987,1710.00000000,0
1531212493604,1531212493600,18776570,0.00006979,105.00000000,1
1531212493629,1531212493625,18776571,0.00006979,34.00000000,1
1531212493629,1531212493625,18776572,0.00006978,6.00000000,1
1531212497710,1531212497705,18776573,0.00006986,115.00000000,0
1531212498212,1531212498207,18776574,0.00006982,1348.00000000,0
1531212498229,1531212498225,18776575,0.00006986,1009.00000000,0
1531212504447,1531212504441,18776576,0.00006986,115.00000000,1
1531212505225,1531212505220,18776577,0.00006986,115.00000000,0
1531212507689,1531212507685,18776578,0.00006980,1209.00000000,0
1531212509764,1531212509759,18776579,0.00006980,606.00000000,0
1531212511789,1531212511787,18776580,0.00006980,303.00000000,0
1531212512594,1531212512591,18776581,0.00006980,1493.00000000,0
1531212512609,1531212512605,18776582,0.00006980,750.00000000,0
1531212513837,1531212513831,18776583,0.00006980,152.00000000,0
1531212514191,1531212514187,18776584,0.00006980,115.00000000,0
1531212516736,1531212516731,18776585,0.00006980,2250.00000000,0
1531212516912,1531212516908,18776586,0.00006980,76.00000000,0
1531212517946,1531212517941,18776587,0.00006980,38.00000000,0
1531212521594,1531212521589,18776588,0.00006980,100.00000000,0
1531212521612,1531212521606,18776589,0.00006980,100.00000000,0
1531212521875,1531212521872,18776590,0.00006980,115.00000000,0
1531212524192,1531212524188,18776591,0.00006980,711.00000000,0
1531212527691,1531212527686,18776592,0.00006986,22.00000000,0
1531212527691,1531212527686,18776593,0.00006987,93.00000000,0
1531212533212,1531212533207,18776594,0.00006985,115.00000000,0
1531212533739,1531212533735,18776595,0.00006985,788.00000000,0
1531212533752,1531212533748,18776596,0.00006986,612.00000000,0
1531212539578,1531212539574,18776597,0.00006987,114.00000000,0
1531212549460,1531212549456,18776598,0.00006984,115.00000000,0
1531212550499,1531212550495,18776599,0.00006981,493.00000000,0
1531212550545,1531212550511,18776600,0.00006984,91.00000000,0
1531212550545,1531212550533,18776601,0.00006985,458.00000000,0
1531212555978,1531212555973,18776602,0.00006987,114.00000000,0
1531212563748,1531212563743,18776603,0.00006985,600.00000000,1
1531212564721,1531212564716,18776604,0.00006987,114.00000000,0
1531212568431,1531212568425,18776605,0.00006986,433.00000000,0
1531212570039,1531212570034,18776606,0.00006978,7.00000000,1
1531212583656,1531212583651,18776607,0.00006982,476.00000000,0
1531212583670,1531212583666,18776608,0.00006987,428.00000000,0
1531212583688,1531212583683,18776609,0.00006987,215.00000000,0
1531212588285,1531212588280,18776610,0.00006986,101.00000000,0
1531212602581,1531212602575,18776611,0.00006985,188.00000000,0
1531212621261,1531212621256,18776612,0.00006984,299.00000000,0
1531212639392,1531212639387,18776613,0.00006985,143.00000000,0
1531212643042,1531212643038,18776614,0.00006983,16.00000000,0
1531212643060,1531212643056,18776615,0.00006983,298.00000000,0
1531212651407,1531212651403,18776616,0.00006985,6438.00000000,0
1531212651712,1531212651707,18776617,0.00006985,781.00000000,1
1531212653577,1531212653572,18776618,0.00006986,2.00000000,0
1531212653755,1531212653751,18776619,0.00006985,2400.00000000,1
1531212665521,1531212665518,18776620,0.00006985,21.00000000,1
1531212716596,1531212716592,18776621,0.00006985,1000.00000000,1
1531212725079,1531212725074,18776622,0.00006985,20.00000000,1
1531212727040,1531212727034,18776623,0.00006985,1683.00000000,1
1531212745413,1531212745408,18776624,0.00006985,1000.00000000,1
1531212749706,1531212749702,18776625,0.00006985,15.00000000,1
1531212754290,1531212754286,18776626,0.00006985,3.00000000,1
1531212756421,1531212756415,18776627,0.00006985,181.00000000,0
1531212756421,1531212756415,18776628,0.00006986,61.00000000,0
1531212756421,1531212756415,18776629,0.00006988,258.00000000,0
1531212766888,1531212766883,18776630,0.00006987,60.00000000,0
1531212770256,1531212770251,18776631,0.00006983,306.00000000,0
1531212770264,1531212770260,18776632,0.00006987,939.00000000,0
1531212770276,1531212770270,18776633,0.00006988,116.00000000,0
1531212772289,1531212772285,18776634,0.00006981,40.00000000,1
1531212774109,1531212774105,18776635,0.00006988,500.00000000,0
1531212782977,1531212782971,18776636,0.00006985,1.00000000,0
1531212783187,1531212783184,18776637,0.00006985,214.00000000,0
1531212788177,1531212788173,18776638,0.00006983,149.00000000,0
1531212790289,1531212790284,18776639,0.00006982,310.00000000,1
1531212790298,1531212790294,18776640,0.00006982,354.00000000,0
1531212790310,1531212790306,18776641,0.00006983,319.00000000,0
1531212790330,1531212790325,18776642,0.00006984,1293.00000000,0
1531212791800,1531212791795,18776643,0.00006985,500.00000000,0
1531212795028,1531212795023,18776644,0.00006985,169.00000000,0
1531212796125,1531212796121,18776645,0.00006985,116.00000000,0
1531212797776,1531212797771,18776646,0.00006987,1170.00000000,0
1531212801168,1531212801162,18776647,0.00006988,48581.00000000,0
1531212801207,1531212801202,18776648,0.00006989,893.00000000,0
1531212801214,1531212801210,18776649,0.00006990,1875.00000000,0
1531212802762,1531212802758,18776650,0.00006988,232.00000000,0
1531212802762,1531212802758,18776651,0.00006988,959.00000000,0
1531212802781,1531212802778,18776652,0.00006989,1981.00000000,0
1531212803811,1531212803807,18776653,0.00006990,1207.00000000,0
1531212804770,1531212804765,18776654,0.00006992,3112.00000000,0
1531212805808,1531212805803,18776655,0.00006991,2.00000000,1
1531212805809,1531212805806,18776656,0.00006991,499.00000000,1
1531212805958,1531212805954,18776657,0.00006991,868.00000000,1
1531212809428,1531212809423,18776658,0.00006995,480.00000000,0
1531212809428,1531212809423,18776659,0.00006996,20.00000000,0
1531212811297,1531212811292,18776660,0.00006996,25.00000000,0
1531212827334,1531212827329,18776661,0.00006995,500.00000000,0
1531212840905,1531212840901,18776662,0.00006990,25.00000000,1
1531212846172,1531212846168,18776663,0.00006991,500.00000000,0
1531212863630,1531212863625,18776664,0.00006991,500.00000000,0
1531212864402,1531212864396,18776665,0.00006990,1.00000000,1
1531212866772,1531212866768,18776666,0.00006991,114.00000000,0
1531212873956,1531212873953,18776667,0.00006991,301.00000000,0
1531212873990,1531212873987,18776668,0.00006991,114.00000000,0
1531212879536,1531212879531,18776669,0.00006991,114.00000000,0
1531212881437,1531212881433,18776670,0.00006991,500.00000000,0
1531212882393,1531212882388,18776671,0.00006991,93.00000000,0
1531212887061,1531212887057,18776672,0.00006991,114.00000000,0
1531212894823,1531212894819,18776673,0.00006991,114.00000000,0
1531212900018,1531212900012,18776674,0.00006991,500.00000000,0
1531212903390,1531212903386,18776675,0.00006991,114.00000000,0
1531212908923,1531212908919,18776676,0.00006991,114.00000000,0
1531212914435,1531212914431,18776677,0.00006991,207.00000000,0
1531212916300,1531212916296,18776678,0.00006991,114.00000000,0
1531212917478,1531212917473,18776679,0.00006991,500.00000000,0
1531212923482,1531212923477,18776680,0.00006991,114.00000000,0
1531212928792,1531212928788,18776681,0.00006991,114.00000000,0
1531212929692,1531212929688,18776682,0.00006991,312.00000000,0
1531212933397,1531212933392,18776683,0.00006991,7702.00000000,0
1531212935174,1531212935169,18776684,0.00006991,500.00000000,0
1531212936250,1531212936246,18776685,0.00006991,114.00000000,0
1531212936272,1531212936268,18776686,0.00006991,539.00000000,0
1531212942552,1531212942547,18776687,0.00006991,150.00000000,1
1531212943706,1531212943702,18776688,0.00006995,114.00000000,0
1531212948778,1531212948773,18776689,0.00006994,114.00000000,0
1531212949222,1531212949219,18776690,0.00006991,123.00000000,1
1531212950537,1531212950531,18776691,0.00006991,25.00000000,1
1531212950758,1531212950752,18776692,0.00006992,5289.00000000,0
1531212950771,1531212950766,18776693,0.00006994,918.00000000,0
1531212950786,1531212950782,18776694,0.00006994,3460.00000000,0
1531212951193,1531212951187,18776695,0.00006994,114.00000000,1
1531212951193,1531212951187,18776696,0.00006990,16.00000000,1
1531212951193,1531212951187,18776697,0.00006984,101.00000000,1
1531212951193,1531212951187,18776698,0.00006983,219.00000000,1
1531212952693,1531212952687,18776699,0.00006992,500.00000000,0
1531212953999,1531212953993,18776700,0.00006991,114.00000000,0
1531212961898,1531212961894,18776701,0.00006990,44.00000000,0
1531212961898,1531212961894,18776702,0.00006991,70.00000000,0
1531212969792,1531212969786,18776703,0.00006991,114.00000000,0
1531212970355,1531212970351,18776704,0.00006991,500.00000000,0
1531212972277,1531212972272,18776705,0.00006982,56.00000000,1
1531212976977,1531212976973,18776706,0.00006988,75.00000000,0
1531212977442,1531212977436,18776707,0.00006988,114.00000000,0
1531212984761,1531212984756,18776708,0.00006988,114.00000000,0
1531212987997,1531212987993,18776709,0.00006988,500.00000000,0
1531212988932,1531212988928,18776710,0.00006988,288.00000000,0
1531212991860,1531212991856,18776711,0.00006994,114.00000000,0
1531212996247,1531212996243,18776712,0.00006992,1939.00000000,0
1531212996270,1531212996265,18776713,0.00006993,3238.00000000,0
1531212996553,1531212996548,18776714,0.00006994,16.00000000,0
1531212996677,1531212996674,18776715,0.00006994,16.00000000,0
1531212996805,1531212996800,18776716,0.00006994,16.00000000,0
1531212996944,1531212996938,18776717,0.00006994,16.00000000,0
1531212997084,1531212997078,18776718,0.00006994,16.00000000,0
1531212998082,1531212998079,18776719,0.00006993,114.00000000,0
1531213002517,1531213002512,18776720,0.00006992,5008.00000000,0
1531213002542,1531213002536,18776721,0.00006992,4900.00000000,0
1531213005636,1531213005631,18776722,0.00006993,500.00000000,0
1531213007736,1531213007731,18776723,0.00006992,80.00000000,0
1531213007736,1531213007731,18776724,0.00006993,34.00000000,0
1531213012855,1531213012851,18776725,0.00006993,114.00000000,0
1531213019802,1531213019798,18776726,0.00006988,20.00000000,1
1531213021706,1531213021701,18776727,0.00006990,114.00000000,0
1531213024506,1531213024502,18776728,0.00006990,500.00000000,0
1531213030086,1531213030081,18776729,0.00006990,114.00000000,0
1531213033817,1531213033813,18776730,0.00006990,510.00000000,0
1531213036707,1531213036704,18776731,0.00006986,10.00000000,1
1531213038227,1531213038222,18776732,0.00006987,45.00000000,0
1531213038244,1531213038240,18776733,0.00006988,18.00000000,0
1531213038986,1531213038982,18776734,0.00006990,114.00000000,0
1531213041856,1531213041851,18776735,0.00006989,427.00000000,0
1531213041856,1531213041851,18776736,0.00006990,73.00000000,0
1531213044390,1531213044385,18776737,0.00006990,114.00000000,0
1531213051819,1531213051815,18776738,0.00006990,114.00000000,0
1531213054866,1531213054861,18776739,0.00006987,2243.00000000,0
1531213054875,1531213054871,18776740,0.00006988,774.00000000,0
1531213054905,1531213054900,18776741,0.00006989,802.00000000,0
1531213059419,1531213059414,18776742,0.00006990,114.00000000,0
1531213060304,1531213060300,18776743,0.00006990,500.00000000,0
1531213067774,1531213067769,18776744,0.00006990,114.00000000,0
1531213073324,1531213073319,18776745,0.00006988,114.00000000,0
1531213075926,1531213075921,18776746,0.00006988,1000.00000000,0
1531213077252,1531213077250,18776747,0.00006988,500.00000000,0
1531213080860,1531213080856,18776748,0.00006986,194.00000000,1
1531213082720,1531213082716,18776749,0.00006986,483.00000000,1
1531213082739,1531213082734,18776750,0.00006986,949.00000000,0
1531213082759,1531213082755,18776751,0.00006987,833.00000000,0
1531213090268,1531213090263,18776752,0.00006985,913.00000000,1
1531213090287,1531213090283,18776753,0.00006986,378.00000000,0
1531213095121,1531213095118,18776754,0.00006988,500.00000000,0
1531213098123,1531213098118,18776755,0.00006985,95.00000000,1
1531213098150,1531213098144,18776756,0.00006986,91.00000000,0
1531213098165,1531213098161,18776757,0.00006985,913.00000000,1
1531213098184,1531213098179,18776758,0.00006985,157.00000000,1
1531213112105,1531213112101,18776759,0.00006985,38.00000000,1
1531213112132,1531213112127,18776760,0.00006986,39.00000000,0
1531213112149,1531213112145,18776761,0.00006987,720.00000000,0
1531213112486,1531213112481,18776762,0.00006988,500.00000000,0
1531213117906,1531213117902,18776763,0.00006985,209.00000000,1
1531213131053,1531213131049,18776764,0.00006986,500.00000000,0
1531213131332,1531213131326,18776765,0.00006986,249.00000000,0
1531213134016,1531213134012,18776766,0.00006986,25.00000000,1
1531213136728,1531213136724,18776767,0.00006988,115.00000000,0
1531213138555,1531213138549,18776768,0.00006986,180.00000000,1
1531213139433,1531213139426,18776769,0.00006988,36.00000000,0
1531213148379,1531213148375,18776770,0.00006986,295.00000000,1
1531213148391,1531213148387,18776771,0.00006986,3885.00000000,0
1531213148406,1531213148402,18776772,0.00006987,1936.00000000,0
1531213148435,1531213148429,18776773,0.00006986,295.00000000,1
1531213149688,1531213149683,18776774,0.00006986,454.00000000,0
1531213149688,1531213149683,18776775,0.00006988,46.00000000,0
1531213152604,1531213152600,18776776,0.00006985,29.00000000,1
1531213157922,1531213157917,18776777,0.00006985,156.00000000,1
1531213158417,1531213158412,18776778,0.00006985,496.00000000,1
1531213165905,1531213165900,18776779,0.00006986,831.00000000,0
1531213165922,1531213165917,18776780,0.00006987,729.00000000,0
1531213167173,1531213167167,18776781,0.00006988,500.00000000,0
1531213172595,1531213172590,18776782,0.00006985,84.00000000,1
1531213175162,1531213175158,18776783,0.00006985,2039.00000000,1
1531213175188,1531213175182,18776784,0.00006986,618.00000000,0
1531213175208,1531213175204,18776785,0.00006986,829.00000000,0
1531213176019,1531213176016,18776786,0.00006988,1000.00000000,0
1531213177925,1531213177922,18776787,0.00006985,177.00000000,1
1531213185283,1531213185277,18776788,0.00006988,500.00000000,0
1531213189971,1531213189967,18776789,0.00006987,949.00000000,1
1531213189989,1531213189985,18776790,0.00006986,1908.00000000,1
1531213195853,1531213195848,18776791,0.00006986,250.00000000,0
1531213195853,1531213195848,18776792,0.00006988,1050.00000000,0
1531213197466,1531213197462,18776793,0.00006988,47.00000000,0
1531213197941,1531213197936,18776794,0.00006985,173.00000000,1
1531213198412,1531213198406,18776795,0.00006985,191.00000000,1
1531213203573,1531213203569,18776796,0.00006988,500.00000000,0
1531213203667,1531213203663,18776797,0.00006987,958.00000000,1
1531213203687,1531213203682,18776798,0.00006987,823.00000000,0
1531213203698,1531213203693,18776799,0.00006987,958.00000000,1
1531213208814,1531213208811,18776800,0.00006987,375.00000000,1
1531213210097,1531213210092,18776801,0.00006987,52.00000000,1
1531213210106,1531213210102,18776802,0.00006987,562.00000000,0
1531213210122,1531213210118,18776803,0.00006987,52.00000000,1
1531213210200,1531213210195,18776804,0.00006987,199.00000000,0
1531213210235,1531213210230,18776805,0.00006987,176.00000000,0
1531213217939,1531213217936,18776806,0.00006985,173.00000000,1
1531213218184,1531213218180,18776807,0.00006987,103.00000000,0
1531213218220,1531213218214,18776808,0.00006987,25.00000000,0
1531213224136,1531213224129,18776809,0.00006987,272.00000000,0
1531213224136,1531213224129,18776810,0.00006993,228.00000000,0
1531213228006,1531213228002,18776811,0.00006987,129.00000000,1
1531213228967,1531213228962,18776812,0.00006987,130.00000000,1
1531213230794,1531213230790,18776813,0.00006987,854.00000000,1
1531213230812,1531213230807,18776814,0.00006986,1150.00000000,1
1531213241051,1531213241047,18776815,0.00006986,129.00000000,1
1531213241431,1531213241427,18776816,0.00006986,129.00000000,1
1531213241885,1531213241881,18776817,0.00006992,500.00000000,0
1531213242128,1531213242124,18776818,0.00006986,130.00000000,1
1531213242530,1531213242526,18776819,0.00006986,129.00000000,1
1531213242754,1531213242748,18776820,0.00006986,528.00000000,1
1531213243225,1531213243221,18776821,0.00006985,129.00000000,1
1531213245838,1531213245834,18776822,0.00006985,1761.00000000,1
1531213245868,1531213245863,18776823,0.00006986,517.00000000,0
1531213255762,1531213255758,18776824,0.00006985,129.00000000,1
1531213257489,1531213257484,18776825,0.00006986,294.00000000,0
1531213259397,1531213259394,18776826,0.00006986,500.00000000,0
1531213269819,1531213269817,18776827,0.00006986,395.00000000,0
1531213271815,1531213271812,18776828,0.00006985,30.00000000,1
1531213277885,1531213277880,18776829,0.00006986,500.00000000,0
1531213279090,1531213279085,18776830,0.00006985,653.00000000,1
1531213279195,1531213279191,18776831,0.00006985,1847.00000000,1
1531213279270,1531213279265,18776832,0.00006985,1507.00000000,1
1531213279270,1531213279265,18776833,0.00006982,2599.00000000,1
1531213279812,1531213279807,18776834,0.00006986,173.00000000,0
1531213280822,1531213280819,18776835,0.00006983,1086.00000000,1
1531213281273,1531213281268,18776836,0.00006985,325.00000000,1
1531213281614,1531213281610,18776837,0.00006982,1086.00000000,1
1531213282260,1531213282255,18776838,0.00006982,1500.00000000,1
1531213282287,1531213282283,18776839,0.00006984,163.00000000,1
1531213282287,1531213282283,18776840,0.00006982,251.00000000,1
1531213282605,1531213282600,18776841,0.00006982,300.00000000,1
1531213283827,1531213283824,18776842,0.00006982,207.00000000,1
1531213284240,1531213284236,18776843,0.00006982,1382.00000000,1
1531213285961,1531213285954,18776844,0.00006982,141.00000000,1
1531213285961,1531213285954,18776845,0.00006981,80.00000000,1
1531213285961,1531213285954,18776846,0.00006979,706.00000000,1
1531213285961,1531213285954,18776847,0.00006978,890.00000000,1
1531213285961,1531213285954,18776848,0.00006977,25.00000000,1
1531213287152,1531213287146,18776849,0.00006976,202.00000000,1
1531213287152,1531213287146,18776850,0.00006975,6734.00000000,1
1531213287152,1531213287146,18776851,0.00006974,25.00000000,1
1531213287152,1531213287146,18776852,0.00006973,13434.00000000,1
1531213287861,1531213287857,18776853,0.00006973,1580.00000000,1
1531213289578,1531213289574,18776854,0.00006972,845.00000000,1
1531213290253,1531213290249,18776855,0.00006978,2526.00000000,0
1531213290269,1531213290264,18776856,0.00006972,617.00000000,1
1531213290295,1531213290291,18776857,0.00006972,844.00000000,0
1531213290812,1531213290808,18776858,0.00006972,1.00000000,0
1531213295422,1531213295418,18776859,0.00006982,209.00000000,0
1531213295422,1531213295418,18776860,0.00006983,291.00000000,0
1531213295798,1531213295793,18776861,0.00006982,1086.00000000,0
1531213295798,1531213295793,18776862,0.00006983,514.00000000,0
1531213311611,1531213311607,18776863,0.00006977,585.00000000,0
1531213311618,1531213311614,18776864,0.00006982,497.00000000,0
1531213313652,1531213313649,18776865,0.00006984,500.00000000,0
1531213316735,1531213316729,18776866,0.00006982,15.00000000,0
1531213316735,1531213316729,18776867,0.00006983,985.00000000,0
1531213318086,1531213318081,18776868,0.00006983,469.00000000,0
1531213330176,1531213330171,18776869,0.00006984,100.00000000,0
1531213330176,1531213330171,18776870,0.00006985,10040.00000000,0
1531213330566,1531213330562,18776871,0.00006983,522.00000000,1
1531213331349,1531213331346,18776872,0.00006986,40.00000000,0
1531213331349,1531213331346,18776873,0.00006988,460.00000000,0
1531213332510,1531213332505,18776874,0.00006983,115.00000000,1
1531213339329,1531213339323,18776875,0.00006984,3386.00000000,0
1531213339346,1531213339341,18776876,0.00006986,1694.00000000,0
1531213339356,1531213339351,18776877,0.00006983,515.00000000,1
1531213348832,1531213348826,18776878,0.00006983,500.00000000,0
1531213350759,1531213350754,18776879,0.00006983,290.00000000,0
1531213351192,1531213351186,18776880,0.00006979,15.00000000,1
1531213351210,1531213351206,18776881,0.00006983,149.00000000,0
1531213353041,1531213353036,18776882,0.00006987,6450.00000000,0
1531213353041,1531213353036,18776883,0.00006988,13550.00000000,0
1531213359520,1531213359515,18776884,0.00006988,10.00000000,0
1531213367469,1531213367463,18776885,0.00006988,500.00000000,0
1531213369452,1531213369448,18776886,0.00006988,8544.00000000,0
1531213369491,1531213369486,18776887,0.00006988,247.00000000,1
1531213370484,1531213370479,18776888,0.00006988,909.00000000,1
1531213371088,1531213371081,18776889,0.00006988,160.00000000,1
1531213376062,1531213376056,18776890,0.00006989,270.00000000,0
1531213382005,1531213382000,18776891,0.00006984,101.00000000,0
1531213382019,1531213382015,18776892,0.00006979,1423.00000000,1
1531213382035,1531213382031,18776893,0.00006979,63.00000000,1
1531213399052,1531213399047,18776894,0.00006982,843.00000000,0
1531213399069,1531213399065,18776895,0.00006986,355.00000000,0
1531213402927,1531213402923,18776896,0.00006986,123.00000000,0
1531213402950,1531213402946,18776897,0.00006987,185.00000000,0
1531213415037,1531213415033,18776898,0.00006985,826.00000000,0
1531213415049,1531213415045,18776899,0.00006983,152.00000000,1
1531213415072,1531213415066,18776900,0.00006982,351.00000000,1
1531213424136,1531213424131,18776901,0.00006987,18.00000000,0
1531213435192,1531213435188,18776902,0.00006987,1288.00000000,0
1531213437931,1531213437925,18776903,0.00006977,11.00000000,1
1531213439718,1531213439713,18776904,0.00006987,2000.00000000,0
1531213456043,1531213456038,18776905,0.00006987,1000.00000000,0
1531213467634,1531213467630,18776906,0.00006980,508.00000000,0
1531213467651,1531213467646,18776907,0.00006985,330.00000000,0
1531213467667,1531213467661,18776908,0.00006986,267.00000000,0
1531213493949,1531213493945,18776909,0.00006981,478.00000000,0
1531213493961,1531213493957,18776910,0.00006985,319.00000000,0
1531213493981,1531213493975,18776911,0.00006986,179.00000000,0
1531213498641,1531213498635,18776912,0.00006985,23.00000000,1
1531213498672,1531213498668,18776913,0.00006986,15.00000000,0
1531213503888,1531213503882,18776914,0.00006986,115.00000000,1
1531213503923,1531213503920,18776915,0.00006987,72.00000000,0
1531213507455,1531213507450,18776916,0.00006987,76.00000000,0
1531213507476,1531213507473,18776917,0.00006987,329.00000000,0
1531213526292,1531213526286,18776918,0.00006986,115.00000000,0
1531213527114,1531213527109,18776919,0.00006985,32.00000000,1
1531213529676,1531213529670,18776920,0.00006985,37.00000000,1
1531213529676,1531213529670,18776921,0.00006976,509.00000000,1
1531213531500,1531213531495,18776922,0.00006986,115.00000000,0
1531213536677,1531213536673,18776923,0.00006986,115.00000000,0
1531213540433,1531213540428,18776924,0.00006983,393.00000000,0
1531213540433,1531213540428,18776925,0.00006984,129.00000000,0
1531213540826,1531213540820,18776926,0.00006979,436.00000000,1
1531213542678,1531213542674,18776927,0.00006984,928.00000000,0
1531213544493,1531213544488,18776928,0.00006984,115.00000000,0
1531213549607,1531213549605,18776929,0.00006984,115.00000000,0
1531213555632,1531213555627,18776930,0.00006984,1000.00000000,0
1531213557360,1531213557355,18776931,0.00006983,114.00000000,0
1531213557360,1531213557355,18776932,0.00006984,1.00000000,0
1531213565851,1531213565846,18776933,0.00006984,115.00000000,0
1531213571664,1531213571660,18776934,0.00006982,31.00000000,0
1531213571664,1531213571660,18776935,0.00006984,84.00000000,0
1531213577396,1531213577391,18776936,0.00006983,115.00000000,0
1531213579545,1531213579540,18776937,0.00006983,326.00000000,0
1531213580035,1531213580031,18776938,0.00006984,148.00000000,0
1531213583853,1531213583849,18776939,0.00006984,1065.00000000,0
1531213586887,1531213586883,18776940,0.00006984,115.00000000,0
1531213587035,1531213587031,18776941,0.00006983,57.00000000,1
1531213587535,1531213587530,18776942,0.00006983,57.00000000,1
1531213589268,1531213589264,18776943,0.00006983,1.00000000,1
1531213594672,1531213594668,18776944,0.00006982,56.00000000,0
1531213594672,1531213594668,18776945,0.00006984,59.00000000,0
1531213600997,1531213600993,18776946,0.00006984,115.00000000,0
1531213602664,1531213602659,18776947,0.00006979,1.00000000,1
1531213609884,1531213609879,18776948,0.00006981,320.00000000,1
1531213609893,1531213609890,18776949,0.00006980,261.00000000,0
1531213609911,1531213609905,18776950,0.00006983,399.00000000,0
1531213612080,1531213612076,18776951,0.00006984,115.00000000,0
1531213614754,1531213614750,18776952,0.00006980,438.00000000,0
1531213614769,1531213614764,18776953,0.00006983,201.00000000,0
1531213614782,1531213614777,18776954,0.00006983,229.00000000,0
1531213616214,1531213616210,18776955,0.00006982,149.00000000,0
1531213618901,1531213618896,18776956,0.00006980,1199.00000000,0
1531213618920,1531213618916,18776957,0.00006982,347.00000000,0
1531213619304,1531213619297,18776958,0.00006984,115.00000000,0
1531213628680,1531213628676,18776959,0.00006982,26.00000000,1
1531213629859,1531213629855,18776960,0.00006984,25.00000000,0
1531213630842,1531213630836,18776961,0.00006984,115.00000000,0
1531213632238,1531213632232,18776962,0.00006982,123.00000000,1
1531213632238,1531213632232,18776963,0.00006978,1627.00000000,1
1531213636087,1531213636083,18776964,0.00006982,551.00000000,0
1531213636207,1531213636203,18776965,0.00006982,149.00000000,0
1531213638353,1531213638349,18776966,0.00006981,730.00000000,0
1531213638364,1531213638357,18776967,0.00006982,47.00000000,0
1531213638388,1531213638384,18776968,0.00006983,256.00000000,0
1531213638582,1531213638573,18776969,0.00006984,115.00000000,0
1531213641142,1531213641136,18776970,0.00006981,1193.00000000,0
1531213641152,1531213641147,18776971,0.00006979,234.00000000,1
1531213641175,1531213641169,18776972,0.00006979,756.00000000,1
1531213645852,1531213645848,18776973,0.00006984,115.00000000,0
1531213656795,1531213656788,18776974,0.00006984,115.00000000,0
1531213662242,1531213662238,18776975,0.00006981,10407.00000000,1
1531213662538,1531213662532,18776976,0.00006984,98.00000000,0
1531213662538,1531213662532,18776977,0.00006987,17.00000000,0
1531213671928,1531213671924,18776978,0.00006987,114.00000000,0
1531213672362,1531213672357,18776979,0.00006987,25.00000000,0
1531213676971,1531213676966,18776980,0.00006987,114.00000000,0
1531213679369,1531213679364,18776981,0.00006984,518.00000000,0
1531213679385,1531213679380,18776982,0.00006981,232.00000000,1
1531213684196,1531213684193,18776983,0.00006987,114.00000000,0
1531213685666,1531213685661,18776984,0.00006987,174.00000000,0
1531213690002,1531213689998,18776985,0.00006987,104.00000000,0
1531213690002,1531213689998,18776986,0.00006988,396.00000000,0
1531213692352,1531213692347,18776987,0.00006989,114.00000000,0
1531213697871,1531213697867,18776988,0.00006987,148.00000000,0
1531213700855,1531213700851,18776989,0.00006988,115.00000000,0
1531213703778,1531213703771,18776990,0.00006980,28.00000000,1
1531213703778,1531213703771,18776991,0.00006977,1173.00000000,1
1531213703778,1531213703771,18776992,0.00006976,1798.00000000,1
1531213707440,1531213707435,18776993,0.00006989,114.00000000,0
1531213707772,1531213707768,18776994,0.00006989,500.00000000,0
1531213716634,1531213716630,18776995,0.00006987,114.00000000,0
1531213722006,1531213722002,18776996,0.00006985,115.00000000,0
1531213725093,1531213725088,18776997,0.00006987,500.00000000,0
1531213729689,1531213729684,18776998,0.00006988,114.00000000,0
1531213734345,1531213734340,18776999,0.00006983,575.00000000,0
1531213734359,1531213734354,18777000,0.00006986,742.00000000,0
1531213734370,1531213734366,18777001,0.00006986,497.00000000,0
1531213737198,1531213737193,18777002,0.00006986,115.00000000,0
1531213739415,1531213739411,18777003,0.00006983,113.00000000,0
1531213739423,1531213739418,18777004,0.00006986,67.00000000,0
1531213741898,1531213741893,18777005,0.00006986,25.00000000,1
1531213743409,1531213743404,18777006,0.00006987,500.00000000,0
1531213745125,1531213745120,18777007,0.00006987,114.00000000,0
1531213752557,1531213752550,18777008,0.00006987,143.00000000,0
1531213753720,1531213753716,18777009,0.00006984,797.00000000,0
1531213753737,1531213753732,18777010,0.00006982,517.00000000,1
1531213757513,1531213757507,18777011,0.00006987,13689.00000000,0
1531213757513,1531213757507,18777012,0.00006988,14930.00000000,0
1531213760789,1531213760785,18777013,0.00006988,500.00000000,0
1531213766114,1531213766110,18777014,0.00006985,225.00000000,0
1531213766128,1531213766124,18777015,0.00006982,614.00000000,1
1531213766154,1531213766149,18777016,0.00006982,101.00000000,1
1531213777197,1531213777193,18777017,0.00006985,999.00000000,0
1531213778964,1531213778960,18777018,0.00006983,453.00000000,0
1531213779130,1531213779126,18777019,0.00006985,1.00000000,0
1531213779509,1531213779503,18777020,0.00006987,500.00000000,0
1531213781515,1531213781511,18777021,0.00006982,183.00000000,1
1531213782646,1531213782642,18777022,0.00006982,181.00000000,1
1531213798169,1531213798165,18777023,0.00006984,320.00000000,0
1531213798169,1531213798165,18777024,0.00006987,180.00000000,0
1531213798595,1531213798591,18777025,0.00006985,1968.00000000,0
1531213798610,1531213798604,18777026,0.00006983,709.00000000,1
1531213801941,1531213801937,18777027,0.00006983,303.00000000,0
1531213801953,1531213801949,18777028,0.00006985,129.00000000,0
1531213810306,1531213810303,18777029,0.00006983,760.00000000,0
1531213810317,1531213810312,18777030,0.00006985,286.00000000,0
1531213816049,1531213816044,18777031,0.00006987,320.00000000,0
1531213816049,1531213816044,18777032,0.00006988,180.00000000,0
1531213829659,1531213829655,18777033,0.00006985,20.00000000,0
1531213829668,1531213829664,18777034,0.00006982,15.00000000,1
1531213834709,1531213834706,18777035,0.00006988,500.00000000,0
1531213837133,1531213837128,18777036,0.00006980,42.00000000,1
1531213837133,1531213837128,18777037,0.00006979,517.00000000,1
1531213837168,1531213837164,18777038,0.00006979,143.00000000,1
1531213837325,1531213837321,18777039,0.00006980,42.00000000,0
1531213842022,1531213842016,18777040,0.00006988,28000.00000000,0
1531213842294,1531213842290,18777041,0.00006985,505.00000000,0
1531213842307,1531213842302,18777042,0.00006983,284.00000000,1
1531213842324,1531213842320,18777043,0.00006982,53.00000000,1
1531213844548,1531213844542,18777044,0.00006988,1.00000000,0
1531213848898,1531213848893,18777045,0.00006987,247.00000000,0
1531213848922,1531213848917,18777046,0.00006988,24.00000000,0
1531213852917,1531213852913,18777047,0.00006988,96.00000000,0
1531213852917,1531213852913,18777048,0.00006989,404.00000000,0
1531213856321,1531213856317,18777049,0.00006983,99.00000000,1
1531213857919,1531213857916,18777050,0.00006984,2174.00000000,1
1531213865569,1531213865566,18777051,0.00006984,597.00000000,1
1531213870942,1531213870937,18777052,0.00006988,500.00000000,0
1531213871399,1531213871395,18777053,0.00006986,29.00000000,0
1531213871412,1531213871406,18777054,0.00006985,222.00000000,1
1531213871435,1531213871431,18777055,0.00006985,30.00000000,1
1531213879192,1531213879188,18777056,0.00006985,908.00000000,0
1531213879200,1531213879195,18777057,0.00006986,177.00000000,0
1531213879219,1531213879215,18777058,0.00006986,389.00000000,0
1531213888497,1531213888492,18777059,0.00006987,500.00000000,0
1531213892153,1531213892147,18777060,0.00006986,143.00000000,1
1531213894093,1531213894089,18777061,0.00006986,1.00000000,1
1531213901441,1531213901437,18777062,0.00006987,6751.00000000,0
1531213901441,1531213901437,18777063,0.00006988,7315.00000000,0
1531213906389,1531213906384,18777064,0.00006989,500.00000000,0
1531213909659,1531213909654,18777065,0.00006985,147.00000000,0
1531213909673,1531213909669,18777066,0.00006987,61.00000000,0
1531213912506,1531213912501,18777067,0.00006984,2397.00000000,1
1531213915911,1531213915908,18777068,0.00006984,1.00000000,1
1531213922862,1531213922858,18777069,0.00006987,388.00000000,0
1531213922881,1531213922875,18777070,0.00006987,122.00000000,0
1531213925439,1531213925434,18777071,0.00006989,500.00000000,0
1531213943558,1531213943552,18777072,0.00006987,500.00000000,0
1531213961370,1531213961367,18777073,0.00006987,500.00000000,0
1531213967368,1531213967363,18777074,0.00006987,1000.00000000,0
1531213972378,1531213972374,18777075,0.00006986,283.00000000,1
1531213975565,1531213975559,18777076,0.00006987,7459.00000000,0
1531213975565,1531213975559,18777077,0.00006989,6843.00000000,0
1531213977542,1531213977537,18777078,0.00006989,133.00000000,0
1531213977877,1531213977873,18777079,0.00006987,589.00000000,0
1531213977885,1531213977880,18777080,0.00006986,301.00000000,1
1531213979814,1531213979810,18777081,0.00006988,300.00000000,0
1531213980030,1531213980025,18777082,0.00006989,500.00000000,0
1531213980856,1531213980850,18777083,0.00006987,850.00000000,1
1531213980882,1531213980878,18777084,0.00006987,398.00000000,1
1531213981453,1531213981449,18777085,0.00006988,5080.00000000,0
1531213984572,1531213984569,18777086,0.00006988,973.00000000,0
1531213986482,1531213986476,18777087,0.00006988,400.00000000,0
1531213990357,1531213990353,18777088,0.00006987,250.00000000,1
1531213998654,1531213998649,18777089,0.00006987,41.00000000,1
1531213998674,1531213998668,18777090,0.00006987,850.00000000,1
1531213999924,1531213999920,18777091,0.00006988,500.00000000,0
1531214003506,1531214003502,18777092,0.00006988,750.00000000,0
1531214015944,1531214015939,18777093,0.00006987,256.00000000,1
1531214015968,1531214015964,18777094,0.00006987,41.00000000,1
1531214017633,1531214017629,18777095,0.00006988,500.00000000,0
1531214022835,1531214022830,18777096,0.00006987,7.00000000,1
1531214031921,1531214031917,18777097,0.00006987,18.00000000,0
1531214036612,1531214036608,18777098,0.00006988,500.00000000,0
1531214038911,1531214038907,18777099,0.00006987,462.00000000,1
1531214054131,1531214054128,18777100,0.00006988,500.00000000,0
1531214059498,1531214059492,18777101,0.00006983,1273.00000000,0
1531214059517,1531214059511,18777102,0.00006979,300.00000000,1
1531214059539,1531214059535,18777103,0.00006979,434.00000000,1
1531214063793,1531214063787,18777104,0.00006982,659.00000000,0
1531214063814,1531214063811,18777105,0.00006986,285.00000000,0
1531214065041,1531214065037,18777106,0.00006988,114.00000000,0
1531214071854,1531214071850,18777107,0.00006988,500.00000000,0
1531214072549,1531214072544,18777108,0.00006988,114.00000000,0
1531214080475,1531214080470,18777109,0.00006988,114.00000000,0
1531214087817,1531214087812,18777110,0.00006988,114.00000000,0
1531214090729,1531214090725,18777111,0.00006988,363.00000000,0
1531214090729,1531214090725,18777112,0.00006989,137.00000000,0
1531214095204,1531214095198,18777113,0.00006988,114.00000000,0
1531214100258,1531214100253,18777114,0.00006988,114.00000000,0
1531214108115,1531214108112,18777115,0.00006988,114.00000000,0
1531214108378,1531214108372,18777116,0.00006988,500.00000000,0
1531214109828,1531214109824,18777117,0.00006982,44.00000000,1
1531214113925,1531214113922,18777118,0.00006981,2.00000000,1
1531214114361,1531214114357,18777119,0.00006987,446.00000000,0
1531214114902,1531214114896,18777120,0.00006981,97.00000000,1
1531214114950,1531214114947,18777121,0.00006981,2.00000000,0
1531214115412,1531214115407,18777122,0.00006987,114.00000000,0
1531214117504,1531214117490,18777123,0.00006987,446.00000000,0
1531214120601,1531214120593,18777124,0.00006987,149.00000000,0
1531214122432,1531214122428,18777125,0.00006987,600.00000000,0
1531214122778,1531214122772,18777126,0.00006988,63.00000000,0
1531214122778,1531214122772,18777127,0.00006989,51.00000000,0
1531214126121,1531214126117,18777128,0.00006988,500.00000000,0
1531214129679,1531214129674,18777129,0.00006988,114.00000000,0
1531214135078,1531214135074,18777130,0.00006985,850.00000000,0
1531214135088,1531214135083,18777131,0.00006981,219.00000000,1
1531214135104,1531214135098,18777132,0.00006981,355.00000000,1
1531214135692,1531214135688,18777133,0.00006989,31.00000000,0
1531214135931,1531214135927,18777134,0.00006989,114.00000000,0
1531214141759,1531214141756,18777135,0.00006988,114.00000000,0
1531214144628,1531214144624,18777136,0.00006988,500.00000000,0
1531214147564,1531214147559,18777137,0.00006988,3166.00000000,0
1531214150289,1531214150285,18777138,0.00006988,114.00000000,0
1531214153557,1531214153553,18777139,0.00006988,149.00000000,0
1531214155660,1531214155655,18777140,0.00006988,114.00000000,0
1531214155918,1531214155913,18777141,0.00006988,1000.00000000,0
1531214160736,1531214160731,18777142,0.00006988,114.00000000,0
1531214161897,1531214161893,18777143,0.00006983,157.00000000,1
1531214162574,1531214162568,18777144,0.00006988,500.00000000,0
1531214164581,1531214164576,18777145,0.00006988,467.00000000,0
1531214169623,1531214169618,18777146,0.00006988,114.00000000,0
1531214171010,1531214171006,18777147,0.00006987,388.00000000,1
1531214176358,1531214176352,18777148,0.00006986,92.00000000,0
1531214176367,1531214176362,18777149,0.00006986,149.00000000,0
1531214176459,1531214176455,18777150,0.00006986,216.00000000,0
1531214176460,1531214176455,18777151,0.00006987,19.00000000,0
1531214176460,1531214176455,18777152,0.00006988,765.00000000,0
1531214178853,1531214178848,18777153,0.00006988,114.00000000,0
1531214180253,1531214180248,18777154,0.00006988,500.00000000,0
1531214183754,1531214183749,18777155,0.00006987,236.00000000,0
1531214183810,1531214183806,18777156,0.00006987,446.00000000,0
1531214186289,1531214186286,18777157,0.00006987,114.00000000,0
1531214186305,1531214186300,18777158,0.00006987,380.00000000,0
1531214195761,1531214195756,18777159,0.00006987,114.00000000,0
1531214196294,1531214196289,18777160,0.00006987,93.00000000,0
1531214196294,1531214196289,18777161,0.00006988,907.00000000,0
1531214197864,1531214197858,18777162,0.00006988,500.00000000,0
1531214200893,1531214200889,18777163,0.00006988,286.00000000,0
1531214203149,1531214203145,18777164,0.00006985,897.00000000,0
1531214203164,1531214203160,18777165,0.00006983,152.00000000,1
1531214203182,1531214203177,18777166,0.00006982,463.00000000,1
1531214204751,1531214204746,18777167,0.00006988,114.00000000,0
1531214212020,1531214212016,18777168,0.00006988,114.00000000,0
1531214215538,1531214215534,18777169,0.00006988,1000.00000000,0
1531214215648,1531214215643,18777170,0.00006988,500.00000000,0
1531214216352,1531214216348,18777171,0.00006984,155.00000000,0
1531214216372,1531214216367,18777172,0.00006980,63.00000000,1
1531214216397,1531214216393,18777173,0.00006979,492.00000000,1
1531214216759,1531214216754,18777174,0.00006988,16.00000000,0
1531214216895,1531214216891,18777175,0.00006988,16.00000000,0
1531214217025,1531214217022,18777176,0.00006988,16.00000000,0
1531214217167,1531214217161,18777177,0.00006988,16.00000000,0
1531214217304,1531214217300,18777178,0.00006988,16.00000000,0
1531214219376,1531214219372,18777179,0.00006988,114.00000000,0
1531214228264,1531214228259,18777180,0.00006988,114.00000000,0
1531214231521,1531214231516,18777181,0.00006982,92.00000000,1
1531214232787,1531214232783,18777182,0.00006982,222.00000000,1
1531214233572,1531214233568,18777183,0.00006988,500.00000000,0
1531214236329,1531214236323,18777184,0.00006988,114.00000000,0
1531214236636,1531214236631,18777185,0.00006985,11.00000000,1
1531214237922,1531214237917,18777186,0.00006986,192.00000000,0
1531214237937,1531214237931,18777187,0.00006985,67.00000000,1
1531214237954,1531214237951,18777188,0.00006984,93.00000000,1
1531214237958,1531214237955,18777189,0.00006985,11.00000000,0
1531214237958,1531214237955,18777190,0.00006988,19989.00000000,0
1531214240908,1531214240903,18777191,0.00006980,6.00000000,1
1531214243963,1531214243958,18777192,0.00006988,812.00000000,0
1531214246434,1531214246429,18777193,0.00006988,114.00000000,0
1531214248175,1531214248171,18777194,0.00006988,124.00000000,0
1531214250144,1531214250139,18777195,0.00006988,104.00000000,0
1531214250354,1531214250350,18777196,0.00006988,233.00000000,0
1531214251150,1531214251146,18777197,0.00006988,500.00000000,0
1531214251197,1531214251193,18777198,0.00006988,286.00000000,0
1531214251706,1531214251701,18777199,0.00006988,114.00000000,0
1531214259580,1531214259575,18777200,0.00006988,143.00000000,0
1531214260065,1531214260060,18777201,0.00006988,114.00000000,0
1531214265973,1531214265969,18777202,0.00006988,1000.00000000,0
1531214266037,1531214266031,18777203,0.00006988,242.00000000,0
1531214268012,1531214268009,18777204,0.00006988,114.00000000,0
1531214270097,1531214270092,18777205,0.00006988,500.00000000,0
1531214273384,1531214273380,18777206,0.00006988,114.00000000,0
1531214279380,1531214279377,18777207,0.00006986,203.00000000,0
1531214279398,1531214279393,18777208,0.00006985,128.00000000,1
1531214281027,1531214281023,18777209,0.00006988,114.00000000,0
1531214281463,1531214281457,18777210,0.00006988,181.00000000,0
1531214285181,1531214285176,18777211,0.00006988,2245.00000000,0
1531214285339,1531214285334,18777212,0.00006988,2245.00000000,0
1531214285470,1531214285465,18777213,0.00006988,1871.00000000,0
1531214285833,1531214285828,18777214,0.00006988,79.00000000,0
1531214286694,1531214286689,18777215,0.00006988,1008.00000000,0
1531214287902,1531214287896,18777216,0.00006988,500.00000000,0
1531214289948,1531214289944,18777217,0.00006986,351.00000000,0
1531214289963,1531214289959,18777218,0.00006984,245.00000000,1
1531214291955,1531214291951,18777219,0.00006989,960.00000000,0
1531214293133,1531214293128,18777220,0.00006988,446.00000000,0
1531214296161,1531214296156,18777221,0.00006988,1000.00000000,0
1531214296408,1531214296403,18777222,0.00006988,446.00000000,0
1531214299569,1531214299564,18777223,0.00006988,446.00000000,0
1531214301575,1531214301571,18777224,0.00006988,23.00000000,0
1531214302774,1531214302770,18777225,0.00006988,149.00000000,0
1531214304409,1531214304404,18777226,0.00006987,17.00000000,1
1531214305912,1531214305908,18777227,0.00006988,149.00000000,0
1531214306374,1531214306369,18777228,0.00006988,500.00000000,0
1531214306386,1531214306381,18777229,0.00006988,34.00000000,0
1531214315044,1531214315041,18777230,0.00006988,1000.00000000,0
1531214316750,1531214316747,18777231,0.00006988,181.00000000,0
1531214320337,1531214320332,18777232,0.00006988,446.00000000,0
1531214320790,1531214320785,18777233,0.00006988,1306.00000000,0
1531214320811,1531214320807,18777234,0.00006988,103.00000000,0
1531214320864,1531214320861,18777235,0.00006988,1306.00000000,0
1531214320891,1531214320887,18777236,0.00006988,2244.00000000,0
1531214321022,1531214321017,18777237,0.00006988,2244.00000000,0
1531214321315,1531214321310,18777238,0.00006988,1439.00000000,0
1531214323699,1531214323696,18777239,0.00006988,500.00000000,0
1531214326831,1531214326826,18777240,0.00006988,150.00000000,0
1531214330169,1531214330166,18777241,0.00006988,446.00000000,0
1531214333261,1531214333253,18777242,0.00006988,1288.00000000,0
1531214336364,1531214336360,18777243,0.00006988,1339.00000000,0
1531214336643,1531214336638,18777244,0.00006988,1000.00000000,0
1531214337817,1531214337812,18777245,0.00006988,760.00000000,0
1531214339658,1531214339652,18777246,0.00006988,22.00000000,0
1531214339685,1531214339678,18777247,0.00006988,477.00000000,0
1531214339962,1531214339958,18777248,0.00006988,1339.00000000,0
1531214341107,1531214341103,18777249,0.00006988,539.00000000,0
1531214341561,1531214341556,18777250,0.00006988,500.00000000,0
1531214342746,1531214342741,18777251,0.00006988,450.00000000,0
1531214343197,1531214343191,18777252,0.00006988,446.00000000,0
1531214344598,1531214344594,18777253,0.00006988,8.00000000,0
1531214345352,1531214345346,18777254,0.00006987,131.00000000,1
1531214346658,1531214346654,18777255,0.00006988,446.00000000,0
1531214347938,1531214347933,18777256,0.00006988,692.00000000,0
1531214349173,1531214349166,18777257,0.00006987,1.00000000,1
1531214349173,1531214349166,18777258,0.00006981,54.00000000,1
1531214349771,1531214349767,18777259,0.00006988,429.00000000,0
1531214352198,1531214352154,18777260,0.00006981,25.00000000,1
1531214353869,1531214353865,18777261,0.00006988,446.00000000,0
1531214355221,1531214355217,18777262,0.00006988,2918.00000000,0
1531214355961,1531214355957,18777263,0.00006988,1000.00000000,0
1531214356493,1531214356489,18777264,0.00006988,484.00000000,0
1531214356887,1531214356881,18777265,0.00006988,5724.00000000,0
1531214356989,1531214356985,18777266,0.00006988,149.00000000,0
1531214357326,1531214357321,18777267,0.00006988,669.00000000,0
1531214358999,1531214358995,18777268,0.00006988,500.00000000,0
1531214360101,1531214360095,18777269,0.00006988,446.00000000,0
1531214360902,1531214360897,18777270,0.00006988,10340.00000000,0
1531214363189,1531214363185,18777271,0.00006988,149.00000000,0
1531214366004,1531214365999,18777272,0.00006984,2711.00000000,1
1531214366004,1531214365999,18777273,0.00006983,2437.00000000,1
1531214366004,1531214365999,18777274,0.00006982,772.00000000,1
1531214366004,1531214365999,18777275,0.00006981,9080.00000000,1
1531214366784,1531214366780,18777276,0.00006988,149.00000000,0
1531214369027,1531214369022,18777277,0.00006988,59.00000000,0
1531214370880,1531214370875,18777278,0.00006986,1188.00000000,0
1531214370957,1531214370952,18777279,0.00006988,149.00000000,0
1531214376381,1531214376376,18777280,0.00006988,500.00000000,0
1531214377168,1531214377162,18777281,0.00006988,2000.00000000,0
1531214377419,1531214377415,18777282,0.00006981,500.00000000,1
1531214379770,1531214379765,18777283,0.00006981,541.00000000,1
1531214380650,1531214380645,18777284,0.00006981,96.00000000,1
1531214381601,1531214381596,18777285,0.00006981,2181.00000000,1
1531214382669,1531214382665,18777286,0.00006981,300.00000000,1
1531214383294,1531214383290,18777287,0.00006981,3323.00000000,1
1531214383962,1531214383957,18777288,0.00006980,5000.00000000,1
1531214384073,1531214384070,18777289,0.00006977,113.00000000,1
1531214384073,1531214384070,18777290,0.00006975,187.00000000,1
1531214384290,1531214384287,18777291,0.00006975,401.00000000,1
1531214384963,1531214384959,18777292,0.00006972,2299.00000000,1
1531214384963,1531214384959,18777293,0.00006971,201.00000000,1
1531214385100,1531214385096,18777294,0.00006971,1.00000000,1
1531214386552,1531214386547,18777295,0.00006971,2348.00000000,1
1531214387111,1531214387106,18777296,0.00006971,1091.00000000,1
1531214389989,1531214389984,18777297,0.00006976,1091.00000000,0
1531214389989,1531214389984,18777298,0.00006980,1.00000000,0
1531214394212,1531214394206,18777299,0.00006979,500.00000000,0
1531214395462,1531214395456,18777300,0.00006979,109.00000000,0
1531214396198,1531214396193,18777301,0.00006975,1234.00000000,0
1531214396213,1531214396208,18777302,0.00006972,882.00000000,1
1531214396714,1531214396709,18777303,0.00006979,164.00000000,0
1531214396714,1531214396709,18777304,0.00006980,112.00000000,0
1531214396714,1531214396709,18777305,0.00006982,2224.00000000,0
1531214404972,1531214404968,18777306,0.00006981,14322.00000000,1
1531214405139,1531214405135,18777307,0.00006981,63.00000000,0
1531214405990,1531214405986,18777308,0.00006981,5007.00000000,0
1531214410785,1531214410780,18777309,0.00006981,14.00000000,0
1531214411733,1531214411729,18777310,0.00006981,40.00000000,0
1531214411912,1531214411906,18777311,0.00006981,500.00000000,0
1531214415795,1531214415790,18777312,0.00006971,108.00000000,1
1531214415795,1531214415790,18777313,0.00006970,295.00000000,1
1531214416245,1531214416241,18777314,0.00006980,317.00000000,0
1531214416245,1531214416241,18777315,0.00006981,2183.00000000,0
1531214417647,1531214417644,18777316,0.00006977,923.00000000,0
1531214417648,1531214417644,18777317,0.00006978,660.00000000,0
1531214418124,1531214418120,18777318,0.00006974,3919.00000000,0
1531214418136,1531214418132,18777319,0.00006978,921.00000000,0
1531214418212,1531214418208,18777320,0.00006978,660.00000000,1
1531214418865,1531214418860,18777321,0.00006980,108.00000000,0
1531214418865,1531214418860,18777322,0.00006981,624.00000000,0
1531214418865,1531214418860,18777323,0.00006983,298.00000000,0
1531214422568,1531214422564,18777324,0.00006975,7013.00000000,0
1531214422587,1531214422583,18777325,0.00006980,2784.00000000,0
1531214423129,1531214423124,18777326,0.00006980,1447.00000000,0
1531214425480,1531214425475,18777327,0.00006980,14.00000000,0
1531214428601,1531214428596,18777328,0.00006972,1496.00000000,1
1531214428997,1531214428991,18777329,0.00006979,657.00000000,0
1531214428997,1531214428991,18777330,0.00006980,4350.00000000,0
1531214429604,1531214429600,18777331,0.00006980,500.00000000,0
1531214433806,1531214433801,18777332,0.00006972,2.00000000,1
1531214434737,1531214434734,18777333,0.00006979,79.00000000,0
1531214435115,1531214435110,18777334,0.00006972,9505.00000000,1
1531214435970,1531214435964,18777335,0.00006979,315.00000000,0
1531214435970,1531214435964,18777336,0.00006981,2685.00000000,0
1531214436514,1531214436510,18777337,0.00006981,108.00000000,0
1531214438369,1531214438365,18777338,0.00006973,205.00000000,1
1531214438374,1531214438370,18777339,0.00006973,205.00000000,1
1531214438388,1531214438385,18777340,0.00006973,203.00000000,1
1531214438465,1531214438461,18777341,0.00006973,77.00000000,1
1531214438534,1531214438530,18777342,0.00006973,57.00000000,1
1531214439281,1531214439277,18777343,0.00006972,144.00000000,1
1531214440459,1531214440456,18777344,0.00006972,20.00000000,0
1531214441912,1531214441908,18777345,0.00006981,250.00000000,0
1531214443243,1531214443239,18777346,0.00006979,116.00000000,0
1531214443616,1531214443611,18777347,0.00006979,630.00000000,0
1531214443616,1531214443611,18777348,0.00006980,4377.00000000,0
1531214447133,1531214447130,18777349,0.00006980,500.00000000,0
1531214449027,1531214449022,18777350,0.00006980,249.00000000,1
1531214449061,1531214449057,18777351,0.00006980,1.00000000,1
1531214449991,1531214449988,18777352,0.00006979,5007.00000000,0
1531214450395,1531214450390,18777353,0.00006979,584.00000000,1
1531214450407,1531214450404,18777354,0.00006979,1543.00000000,1
1531214451171,1531214451166,18777355,0.00006977,2001.00000000,0
1531214451365,1531214451360,18777356,0.00006977,60.00000000,0
1531214452043,1531214452040,18777357,0.00006977,10.00000000,0
1531214452334,1531214452331,18777358,0.00006977,4386.00000000,0
1531214455293,1531214455289,18777359,0.00006983,1993.00000000,0
1531214455293,1531214455289,18777360,0.00006986,1007.00000000,0
1531214456395,1531214456391,18777361,0.00006986,94.00000000,0
1531214457814,1531214457811,18777362,0.00006977,15.00000000,1
1531214459506,1531214459502,18777363,0.00006977,30.00000000,1
1531214459539,1531214459535,18777364,0.00006984,521.00000000,0
1531214462627,1531214462623,18777365,0.00006986,394.00000000,0
1531214462988,1531214462985,18777366,0.00006985,1982.00000000,0
1531214463226,1531214463222,18777367,0.00006985,17.00000000,0
1531214465130,1531214465127,18777368,0.00006985,500.00000000,0
1531214468317,1531214468313,18777369,0.00006985,186.00000000,0
1531214469638,1531214469633,18777370,0.00006985,14.00000000,0
1531214469870,1531214469865,18777371,0.00006982,1240.00000000,0
1531214469884,1531214469879,18777372,0.00006979,1251.00000000,1
1531214469911,1531214469907,18777373,0.00006979,422.00000000,1
1531214472193,1531214472189,18777374,0.00006985,50.00000000,0
1531214473465,1531214473461,18777375,0.00006978,456.00000000,1
1531214475199,1531214475195,18777376,0.00006985,2135.00000000,0
1531214477041,1531214477036,18777377,0.00006979,2008.00000000,1
1531214477356,1531214477352,18777378,0.00006982,5440.00000000,0
1531214477372,1531214477368,18777379,0.00006979,592.00000000,1
1531214477390,1531214477386,18777380,0.00006978,2015.00000000,1
1531214477436,1531214477432,18777381,0.00006979,14.00000000,0
1531214477883,1531214477879,18777382,0.00006979,95.00000000,0
1531214477985,1531214477979,18777383,0.00006979,1354.00000000,0
1531214477986,1531214477981,18777384,0.00006979,250.00000000,0
1531214478026,1531214478021,18777385,0.00006979,295.00000000,0
1531214478341,1531214478334,18777386,0.00006985,14.00000000,0
1531214478449,1531214478444,18777387,0.00006985,1519.00000000,0
1531214479334,1531214479330,18777388,0.00006985,14.00000000,0
1531214481054,1531214481049,18777389,0.00006988,2696.00000000,0
1531214481054,1531214481049,18777390,0.00006989,171.00000000,0
1531214482969,1531214482966,18777391,0.00006988,2862.00000000,0
1531214483165,1531214483161,18777392,0.00006988,500.00000000,0
1531214483559,1531214483553,18777393,0.00006981,367.00000000,1
1531214483972,1531214483968,18777394,0.00006988,4638.00000000,0
1531214484187,1531214484183,18777395,0.00006989,21161.00000000,0
1531214484214,1531214484210,18777396,0.00006990,887.00000000,0
1531214484728,1531214484724,18777397,0.00006992,18.00000000,0
1531214484728,1531214484724,18777398,0.00006993,514.00000000,0
1531214484728,1531214484724,18777399,0.00006995,1082.00000000,0
1531214485142,1531214485137,18777400,0.00006988,20.00000000,1
1531214485979,1531214485974,18777401,0.00006988,42173.00000000,0
1531214486722,1531214486718,18777402,0.00006994,317.00000000,0
1531214486722,1531214486718,18777403,0.00006995,683.00000000,0
1531214487002,1531214486998,18777404,0.00006995,8.00000000,0
1531214487347,1531214487342,18777405,0.00006995,3.00000000,0
1531214490048,1531214490043,18777406,0.00006988,64.00000000,1
1531214490582,1531214490577,18777407,0.00006984,9.00000000,1
1531214495981,1531214495976,18777408,0.00006994,1899.00000000,0
1531214497102,1531214497097,18777409,0.00006984,1097.00000000,1
1531214502000,1531214501996,18777410,0.00006991,250.00000000,0
1531214502019,1531214502016,18777411,0.00006991,847.00000000,0
1531214502019,1531214502016,18777412,0.00006992,251.00000000,0
1531214502688,1531214502682,18777413,0.00006992,417.00000000,0
1531214502729,1531214502725,18777414,0.00006992,251.00000000,1
1531214503056,1531214503052,18777415,0.00006993,251.00000000,0
1531214503056,1531214503052,18777416,0.00006994,249.00000000,0
1531214508281,1531214508277,18777417,0.00006983,8.00000000,1
1531214508892,1531214508889,18777418,0.00006983,8.00000000,1
1531214509973,1531214509969,18777419,0.00006984,250.00000000,0
1531214511859,1531214511855,18777420,0.00006993,250.00000000,0
1531214513018,1531214513014,18777421,0.00006993,2860.00000000,0
1531214517010,1531214517005,18777422,0.00006993,250.00000000,0
1531214520612,1531214520607,18777423,0.00006990,500.00000000,0
1531214522357,1531214522353,18777424,0.00006993,250.00000000,0
1531214523539,1531214523534,18777425,0.00006993,2009.00000000,0
1531214525651,1531214525646,18777426,0.00006993,3000.00000000,0
1531214527188,1531214527183,18777427,0.00006993,2007.00000000,0
1531214527549,1531214527545,18777428,0.00006993,250.00000000,0
1531214530909,1531214530906,18777429,0.00006989,1603.00000000,0
1531214530919,1531214530915,18777430,0.00006985,757.00000000,1
1531214530939,1531214530934,18777431,0.00006984,2023.00000000,1
1531214533749,1531214533745,18777432,0.00006985,160.00000000,1
1531214536215,1531214536210,18777433,0.00006993,2006.00000000,0
1531214538329,1531214538324,18777434,0.00006993,500.00000000,0
1531214538911,1531214538908,18777435,0.00006993,2008.00000000,0
1531214543379,1531214543375,18777436,0.00006993,250.00000000,0
1531214544612,1531214544608,18777437,0.00006993,2006.00000000,0
1531214546972,1531214546967,18777438,0.00006988,280.00000000,0
1531214546982,1531214546979,18777439,0.00006984,101.00000000,1
1531214549976,1531214549972,18777440,0.00006984,3115.00000000,1
1531214553945,1531214553940,18777441,0.00006988,91.00000000,0
1531214555994,1531214555990,18777442,0.00006988,500.00000000,0
1531214556074,1531214556069,18777443,0.00006983,3162.00000000,0
1531214556093,1531214556089,18777444,0.00006988,960.00000000,0
1531214556104,1531214556099,18777445,0.00006989,2014.00000000,0
1531214558668,1531214558663,18777446,0.00006987,317.00000000,0
1531214558668,1531214558663,18777447,0.00006988,591.00000000,0
1531214558668,1531214558663,18777448,0.00006989,591.00000000,0
1531214558668,1531214558663,18777449,0.00006993,1751.00000000,0
1531214559079,1531214559075,18777450,0.00006993,250.00000000,0
1531214563836,1531214563832,18777451,0.00006993,2006.00000000,0
1531214564386,1531214564381,18777452,0.00006992,250.00000000,0
1531214571069,1531214571066,18777453,0.00006988,73.00000000,0
1531214571087,1531214571081,18777454,0.00006984,46.00000000,1
1531214571908,1531214571903,18777455,0.00006992,250.00000000,0
1531214573150,1531214573145,18777456,0.00006992,2860.00000000,0
1531214574096,1531214574090,18777457,0.00006992,500.00000000,0
1531214575581,1531214575577,18777458,0.00006992,3250.00000000,0
1531214577106,1531214577103,18777459,0.00006992,250.00000000,0
1531214580352,1531214580348,18777460,0.00006983,317.00000000,1
1531214580353,1531214580348,18777461,0.00006982,820.00000000,1
1531214591869,1531214591866,18777462,0.00006992,500.00000000,0
1531214591893,1531214591888,18777463,0.00006982,317.00000000,1
1531214591893,1531214591888,18777464,0.00006981,229.00000000,1
1531214592919,1531214592914,18777465,0.00006991,143.00000000,0
1531214592919,1531214592914,18777466,0.00006992,107.00000000,0
1531214596979,1531214596976,18777467,0.00006987,375.00000000,0
1531214596981,1531214596977,18777468,0.00006987,375.00000000,0
1531214597790,1531214597785,18777469,0.00006991,111.00000000,0
1531214597790,1531214597785,18777470,0.00006992,1489.00000000,0
1531214598905,1531214598900,18777471,0.00006992,250.00000000,0
1531214604362,1531214604359,18777472,0.00006992,14.00000000,0
1531214604429,1531214604424,18777473,0.00006992,13.00000000,0
1531214607929,1531214607925,18777474,0.00006992,250.00000000,0
1531214608155,1531214608150,18777475,0.00006992,497.00000000,0
1531214610575,1531214610569,18777476,0.00006992,4074.00000000,0
1531214610622,1531214610617,18777477,0.00006992,215.00000000,1
1531214610626,1531214610621,18777478,0.00006993,500.00000000,0
1531214611462,1531214611457,18777479,0.00006993,16065.00000000,0
1531214611938,1531214611934,18777480,0.00006992,2817.00000000,1
1531214613942,1531214613935,18777481,0.00006992,250.00000000,0
1531214615743,1531214615739,18777482,0.00006981,4.00000000,1
1531214615973,1531214615968,18777483,0.00006993,1600.00000000,0
1531214620819,1531214620815,18777484,0.00006993,14.00000000,0
1531214622803,1531214622798,18777485,0.00006993,14.00000000,0
1531214623050,1531214623045,18777486,0.00006982,112.00000000,1
1531214623050,1531214623045,18777487,0.00006981,166.00000000,1
1531214623050,1531214623045,18777488,0.00006980,305.00000000,1
1531214623050,1531214623045,18777489,0.00006979,1097.00000000,1
1531214623050,1531214623045,18777490,0.00006978,480.00000000,1
1531214623050,1531214623045,18777491,0.00006976,273.00000000,1
1531214625996,1531214625992,18777492,0.00006991,116.00000000,0
1531214628639,1531214628634,18777493,0.00006992,500.00000000,0
1531214631238,1531214631234,18777494,0.00006983,3816.00000000,1
1531214635880,1531214635876,18777495,0.00006992,2000.00000000,0
1531214636277,1531214636273,18777496,0.00006982,497.00000000,1
1531214646606,1531214646601,18777497,0.00006984,75.00000000,1
1531214646607,1531214646602,18777498,0.00006992,500.00000000,0
1531214649109,1531214649105,18777499,0.00006984,1.00000000,1
1531214652141,1531214652136,18777500,0.00006985,5.00000000,1
1531214653385,1531214653381,18777501,0.00006992,177.00000000,0
