event_time,trade_time,trade_id,price,quantity,maker
1531210649441,1531210649436,1608111,0.00000554,770.00000000,0
1531210649441,1531210649436,1608112,0.00000555,140.00000000,0
1531210738708,1531210738703,1608113,0.00000552,81.00000000,1
1531210739222,1531210739217,1608114,0.00000552,58.00000000,1
1531210739633,1531210739629,1608115,0.00000552,42.00000000,1
1531210740139,1531210740133,1608116,0.00000552,47.00000000,1
1531210740641,1531210740638,1608117,0.00000552,53.00000000,1
1531210741248,1531210741246,1608118,0.00000552,51.00000000,1
1531210741864,1531210741859,1608119,0.00000552,73.00000000,1
1531210742574,1531210742569,1608120,0.00000552,45.00000000,1
1531210743055,1531210743051,1608121,0.00000552,48.00000000,1
1531210743577,1531210743572,1608122,0.00000552,509.00000000,1
1531210743806,1531210743803,1608123,0.00000552,39.00000000,1
1531210744153,1531210744147,1608124,0.00000552,137.00000000,1
1531210744181,1531210744178,1608125,0.00000552,69.00000000,1
1531210744524,1531210744518,1608126,0.00000552,48.00000000,1
1531210744568,1531210744565,1608127,0.00000552,79.00000000,1
1531210744995,1531210744990,1608128,0.00000552,48.00000000,1
1531210745096,1531210745091,1608129,0.00000552,18.00000000,1
1531210745096,1531210745091,1608130,0.00000551,50.00000000,1
1531210745528,1531210745523,1608131,0.00000551,48.00000000,1
1531210745754,1531210745740,1608132,0.00000551,189.00000000,1
1531210746130,1531210746129,1608133,0.00000551,71.00000000,1
1531210746204,1531210746199,1608134,0.00000551,59.00000000,1
1531210746673,1531210746669,1608135,0.00000551,55.00000000,1
1531210746690,1531210746685,1608136,0.00000551,58.00000000,1
1531210747282,1531210747278,1608137,0.00000551,87.00000000,1
1531210747358,1531210747354,1608138,0.00000551,58.00000000,1
1531210747738,1531210747733,1608139,0.00000551,45.00000000,1
1531210747933,1531210747930,1608140,0.00000551,48.00000000,1
1531210748274,1531210748269,1608141,0.00000551,74.00000000,1
1531210748349,1531210748345,1608142,0.00000551,48.00000000,1
1531210748733,1531210748727,1608143,0.00000551,69.00000000,1
1531210748888,1531210748882,1608144,0.00000551,76.00000000,1
1531210749066,1531210749061,1608145,0.00000551,39.00000000,1
1531210749147,1531210749142,1608146,0.00000551,130.00000000,1
1531210749303,1531210749297,1608147,0.00000551,68.00000000,1
1531210749509,1531210749510,1608148,0.00000551,48.00000000,1
1531210749925,1531210749920,1608149,0.00000551,66.00000000,1
1531211243301,1531211243297,1608150,0.00000552,50.00000000,1
1531211274089,1531211274085,1608151,0.00000552,1395.00000000,1
1531211313761,1531211313758,1608152,0.00000551,1203.00000000,1
1531211385138,1531211385133,1608153,0.00000551,807.00000000,1
1531211434608,1531211434604,1608154,0.00000551,28122.00000000,1
1531211476110,1531211476104,1608155,0.00000551,2899.00000000,1
1531211751312,1531211751307,1608156,0.00000551,1020.00000000,1
1531211937512,1531211937506,1608157,0.00000552,1000.00000000,1
1531212011462,1531212011458,1608158,0.00000551,7296.00000000,1
1531212509299,1531212509293,1608159,0.00000553,1000.00000000,1
1531212509299,1531212509293,1608160,0.00000552,220.00000000,1
1531213211066,1531213211061,1608161,0.00000552,507.00000000,1
1531213212173,1531213212169,1608162,0.00000552,507.00000000,1
1531213212962,1531213212957,1608163,0.00000552,96.00000000,1
1531213213064,1531213213059,1608164,0.00000552,507.00000000,1
1531213213973,1531213213970,1608165,0.00000552,507.00000000,1
1531213214882,1531213214878,1608166,0.00000552,507.00000000,1
1531213215782,1531213215777,1608167,0.00000552,507.00000000,1
1531213216692,1531213216688,1608168,0.00000552,507.00000000,1
1531213217598,1531213217594,1608169,0.00000552,507.00000000,1
1531213218494,1531213218491,1608170,0.00000552,507.00000000,1
1531213219398,1531213219393,1608171,0.00000552,507.00000000,1
1531213447561,1531213447556,1608172,0.00000552,2000.00000000,1
1531213496428,1531213496425,1608173,0.00000552,5000.00000000,1
1531213709487,1531213709483,1608174,0.00000553,9.00000000,0
1531213832128,1531213832124,1608175,0.00000551,898.00000000,1
1531214132349,1531214132344,1608176,0.00000551,44642.00000000,1
1531214215719,1531214215715,1608177,0.00000552,3808.00000000,0
1531214936394,1531214936390,1608178,0.00000551,637503.00000000,1
1531214938230,1531214938226,1608179,0.00000551,11314.00000000,1
1531215004193,1531215004189,1608180,0.00000551,3315.00000000,1
1531215231603,1531215231596,1608181,0.00000551,980.00000000,1
1531215231603,1531215231596,1608182,0.00000550,30699.00000000,1
1531215231603,1531215231596,1608183,0.00000549,4747.00000000,1
1531215231603,1531215231596,1608184,0.00000548,2843.00000000,1
1531215231603,1531215231596,1608185,0.00000547,821.00000000,1
1531215231603,1531215231596,1608186,0.00000546,14617.00000000,1
1531215231619,1531215231615,1608187,0.00000546,3217.00000000,0
1531215231619,1531215231615,1608188,0.00000547,26656.00000000,0
1531215231620,1531215231615,1608189,0.00000547,9490.00000000,0
1531215232010,1531215232005,1608190,0.00000550,694.00000000,1
1531215232289,1531215232285,1608191,0.00000550,8744.00000000,1
1531215233290,1531215233286,1608192,0.00000547,678.00000000,1
1531215233831,1531215233825,1608193,0.00000547,678.00000000,1
1531215234768,1531215234765,1608194,0.00000547,6044.00000000,1
1531215234768,1531215234765,1608195,0.00000546,3285.00000000,1
1531215234981,1531215234978,1608196,0.00000546,9438.00000000,1
1531215241473,1531215241469,1608197,0.00000546,1090.00000000,1
1531215241798,1531215241793,1608198,0.00000546,357.00000000,1
1531215246497,1531215246492,1608199,0.00000548,47.00000000,0
1531215246527,1531215246524,1608200,0.00000548,81.00000000,0
1531215246614,1531215246610,1608201,0.00000548,58.00000000,0
1531215246670,1531215246667,1608202,0.00000548,51.00000000,0
1531215246727,1531215246721,1608203,0.00000548,73.00000000,0
1531215246780,1531215246776,1608204,0.00000548,39.00000000,0
1531215246853,1531215246849,1608205,0.00000548,137.00000000,0
1531215246925,1531215246921,1608206,0.00000548,69.00000000,0
1531215247220,1531215247217,1608207,0.00000548,48.00000000,0
1531215247411,1531215247407,1608208,0.00000548,48.00000000,0
1531215247485,1531215247482,1608209,0.00000548,79.00000000,0
1531215247586,1531215247582,1608210,0.00000548,48.00000000,0
1531215247639,1531215247635,1608211,0.00000548,45.00000000,0
1531215247681,1531215247677,1608212,0.00000548,509.00000000,0
1531215247817,1531215247813,1608213,0.00000548,53.00000000,0
1531215247887,1531215247881,1608214,0.00000548,42.00000000,0
1531215252774,1531215252770,1608215,0.00000548,618.00000000,0
1531215255958,1531215255954,1608216,0.00000546,1.00000000,1
1531215258786,1531215258781,1608217,0.00000546,1739.00000000,1
1531215261330,1531215261326,1608218,0.00000546,1739.00000000,1
1531215262015,1531215262010,1608219,0.00000546,1736.00000000,1
1531215275918,1531215275913,1608220,0.00000546,1.00000000,1
1531215285181,1531215285176,1608221,0.00000546,390.00000000,1
1531215292630,1531215292625,1608222,0.00000545,325.00000000,1
1531215295230,1531215295224,1608223,0.00000546,165.00000000,0
1531215295230,1531215295224,1608224,0.00000547,1458.00000000,0
1531215295230,1531215295224,1608225,0.00000551,821.00000000,0
1531215304907,1531215304903,1608226,0.00000546,186.00000000,1
1531215322770,1531215322765,1608227,0.00000547,1458.00000000,1
1531215322794,1531215322789,1608228,0.00000546,230.00000000,0
1531215332823,1531215332817,1608229,0.00000545,2625.00000000,1
1531215332847,1531215332842,1608230,0.00000545,2973.00000000,0
1531215335253,1531215335248,1608231,0.00000550,370.00000000,0
1531215335253,1531215335248,1608232,0.00000551,182.00000000,0
1531215335253,1531215335248,1608233,0.00000552,1272.00000000,0
1531215354098,1531215354093,1608234,0.00000545,1742.00000000,1
1531215355069,1531215355065,1608235,0.00000546,1745.00000000,1
1531215367266,1531215367261,1608236,0.00000547,58.00000000,0
1531215367306,1531215367302,1608237,0.00000547,68.00000000,0
1531215367526,1531215367523,1608238,0.00000547,74.00000000,0
1531215367581,1531215367576,1608239,0.00000547,68.00000000,0
1531215367641,1531215367637,1608240,0.00000547,45.00000000,0
1531215367738,1531215367734,1608241,0.00000547,55.00000000,0
1531215370214,1531215370210,1608242,0.00000547,2.00000000,0
1531215422601,1531215422596,1608243,0.00000549,1745.00000000,0
1531215422601,1531215422596,1608244,0.00000552,3275.00000000,0
1531215422601,1531215422596,1608245,0.00000553,1744.00000000,0
1531215568732,1531215568728,1608246,0.00000549,3968.00000000,0
1531215575103,1531215575099,1608247,0.00000549,3968.00000000,0
1531215586323,1531215586320,1608248,0.00000550,1.00000000,0
1531215599055,1531215599052,1608249,0.00000550,1987.00000000,0
1531215604813,1531215604810,1608250,0.00000547,1026.00000000,1
1531215607203,1531215607199,1608251,0.00000548,1268.00000000,0
1531215984837,1531215984833,1608252,0.00000547,54.00000000,1
1531216242408,1531216242404,1608253,0.00000547,1683.00000000,1
1531216245335,1531216245331,1608254,0.00000547,48.00000000,0
1531216245418,1531216245413,1608255,0.00000547,76.00000000,0
1531216245490,1531216245487,1608256,0.00000547,130.00000000,0
1531216245576,1531216245571,1608257,0.00000547,39.00000000,0
1531216245683,1531216245677,1608258,0.00000547,66.00000000,0
1531216245817,1531216245812,1608259,0.00000547,48.00000000,0
1531216245851,1531216245848,1608260,0.00000547,69.00000000,0
1531216245907,1531216245903,1608261,0.00000547,48.00000000,0
1531216245908,1531216245904,1608262,0.00000547,898.00000000,0
1531216246038,1531216246033,1608263,0.00000547,87.00000000,0
1531216246229,1531216246224,1608264,0.00000547,58.00000000,0
1531216246284,1531216246281,1608265,0.00000547,59.00000000,0
1531216246331,1531216246326,1608266,0.00000547,71.00000000,0
1531216246382,1531216246379,1608267,0.00000547,189.00000000,0
1531216246418,1531216246413,1608268,0.00000547,48.00000000,0
1531216308548,1531216308545,1608269,0.00000548,560.00000000,0
1531216490337,1531216490333,1608270,0.00000548,1824.00000000,0
1531216589340,1531216589335,1608271,0.00000547,1740.00000000,1
1531216589340,1531216589335,1608272,0.00000546,4378.00000000,1
1531216589340,1531216589335,1608273,0.00000544,1516.00000000,1
1531216616414,1531216616410,1608274,0.00000544,743.00000000,1
1531216616414,1531216616410,1608275,0.00000543,1764.00000000,1
1531216626959,1531216626954,1608276,0.00000543,298.00000000,1
1531216626959,1531216626954,1608277,0.00000542,1429.00000000,1
1531216637098,1531216637093,1608278,0.00000543,1756.00000000,0
1531216639031,1531216639027,1608279,0.00000542,187.00000000,1
1531216639769,1531216639764,1608280,0.00000543,1756.00000000,0
1531216642598,1531216642595,1608281,0.00000543,1756.00000000,0
1531216642864,1531216642860,1608282,0.00000542,1751.00000000,1
1531216645170,1531216645167,1608283,0.00000543,4995.00000000,0
1531216645181,1531216645176,1608284,0.00000543,1841.00000000,0
1531216645415,1531216645409,1608285,0.00000543,10712.00000000,0
1531216645415,1531216645409,1608286,0.00000544,1466.00000000,0
1531216645415,1531216645409,1608287,0.00000546,1000.00000000,0
1531216645415,1531216645409,1608288,0.00000553,264.00000000,0
1531216645415,1531216645409,1608289,0.00000555,2794.00000000,0
1531216645415,1531216645409,1608290,0.00000556,3778.00000000,0
1531216673696,1531216673689,1608291,0.00000545,81.00000000,1
1531216674213,1531216674208,1608292,0.00000546,42.00000000,1
1531216674682,1531216674677,1608293,0.00000546,47.00000000,1
1531216675215,1531216675211,1608294,0.00000546,53.00000000,1
1531216675914,1531216675910,1608295,0.00000546,58.00000000,1
1531216676377,1531216676373,1608296,0.00000546,73.00000000,1
1531216676934,1531216676930,1608297,0.00000546,45.00000000,1
1531216677720,1531216677717,1608298,0.00000546,51.00000000,1
1531216678277,1531216678272,1608299,0.00000546,48.00000000,1
1531216678758,1531216678755,1608300,0.00000546,509.00000000,1
1531216679368,1531216679364,1608301,0.00000546,39.00000000,1
1531216680096,1531216680092,1608302,0.00000546,69.00000000,1
1531216680645,1531216680640,1608303,0.00000546,137.00000000,1
1531216681281,1531216681277,1608304,0.00000546,48.00000000,1
1531216682019,1531216682015,1608305,0.00000546,74.00000000,1
1531216682614,1531216682609,1608306,0.00000546,79.00000000,1
1531216683174,1531216683170,1608307,0.00000546,48.00000000,1
1531216683723,1531216683718,1608308,0.00000546,68.00000000,1
1531216684299,1531216684295,1608309,0.00000546,48.00000000,1
1531216684971,1531216684967,1608310,0.00000546,189.00000000,1
1531216685439,1531216685434,1608311,0.00000546,71.00000000,1
1531216685999,1531216685995,1608312,0.00000546,59.00000000,1
1531216686671,1531216686666,1608313,0.00000546,55.00000000,1
1531216687252,1531216687247,1608314,0.00000546,58.00000000,1
1531216687783,1531216687778,1608315,0.00000546,87.00000000,1
1531216688502,1531216688497,1608316,0.00000546,58.00000000,1
1531216689209,1531216689205,1608317,0.00000546,45.00000000,1
1531216689842,1531216689836,1608318,0.00000546,48.00000000,1
1531216690427,1531216690424,1608319,0.00000546,74.00000000,1
1531216690984,1531216690978,1608320,0.00000546,48.00000000,1
1531216691336,1531216691332,1608321,0.00000546,69.00000000,1
1531216691439,1531216691435,1608322,0.00000546,898.00000000,1
1531216691944,1531216691939,1608323,0.00000546,39.00000000,1
1531216692529,1531216692525,1608324,0.00000546,47.00000000,1
1531216692529,1531216692525,1608325,0.00000545,29.00000000,1
1531216692843,1531216692840,1608326,0.00000545,130.00000000,1
1531216693268,1531216693264,1608327,0.00000545,68.00000000,1
1531216693849,1531216693844,1608328,0.00000545,48.00000000,1
1531216694763,1531216694758,1608329,0.00000545,66.00000000,1
1531216826469,1531216826465,1608330,0.00000545,1591.00000000,1
1531216846572,1531216846568,1608331,0.00000544,44.00000000,1
1531216849975,1531216849970,1608332,0.00000544,336.00000000,1
1531216849975,1531216849970,1608333,0.00000543,480.00000000,1
1531216881655,1531216881650,1608334,0.00000543,187.00000000,1
1531217162242,1531217162237,1608335,0.00000545,714.00000000,0
1531217162242,1531217162237,1608336,0.00000546,1120.00000000,0
1531217168935,1531217168930,1608337,0.00000546,946.00000000,0
1531217396325,1531217396322,1608338,0.00000544,1667.00000000,1
1531217406324,1531217406318,1608339,0.00000544,491.00000000,1
1531217406324,1531217406318,1608340,0.00000542,824.00000000,1
1531217649190,1531217649186,1608341,0.00000544,258.00000000,1
1531217649190,1531217649186,1608342,0.00000542,428.00000000,1
1531217649200,1531217649195,1608343,0.00000542,2892.00000000,0
1531217661230,1531217661225,1608344,0.00000541,2536.00000000,1
1531217676422,1531217676418,1608345,0.00000542,326.00000000,0
1531217804514,1531217804510,1608346,0.00000542,11.00000000,1
1531217805582,1531217805579,1608347,0.00000542,11.00000000,1
1531217807089,1531217807084,1608348,0.00000542,11.00000000,1
1531217808146,1531217808142,1608349,0.00000542,11.00000000,1
1531217809208,1531217809203,1608350,0.00000542,11.00000000,1
1531217810756,1531217810750,1608351,0.00000542,11.00000000,1
1531217812263,1531217812259,1608352,0.00000542,11.00000000,1
1531217813317,1531217813313,1608353,0.00000542,11.00000000,1
1531217814379,1531217814374,1608354,0.00000542,11.00000000,1
1531217815441,1531217815436,1608355,0.00000542,11.00000000,1
1531218190500,1531218190493,1608356,0.00000542,1901.00000000,1
1531218190500,1531218190493,1608357,0.00000541,3773.00000000,1
1531218190500,1531218190493,1608358,0.00000540,5351.00000000,1
1531218190500,1531218190493,1608359,0.00000539,555.00000000,1
1531218190500,1531218190493,1608360,0.00000538,300.00000000,1
1531218190500,1531218190493,1608361,0.00000537,1316.00000000,1
1531218190500,1531218190493,1608362,0.00000536,1420.00000000,1
1531218190501,1531218190493,1608363,0.00000536,10681.00000000,1
1531218190501,1531218190493,1608364,0.00000535,12961.00000000,1
1531218190510,1531218190506,1608365,0.00000540,199.00000000,0
1531218191193,1531218191188,1608366,0.00000541,1116.00000000,0
1531218191418,1531218191414,1608367,0.00000540,391.00000000,1
1531218192412,1531218192408,1608368,0.00000540,1497.00000000,1
1531218192425,1531218192419,1608369,0.00000538,8660.00000000,0
1531218195461,1531218195457,1608370,0.00000542,1.00000000,0
1531218234981,1531218234975,1608371,0.00000538,1801.00000000,1
1531218250400,1531218250396,1608372,0.00000538,431.00000000,1
1531218254940,1531218254935,1608373,0.00000538,376.00000000,1
1531218255855,1531218255850,1608374,0.00000538,188.00000000,1
1531218256663,1531218256658,1608375,0.00000538,564.00000000,1
1531218334600,1531218334596,1608376,0.00000541,5.00000000,0
1531218461326,1531218461322,1608377,0.00000541,1248.00000000,0
1531218672984,1531218672980,1608378,0.00000542,509.00000000,0
1531218673079,1531218673075,1608379,0.00000542,39.00000000,0
1531218673154,1531218673149,1608380,0.00000542,39.00000000,0
1531218673233,1531218673228,1608381,0.00000542,87.00000000,0
1531218673362,1531218673358,1608382,0.00000542,69.00000000,0
1531218673452,1531218673447,1608383,0.00000542,45.00000000,0
1531218673500,1531218673496,1608384,0.00000542,68.00000000,0
1531218673550,1531218673546,1608385,0.00000542,76.00000000,0
1531218673679,1531218673675,1608386,0.00000542,48.00000000,0
1531218673785,1531218673780,1608387,0.00000542,898.00000000,0
1531218673809,1531218673803,1608388,0.00000542,74.00000000,0
1531218674337,1531218674333,1608389,0.00000542,48.00000000,0
1531218674365,1531218674361,1608390,0.00000542,45.00000000,0
1531218674598,1531218674592,1608391,0.00000542,58.00000000,0
1531218674635,1531218674631,1608392,0.00000542,58.00000000,0
1531218674654,1531218674650,1608393,0.00000542,55.00000000,0
1531218674778,1531218674774,1608394,0.00000542,71.00000000,0
1531218674875,1531218674870,1608395,0.00000542,59.00000000,0
1531218674957,1531218674951,1608396,0.00000542,189.00000000,0
1531218674978,1531218674973,1608397,0.00000542,48.00000000,0
1531218675057,1531218675053,1608398,0.00000542,48.00000000,0
1531218675116,1531218675112,1608399,0.00000542,79.00000000,0
1531218675280,1531218675276,1608400,0.00000542,74.00000000,0
1531218675325,1531218675322,1608401,0.00000542,48.00000000,0
1531218675446,1531218675442,1608402,0.00000542,137.00000000,0
1531218675508,1531218675503,1608403,0.00000542,69.00000000,0
1531218675640,1531218675635,1608404,0.00000542,51.00000000,0
1531218675723,1531218675720,1608405,0.00000542,48.00000000,0
1531218675748,1531218675742,1608406,0.00000542,58.00000000,0
1531218675831,1531218675826,1608407,0.00000542,73.00000000,0
1531218675892,1531218675887,1608408,0.00000540,37.00000000,1
1531218675936,1531218675932,1608409,0.00000542,53.00000000,0
1531218675990,1531218675985,1608410,0.00000542,47.00000000,0
1531218676135,1531218676130,1608411,0.00000542,42.00000000,0
1531218701151,1531218701146,1608412,0.00000540,252.00000000,1
1531218719079,1531218719074,1608413,0.00000540,252.00000000,1
1531218764775,1531218764771,1608414,0.00000543,368.00000000,0
1531218936630,1531218936626,1608415,0.00000541,5.00000000,1
1531218970238,1531218970234,1608416,0.00000542,4600.00000000,0
1531218974487,1531218974482,1608417,0.00000542,7.00000000,0
1531219091561,1531219091556,1608418,0.00000542,7737.00000000,0
1531219219239,1531219219236,1608419,0.00000540,462.00000000,1
1531219284005,1531219284001,1608420,0.00000543,7.00000000,0
1531219384934,1531219384929,1608421,0.00000543,425.00000000,0
1531219457226,1531219457221,1608422,0.00000541,5559.00000000,1
1531219472113,1531219472108,1608423,0.00000541,1475.00000000,1
1531219483817,1531219483815,1608424,0.00000541,11550.00000000,1
1531219483888,1531219483883,1608425,0.00000541,969.00000000,1
1531219484205,1531219484200,1608426,0.00000541,3320.00000000,1
1531219484300,1531219484297,1608427,0.00000541,2645.00000000,1
1531219494779,1531219494775,1608428,0.00000540,455.00000000,1
1531219736028,1531219736025,1608429,0.00000541,1848.00000000,0
1531219752396,1531219752391,1608430,0.00000541,210.00000000,0
1531219812000,1531219811995,1608431,0.00000541,910.00000000,0
1531220010509,1531220010503,1608432,0.00000541,355.00000000,0
1531220010509,1531220010503,1608433,0.00000542,1472.00000000,0
1531220010509,1531220010503,1608434,0.00000543,21.00000000,0
1531220062077,1531220062070,1608435,0.00000543,1776.00000000,0
1531220184342,1531220184338,1608436,0.00000542,1000.00000000,1
1531220184373,1531220184369,1608437,0.00000541,1219.00000000,1
1531220184374,1531220184369,1608438,0.00000541,1000.00000000,1
1531220185369,1531220185364,1608439,0.00000541,1000.00000000,1
1531220384803,1531220384798,1608440,0.00000542,2398.00000000,1
1531220428452,1531220428441,1608441,0.00000541,2664.00000000,1
1531220428452,1531220428441,1608442,0.00000538,10005.00000000,1
1531220428452,1531220428441,1608443,0.00000537,706.00000000,1
1531220428452,1531220428441,1608444,0.00000536,18348.00000000,1
1531220428452,1531220428441,1608445,0.00000535,19984.00000000,1
1531220428452,1531220428441,1608446,0.00000534,729.00000000,1
1531220428452,1531220428441,1608447,0.00000532,21111.00000000,1
1531220428452,1531220428441,1608448,0.00000531,10349.00000000,1
1531220428452,1531220428441,1608449,0.00000530,529.00000000,1
1531220428452,1531220428441,1608450,0.00000528,30380.00000000,1
1531220428452,1531220428441,1608451,0.00000527,19543.00000000,1
1531220428452,1531220428441,1608452,0.00000526,53869.00000000,1
1531220428452,1531220428441,1608453,0.00000526,11681.00000000,1
1531220428468,1531220428464,1608454,0.00000525,13319.00000000,0
1531220428474,1531220428466,1608455,0.00000525,224.00000000,0
1531220428475,1531220428471,1608456,0.00000525,9776.00000000,0
1531220428488,1531220428482,1608457,0.00000524,229.00000000,1
1531220428488,1531220428482,1608458,0.00000523,192.00000000,1
1531220428488,1531220428482,1608459,0.00000522,271.00000000,1
1531220428488,1531220428482,1608460,0.00000520,3024.00000000,1
1531220428488,1531220428482,1608461,0.00000519,6060.00000000,1
1531220428492,1531220428486,1608462,0.00000529,3474.00000000,0
1531220428494,1531220428488,1608463,0.00000529,1127.00000000,0
1531220428494,1531220428488,1608464,0.00000531,92.00000000,0
1531220428518,1531220428513,1608465,0.00000531,2688.00000000,0
1531220428967,1531220428961,1608466,0.00000533,229.00000000,1
1531220431243,1531220431238,1608467,0.00000534,5.00000000,1
1531220431912,1531220431907,1608468,0.00000534,455.00000000,1
1531220433301,1531220433295,1608469,0.00000534,209.00000000,1
1531220437049,1531220437044,1608470,0.00000534,669.00000000,1
1531220438803,1531220438798,1608471,0.00000534,975.00000000,1
1531220439058,1531220439052,1608472,0.00000534,718.00000000,1
1531220439945,1531220439940,1608473,0.00000535,194.00000000,0
1531220442066,1531220442062,1608474,0.00000534,1774.00000000,1
1531220467832,1531220467827,1608475,0.00000534,1763.00000000,1
1531220469979,1531220469974,1608476,0.00000534,11533.00000000,1
1531220470450,1531220470444,1608477,0.00000534,1985.00000000,1
1531220477199,1531220477194,1608478,0.00000534,27.00000000,1
1531220481209,1531220481204,1608479,0.00000533,267.00000000,1
1531220481236,1531220481232,1608480,0.00000532,438.00000000,0
1531220485018,1531220485014,1608481,0.00000532,191.00000000,1
1531220485041,1531220485035,1608482,0.00000532,515.00000000,0
1531220492663,1531220492657,1608483,0.00000533,2504.00000000,0
1531220494902,1531220494896,1608484,0.00000533,29.00000000,0
1531220497069,1531220497063,1608485,0.00000533,380.00000000,1
1531220497933,1531220497928,1608486,0.00000533,190.00000000,1
1531220502348,1531220502342,1608487,0.00000534,66.00000000,0
1531220502422,1531220502418,1608488,0.00000534,48.00000000,0
1531220502485,1531220502481,1608489,0.00000534,49.00000000,0
1531220502485,1531220502481,1608490,0.00000535,19.00000000,0
1531220502528,1531220502522,1608491,0.00000535,130.00000000,0
1531220502653,1531220502648,1608492,0.00000535,81.00000000,0
1531220518240,1531220518236,1608493,0.00000533,378.00000000,1
1531220582420,1531220582416,1608494,0.00000534,936.00000000,1
1531220598979,1531220598972,1608495,0.00000533,3184.00000000,1
1531220613636,1531220613631,1608496,0.00000533,513.00000000,1
1531220656426,1531220656422,1608497,0.00000534,842.00000000,0
1531220692977,1531220692972,1608498,0.00000534,937.00000000,0
1531220715052,1531220715047,1608499,0.00000534,200.00000000,0
1531220738074,1531220738069,1608500,0.00000534,250.00000000,0
1531220842922,1531220842918,1608501,0.00000534,309.00000000,0
1531220848914,1531220848909,1608502,0.00000535,729.00000000,0
1531220910386,1531220910379,1608503,0.00000535,282.00000000,1
1531220910386,1531220910379,1608504,0.00000534,359.00000000,1
1531220964885,1531220964881,1608505,0.00000536,4820.00000000,0
1531220979169,1531220979164,1608506,0.00000535,894.00000000,1
1531221094204,1531221094198,1608507,0.00000536,434.00000000,0
1531221141320,1531221141315,1608508,0.00000536,3926.00000000,0
1531221159259,1531221159255,1608509,0.00000535,3920.00000000,0
1531221309824,1531221309818,1608510,0.00000535,2682.00000000,1
1531221451727,1531221451722,1608511,0.00000535,2824.00000000,0
1531221458273,1531221458268,1608512,0.00000535,2648.00000000,1
1531221611124,1531221611120,1608513,0.00000535,634.00000000,1
1531221647557,1531221647552,1608514,0.00000534,388.00000000,1
1531221647557,1531221647552,1608515,0.00000532,188.00000000,1
1531221647557,1531221647552,1608516,0.00000530,1294.00000000,1
1531221649055,1531221649050,1608517,0.00000534,1220.00000000,0
1531221653918,1531221653912,1608518,0.00000532,1082.00000000,1
1531221661640,1531221661634,1608519,0.00000532,340.00000000,1
1531221892557,1531221892552,1608520,0.00000535,6.00000000,0
1531222009839,1531222009834,1608521,0.00000534,10392.00000000,1
1531222113497,1531222113492,1608522,0.00000534,1357.00000000,0
1531222159938,1531222159934,1608523,0.00000534,271.00000000,1
1531222177451,1531222177447,1608524,0.00000534,195.00000000,1
1531222177451,1531222177447,1608525,0.00000533,17106.00000000,1
1531222214621,1531222214615,1608526,0.00000533,683.00000000,1
1531222440090,1531222440086,1608527,0.00000535,189.00000000,0
1531222489418,1531222489414,1608528,0.00000535,16891.00000000,0
1531222489435,1531222489432,1608529,0.00000535,2081.00000000,1
1531222489464,1531222489460,1608530,0.00000534,1191.00000000,1
1531222663401,1531222663398,1608531,0.00000534,50.00000000,1
1531222663401,1531222663398,1608532,0.00000533,17604.00000000,1
1531222679935,1531222679931,1608533,0.00000533,615.00000000,0
1531222727204,1531222727200,1608534,0.00000532,4055.00000000,1
1531222728194,1531222728191,1608535,0.00000532,3377.00000000,1
1531222729332,1531222729327,1608536,0.00000532,894.00000000,1
1531222729332,1531222729327,1608537,0.00000531,189.00000000,1
1531222735407,1531222735403,1608538,0.00000530,1117.00000000,0
1531222763758,1531222763754,1608539,0.00000529,894.00000000,1
1531222763759,1531222763754,1608540,0.00000529,3707.00000000,1
1531222763759,1531222763754,1608541,0.00000528,3506.00000000,1
1531222763775,1531222763774,1608542,0.00000528,1637.00000000,0
1531222763807,1531222763807,1608543,0.00000528,1639.00000000,0
1531222794833,1531222794828,1608544,0.00000527,609.00000000,1
1531222799940,1531222799936,1608545,0.00000527,8.00000000,0
1531222800523,1531222800520,1608546,0.00000526,8.00000000,1
1531222801070,1531222801066,1608547,0.00000527,8.00000000,0
1531222801661,1531222801658,1608548,0.00000526,9.00000000,1
1531222822349,1531222822345,1608549,0.00000526,922.00000000,1
1531222826644,1531222826642,1608550,0.00000526,10.00000000,1
1531222842277,1531222842272,1608551,0.00000525,193.00000000,1
1531222843889,1531222843885,1608552,0.00000526,951.00000000,0
1531222844142,1531222844138,1608553,0.00000525,193.00000000,1
1531222855986,1531222855982,1608554,0.00000525,6175.00000000,1
1531222857624,1531222857619,1608555,0.00000526,51.00000000,0
1531222857624,1531222857619,1608556,0.00000527,1388.00000000,0
1531222857624,1531222857619,1608557,0.00000528,462.00000000,0
1531222859464,1531222859460,1608558,0.00000525,11416.00000000,1
1531222862750,1531222862747,1608559,0.00000525,5186.00000000,1
1531222882644,1531222882640,1608560,0.00000523,387.00000000,1
1531222883939,1531222883936,1608561,0.00000523,580.00000000,1
1531222928850,1531222928845,1608562,0.00000523,3316.00000000,1
1531222981893,1531222981889,1608563,0.00000525,1083.00000000,0
1531223017340,1531223017335,1608564,0.00000523,1808.00000000,1
1531223017554,1531223017549,1608565,0.00000523,1636.00000000,1
1531223018634,1531223018631,1608566,0.00000523,1801.00000000,1
1531223019087,1531223019083,1608567,0.00000523,1801.00000000,1
1531223019285,1531223019280,1608568,0.00000525,584.00000000,0
1531223114986,1531223114981,1608569,0.00000525,927.00000000,0
1531223181758,1531223181753,1608570,0.00000525,16.00000000,0
1531223193417,1531223193412,1608571,0.00000525,929.00000000,0
1531223199251,1531223199247,1608572,0.00000523,6.00000000,1
1531223243179,1531223243175,1608573,0.00000523,380.00000000,1
1531223252241,1531223252238,1608574,0.00000523,7179.00000000,1
1531223308911,1531223308907,1608575,0.00000523,1786.00000000,1
1531223325245,1531223325241,1608576,0.00000525,344.00000000,0
1531223325269,1531223325267,1608577,0.00000525,678.00000000,0
1531223435882,1531223435878,1608578,0.00000525,5000.00000000,0
1531223440709,1531223440705,1608579,0.00000525,5028.00000000,0
1531223456275,1531223456271,1608580,0.00000526,277.00000000,0
1531223474464,1531223474459,1608581,0.00000528,1893.00000000,0
1531223565574,1531223565569,1608582,0.00000528,1511.00000000,0
1531223565574,1531223565569,1608583,0.00000530,160.00000000,0
1531223729320,1531223729317,1608584,0.00000528,2584.00000000,1
1531223851995,1531223851992,1608585,0.00000524,227.00000000,1
1531223970952,1531223970948,1608586,0.00000529,440.00000000,0
1531223970952,1531223970948,1608587,0.00000530,316.00000000,0
1531224178091,1531224178088,1608588,0.00000530,1886.00000000,0
1531224544133,1531224544129,1608589,0.00000530,5033.00000000,0
1531224694054,1531224694051,1608590,0.00000533,1876.00000000,0
1531224708744,1531224708741,1608591,0.00000530,84.00000000,1
1531224708960,1531224708956,1608592,0.00000530,162.00000000,1
1531224709334,1531224709329,1608593,0.00000530,107.00000000,1
1531224709963,1531224709959,1608594,0.00000530,93.00000000,1
1531224710200,1531224710197,1608595,0.00000530,116.00000000,1
1531224710705,1531224710701,1608596,0.00000530,146.00000000,1
1531224711056,1531224711059,1608597,0.00000530,91.00000000,1
1531224711590,1531224711588,1608598,0.00000530,102.00000000,1
1531224711793,1531224711792,1608599,0.00000530,96.00000000,1
1531224712292,1531224712292,1608600,0.00000530,1010.00000000,1
1531224712753,1531224712751,1608601,0.00000530,79.00000000,1
1531224713068,1531224713061,1608602,0.00000530,138.00000000,1
1531224713616,1531224713613,1608603,0.00000530,272.00000000,1
1531224713947,1531224713944,1608604,0.00000530,96.00000000,1
1531224714291,1531224714288,1608605,0.00000530,149.00000000,1
1531224714965,1531224714962,1608606,0.00000530,158.00000000,1
1531224715335,1531224715330,1608607,0.00000530,95.00000000,1
1531224716108,1531224716104,1608608,0.00000530,136.00000000,1
1531224716618,1531224716614,1608609,0.00000530,95.00000000,1
1531224716947,1531224716944,1608610,0.00000530,377.00000000,1
1531224717296,1531224717293,1608611,0.00000530,142.00000000,1
1531224717712,1531224717709,1608612,0.00000530,118.00000000,1
1531224718163,1531224718160,1608613,0.00000530,110.00000000,1
1531224718549,1531224718545,1608614,0.00000530,116.00000000,1
1531224719080,1531224719075,1608615,0.00000530,173.00000000,1
1531224719347,1531224719345,1608616,0.00000530,116.00000000,1
1531224719653,1531224719649,1608617,0.00000530,91.00000000,1
1531224720162,1531224720159,1608618,0.00000530,95.00000000,1
1531224720401,1531224720399,1608619,0.00000530,157.00000000,1
1531224720941,1531224720938,1608620,0.00000530,148.00000000,1
1531224721384,1531224721380,1608621,0.00000530,898.00000000,1
1531224721436,1531224721433,1608622,0.00000530,95.00000000,1
1531224721830,1531224721825,1608623,0.00000530,138.00000000,1
1531224722246,1531224722244,1608624,0.00000530,79.00000000,1
1531224722589,1531224722590,1608625,0.00000530,152.00000000,1
1531224722911,1531224722907,1608626,0.00000530,258.00000000,1
1531224723420,1531224723416,1608627,0.00000530,95.00000000,1
1531224723680,1531224723677,1608628,0.00000530,96.00000000,1
1531224724241,1531224724237,1608629,0.00000530,133.00000000,1
1531224821235,1531224821234,1608630,0.00000531,2233.00000000,1
1531224821299,1531224821296,1608631,0.00000530,2233.00000000,1
1531224910481,1531224910477,1608632,0.00000532,375.00000000,0
1531225559104,1531225559101,1608633,0.00000533,4549.00000000,0
1531225568071,1531225568068,1608634,0.00000533,1.00000000,0
1531225764614,1531225764610,1608635,0.00000533,26604.00000000,0
1531225778248,1531225778246,1608636,0.00000531,1220.00000000,1
1531225778281,1531225778276,1608637,0.00000531,2722.00000000,1
1531225779694,1531225779691,1608638,0.00000531,3383.00000000,1
1531225780713,1531225780709,1608639,0.00000531,3383.00000000,1
1531225781712,1531225781709,1608640,0.00000531,2068.00000000,1
1531225891846,1531225891842,1608641,0.00000531,584.00000000,0
1531225891876,1531225891872,1608642,0.00000531,15163.00000000,1
1531225892212,1531225892207,1608643,0.00000531,2535.00000000,1
1531225893077,1531225893074,1608644,0.00000531,4903.00000000,1
1531225918701,1531225918697,1608645,0.00000531,1927.00000000,1
1531225932704,1531225932701,1608646,0.00000532,29524.00000000,1
1531225971278,1531225971274,1608647,0.00000531,588.00000000,1
1531226011301,1531226011296,1608648,0.00000531,7759.00000000,1
1531226014201,1531226014198,1608649,0.00000531,2770.00000000,1
1531226027488,1531226027487,1608650,0.00000530,474.00000000,1
1531226107728,1531226107724,1608651,0.00000530,239.00000000,1
1531226172416,1531226172413,1608652,0.00000530,16474.00000000,1
1531226197963,1531226197960,1608653,0.00000527,168.00000000,1
1531226216566,1531226216563,1608654,0.00000527,279.00000000,1
1531226226815,1531226226811,1608655,0.00000527,281.00000000,1
1531226263832,1531226263828,1608656,0.00000527,100.00000000,1
1531226333873,1531226333869,1608657,0.00000527,343.00000000,1
1531226437674,1531226437670,1608658,0.00000530,579.00000000,0
1531226462137,1531226462134,1608659,0.00000530,2.00000000,0
1531226516653,1531226516651,1608660,0.00000530,396.00000000,0
1531226622651,1531226622653,1608661,0.00000529,191.00000000,0
1531226904190,1531226904186,1608662,0.00000527,1547.00000000,1
1531227014153,1531227014151,1608663,0.00000527,2372.00000000,1
1531227137804,1531227137801,1608664,0.00000526,280.00000000,1
1531227137804,1531227137801,1608665,0.00000526,433.00000000,1
1531227274039,1531227274035,1608666,0.00000527,5581.00000000,1
1531227488014,1531227488010,1608667,0.00000530,4054.00000000,0
1531227509555,1531227509550,1608668,0.00000531,2673.00000000,0
1531227509577,1531227509573,1608669,0.00000531,709.00000000,1
1531227628353,1531227628349,1608670,0.00000531,1702.00000000,1
1531227823196,1531227823192,1608671,0.00000533,1497.00000000,0
1531227823196,1531227823192,1608672,0.00000534,376.00000000,0
1531227823196,1531227823192,1608673,0.00000535,3.00000000,0
1531228404979,1531228404975,1608674,0.00000534,233.00000000,0
1531228410553,1531228410549,1608675,0.00000534,1261.00000000,0
1531228410553,1531228410549,1608676,0.00000535,739.00000000,0
1531228547801,1531228547794,1608677,0.00000532,2.00000000,1
1531228571373,1531228571369,1608678,0.00000535,1434.00000000,0
1531228582389,1531228582385,1608679,0.00000532,52.00000000,1
1531228583440,1531228583435,1608680,0.00000532,52.00000000,1
1531228584499,1531228584494,1608681,0.00000532,52.00000000,1
1531228585554,1531228585551,1608682,0.00000532,52.00000000,1
1531228587083,1531228587079,1608683,0.00000532,52.00000000,1
1531228588635,1531228588630,1608684,0.00000532,52.00000000,1
1531228589710,1531228589705,1608685,0.00000532,52.00000000,1
1531228591260,1531228591255,1608686,0.00000532,52.00000000,1
1531228592312,1531228592308,1608687,0.00000532,52.00000000,1
1531228593375,1531228593372,1608688,0.00000532,52.00000000,1
1531228622419,1531228622413,1608689,0.00000534,189.00000000,0
1531229189124,1531229189117,1608690,0.00000534,2.00000000,0
1531229219805,1531229219801,1608691,0.00000534,276.00000000,0
1531229283198,1531229283193,1608692,0.00000533,599.00000000,1
1531229299992,1531229299986,1608693,0.00000533,3084.00000000,1
1531229572485,1531229572481,1608694,0.00000533,1876.00000000,0
1531229632934,1531229632930,1608695,0.00000533,209.00000000,0
1531230026461,1531230026457,1608696,0.00000533,1.00000000,0
1531230181132,1531230181127,1608697,0.00000534,9735.00000000,0
1531230211418,1531230211414,1608698,0.00000534,3245.00000000,0
1531230252934,1531230252929,1608699,0.00000532,1027.00000000,1
1531230258401,1531230258396,1608700,0.00000534,6416.00000000,0
1531230283972,1531230283967,1608701,0.00000534,10222.00000000,1
1531230380789,1531230380785,1608702,0.00000534,1999.00000000,0
1531230404177,1531230404173,1608703,0.00000534,3853.00000000,0
1531230412565,1531230412560,1608704,0.00000534,7505.00000000,1
1531230460622,1531230460618,1608705,0.00000534,4289.00000000,0
1531230467770,1531230467766,1608706,0.00000534,8324.00000000,1
1531230482495,1531230482491,1608707,0.00000533,25605.00000000,1
1531230495191,1531230495186,1608708,0.00000533,70.00000000,0
1531230564942,1531230564937,1608709,0.00000533,1384.00000000,1
1531230640712,1531230640708,1608710,0.00000534,1706.00000000,1
1531230688429,1531230688424,1608711,0.00000534,329.00000000,1
1531230688454,1531230688448,1608712,0.00000534,4042.00000000,1
1531230692596,1531230692592,1608713,0.00000533,329.00000000,1
1531230746093,1531230746089,1608714,0.00000533,756.00000000,1
1531230790154,1531230790148,1608715,0.00000535,1033.00000000,0
1531230790154,1531230790148,1608716,0.00000536,836.00000000,0
1531230921623,1531230921619,1608717,0.00000535,1809.00000000,0
1531231219225,1531231219219,1608718,0.00000534,2186.00000000,1
1531231259750,1531231259746,1608719,0.00000534,7119.00000000,0
1531231455040,1531231455037,1608720,0.00000535,100.00000000,0
1531231468000,1531231467995,1608721,0.00000535,200.00000000,0
1531231572063,1531231572058,1608722,0.00000534,70.00000000,1
1531231696797,1531231696792,1608723,0.00000535,966.00000000,0
1531231696823,1531231696819,1608724,0.00000535,727.00000000,1
1531231697664,1531231697661,1608725,0.00000535,374.00000000,1
1531231823718,1531231823713,1608726,0.00000536,100.00000000,0
1531232231257,1531232231252,1608727,0.00000534,3418.00000000,1
1531232367698,1531232367693,1608728,0.00000534,399.00000000,1
1531232466551,1531232466546,1608729,0.00000532,898.00000000,1
1531232578998,1531232578994,1608730,0.00000532,628.00000000,1
1531232622462,1531232622460,1608731,0.00000534,703.00000000,0
1531232681495,1531232681491,1608732,0.00000534,3.00000000,0
1531233628717,1531233628714,1608733,0.00000533,6.00000000,1
1531233634489,1531233634486,1608734,0.00000533,1407.00000000,1
1531233634489,1531233634486,1608735,0.00000532,290.00000000,1
1531234113359,1531234113355,1608736,0.00000535,477.00000000,0
1531234273188,1531234273184,1608737,0.00000535,930.00000000,0
1531234535894,1531234535892,1608738,0.00000535,579.00000000,0
1531234566630,1531234566627,1608739,0.00000535,602.00000000,0
1531234870204,1531234870200,1608740,0.00000536,4061.00000000,0
1531234952335,1531234952337,1608741,0.00000534,1409.00000000,1
1531234981981,1531234981974,1608742,0.00000534,1.00000000,1
1531234981981,1531234981974,1608743,0.00000533,5628.00000000,1
1531234981981,1531234981974,1608744,0.00000532,2580.00000000,1
1531234981981,1531234981974,1608745,0.00000531,3897.00000000,1
1531234981981,1531234981974,1608746,0.00000530,3262.00000000,1
1531234981981,1531234981974,1608747,0.00000529,1587.00000000,1
1531234981981,1531234981974,1608748,0.00000528,10403.00000000,1
1531234981981,1531234981974,1608749,0.00000527,8962.00000000,1
1531234981981,1531234981974,1608750,0.00000524,570.00000000,1
1531234981981,1531234981974,1608751,0.00000523,3823.00000000,1
1531234981981,1531234981974,1608752,0.00000522,24885.00000000,1
1531234981981,1531234981974,1608753,0.00000518,195.00000000,1
1531234981981,1531234981974,1608754,0.00000517,38919.00000000,1
1531234982035,1531234982033,1608755,0.00000531,5633.00000000,1
1531234982040,1531234982038,1608756,0.00000525,5637.00000000,0
1531234982048,1531234982047,1608757,0.00000521,5633.00000000,1
1531234982052,1531234982051,1608758,0.00000525,25730.00000000,0
1531234982069,1531234982066,1608759,0.00000525,1685.00000000,0
1531234982569,1531234982566,1608760,0.00000534,243.00000000,1
1531234982671,1531234982669,1608761,0.00000530,1087.00000000,0
1531234983010,1531234983010,1608762,0.00000530,7432.00000000,0
1531234991841,1531234991838,1608763,0.00000527,713.00000000,1
1531235004393,1531235004383,1608764,0.00000527,1079.00000000,1
1531235004393,1531235004383,1608765,0.00000526,1191.00000000,1
1531235004393,1531235004383,1608766,0.00000523,19003.00000000,1
1531235004393,1531235004383,1608767,0.00000522,134129.00000000,1
1531235004393,1531235004383,1608768,0.00000521,2403.00000000,1
1531235004393,1531235004383,1608769,0.00000519,39763.00000000,1
1531235004393,1531235004383,1608770,0.00000518,168426.00000000,1
1531235004393,1531235004383,1608771,0.00000517,6893.00000000,1
1531235004393,1531235004383,1608772,0.00000516,376339.00000000,1
1531235004393,1531235004383,1608773,0.00000515,13064.00000000,1
1531235004393,1531235004383,1608774,0.00000514,255221.00000000,1
1531235004393,1531235004383,1608775,0.00000513,35676.00000000,1
1531235004529,1531235004528,1608776,0.00000515,675.00000000,1
1531235004532,1531235004532,1608777,0.00000515,1990.00000000,1
1531235004532,1531235004532,1608778,0.00000514,972.00000000,1
1531235004532,1531235004532,1608779,0.00000513,697.00000000,1
1531235004680,1531235004681,1608780,0.00000515,970.00000000,1
1531235004680,1531235004681,1608781,0.00000513,161.00000000,1
1531235004680,1531235004681,1608782,0.00000512,1600.00000000,1
1531235004763,1531235004761,1608783,0.00000513,456.00000000,1
1531235004785,1531235004784,1608784,0.00000512,170.00000000,1
1531235004808,1531235004807,1608785,0.00000512,60.00000000,1
1531235004836,1531235004835,1608786,0.00000514,336.00000000,1
1531235004836,1531235004835,1608787,0.00000512,120.00000000,1
1531235005494,1531235005493,1608788,0.00000517,232.00000000,0
1531235005503,1531235005502,1608789,0.00000519,889.00000000,1
1531235006757,1531235006755,1608790,0.00000516,249.00000000,0
1531235007052,1531235007048,1608791,0.00000516,1527.00000000,0
1531235007052,1531235007048,1608792,0.00000517,1132.00000000,0
1531235007052,1531235007048,1608793,0.00000521,4206.00000000,0
1531235007052,1531235007048,1608794,0.00000522,1195.00000000,0
1531235007624,1531235007621,1608795,0.00000519,715.00000000,0
1531235007799,1531235007797,1608796,0.00000519,456.00000000,1
1531235008569,1531235008568,1608797,0.00000515,1087.00000000,1
1531235010039,1531235010034,1608798,0.00000518,888.00000000,0
1531235011813,1531235011808,1608799,0.00000518,199.00000000,0
1531235011813,1531235011808,1608800,0.00000519,715.00000000,0
1531235011813,1531235011808,1608801,0.00000520,60669.00000000,0
1531235011813,1531235011808,1608802,0.00000521,778.00000000,0
1531235011813,1531235011808,1608803,0.00000522,18887.00000000,0
1531235014334,1531235014332,1608804,0.00000517,894.00000000,1
1531235014973,1531235014970,1608805,0.00000522,1416.00000000,0
1531235015789,1531235015787,1608806,0.00000523,133.00000000,0
1531235015860,1531235015856,1608807,0.00000523,96.00000000,0
1531235015939,1531235015938,1608808,0.00000523,95.00000000,0
1531235016037,1531235016035,1608809,0.00000523,258.00000000,0
1531235017093,1531235017090,1608810,0.00000522,9043.00000000,1
1531235018369,1531235018366,1608811,0.00000522,374.00000000,1
1531235020715,1531235020713,1608812,0.00000522,888.00000000,1
1531235020942,1531235020940,1608813,0.00000523,152.00000000,0
1531235021033,1531235021031,1608814,0.00000523,79.00000000,0
1531235021109,1531235021111,1608815,0.00000523,138.00000000,0
1531235021347,1531235021345,1608816,0.00000523,898.00000000,0
1531235021382,1531235021378,1608817,0.00000523,95.00000000,0
1531235021424,1531235021420,1608818,0.00000523,148.00000000,0
1531235021506,1531235021504,1608819,0.00000523,157.00000000,0
1531235021587,1531235021585,1608820,0.00000523,95.00000000,0
1531235021686,1531235021683,1608821,0.00000523,116.00000000,0
1531235021779,1531235021779,1608822,0.00000523,173.00000000,0
1531235021787,1531235021784,1608823,0.00000523,91.00000000,0
1531235021832,1531235021831,1608824,0.00000523,116.00000000,0
1531235021893,1531235021889,1608825,0.00000523,110.00000000,0
1531235022047,1531235022045,1608826,0.00000523,118.00000000,0
1531235022111,1531235022109,1608827,0.00000523,142.00000000,0
1531235022175,1531235022174,1608828,0.00000523,377.00000000,0
1531235022249,1531235022248,1608829,0.00000523,95.00000000,0
1531235022291,1531235022294,1608830,0.00000523,136.00000000,0
1531235022417,1531235022416,1608831,0.00000523,95.00000000,0
1531235022475,1531235022473,1608832,0.00000523,158.00000000,0
1531235022562,1531235022561,1608833,0.00000523,149.00000000,0
1531235022760,1531235022761,1608834,0.00000523,272.00000000,0
1531235022796,1531235022796,1608835,0.00000523,138.00000000,0
1531235022854,1531235022852,1608836,0.00000523,96.00000000,0
1531235022889,1531235022888,1608837,0.00000523,79.00000000,0
1531235022991,1531235022988,1608838,0.00000523,1010.00000000,0
1531235023021,1531235023019,1608839,0.00000523,96.00000000,0
1531235023070,1531235023069,1608840,0.00000523,102.00000000,0
1531235023118,1531235023115,1608841,0.00000523,91.00000000,0
1531235023269,1531235023268,1608842,0.00000523,146.00000000,0
1531235023422,1531235023420,1608843,0.00000523,116.00000000,0
1531235023643,1531235023641,1608844,0.00000523,107.00000000,0
1531235023653,1531235023651,1608845,0.00000523,93.00000000,0
1531235023685,1531235023684,1608846,0.00000523,162.00000000,0
1531235023744,1531235023743,1608847,0.00000523,84.00000000,0
1531235028951,1531235028950,1608848,0.00000522,427.00000000,1
1531235030222,1531235030220,1608849,0.00000522,1848.00000000,1
1531235039295,1531235039293,1608850,0.00000522,222.00000000,1
1531235040311,1531235040310,1608851,0.00000522,894.00000000,1
1531235041607,1531235041606,1608852,0.00000522,425.00000000,1
1531235042817,1531235042814,1608853,0.00000522,387.00000000,1
1531235042865,1531235042863,1608854,0.00000523,3265.00000000,0
1531235043003,1531235043001,1608855,0.00000522,1641.00000000,1
1531235043447,1531235043444,1608856,0.00000522,194.00000000,1
1531235047332,1531235047330,1608857,0.00000523,2048.00000000,0
1531235047332,1531235047330,1608858,0.00000524,8750.00000000,0
1531235055259,1531235055255,1608859,0.00000524,11579.00000000,0
1531235055259,1531235055255,1608860,0.00000525,4405.00000000,0
1531235055259,1531235055255,1608861,0.00000526,39958.00000000,0
1531235063456,1531235063456,1608862,0.00000523,581.00000000,1
1531235063739,1531235063737,1608863,0.00000523,194.00000000,1
1531235071420,1531235071417,1608864,0.00000525,775.00000000,0
1531235088503,1531235088502,1608865,0.00000526,228.00000000,0
1531235088504,1531235088502,1608866,0.00000527,532.00000000,0
1531235097852,1531235097850,1608867,0.00000527,647.00000000,0
1531235107639,1531235107636,1608868,0.00000527,2601.00000000,0
1531235110975,1531235110972,1608869,0.00000527,218.00000000,1
1531235110975,1531235110972,1608870,0.00000526,773.00000000,1
1531235133128,1531235133126,1608871,0.00000526,1202.00000000,0
1531235152768,1531235152766,1608872,0.00000528,2053.00000000,0
1531235164891,1531235164893,1608873,0.00000528,1985.00000000,0
1531235188683,1531235188684,1608874,0.00000528,855.00000000,1
1531235189090,1531235189089,1608875,0.00000528,5713.00000000,0
1531235189227,1531235189225,1608876,0.00000529,2077.00000000,0
1531235189665,1531235189662,1608877,0.00000529,1313.00000000,1
1531235202588,1531235202584,1608878,0.00000530,1079.00000000,0
1531235202588,1531235202584,1608879,0.00000531,1589.00000000,0
1531235202588,1531235202584,1608880,0.00000532,836.00000000,0
1531235202589,1531235202584,1608881,0.00000533,188.00000000,0
1531235202589,1531235202584,1608882,0.00000534,3263.00000000,0
1531235202589,1531235202584,1608883,0.00000535,1033.00000000,0
1531235202589,1531235202584,1608884,0.00000537,2922.00000000,0
1531235202589,1531235202584,1608885,0.00000540,28276.00000000,0
1531235202589,1531235202584,1608886,0.00000541,213177.00000000,0
1531235202881,1531235202880,1608887,0.00000533,937.00000000,1
1531235202882,1531235202881,1608888,0.00000531,6122.00000000,1
1531235203001,1531235203000,1608889,0.00000531,1180.00000000,0
1531235203159,1531235203158,1608890,0.00000531,9390.00000000,0
1531235203802,1531235203800,1608891,0.00000531,664.00000000,0
1531235217238,1531235217235,1608892,0.00000530,5628.00000000,1
1531235218825,1531235218819,1608893,0.00000531,17644.00000000,0
1531235218825,1531235218819,1608894,0.00000533,67421.00000000,0
1531235218825,1531235218819,1608895,0.00000534,664.00000000,0
1531235218825,1531235218819,1608896,0.00000536,2360.00000000,0
1531235218825,1531235218819,1608897,0.00000538,14090.00000000,0
1531235218825,1531235218819,1608898,0.00000539,1197.00000000,0
1531235218825,1531235218819,1608899,0.00000540,1179.00000000,0
1531235218838,1531235218837,1608900,0.00000540,24415.00000000,1
1531235218849,1531235218848,1608901,0.00000540,1227.00000000,1
1531235219760,1531235219756,1608902,0.00000540,1000.00000000,0
1531235225148,1531235225146,1608903,0.00000540,187.00000000,0
1531235225157,1531235225156,1608904,0.00000535,2053.00000000,1
1531235226825,1531235226822,1608905,0.00000535,2720.00000000,1
1531235227007,1531235227005,1608906,0.00000535,120.00000000,0
1531235245273,1531235245273,1608907,0.00000536,647.00000000,1
1531235254117,1531235254117,1608908,0.00000536,17759.00000000,1
1531235296458,1531235296458,1608909,0.00000538,1866.00000000,0
1531235328066,1531235328065,1608910,0.00000538,902.00000000,0
1531235342099,1531235342099,1608911,0.00000538,1598.00000000,1
1531235366108,1531235366104,1608912,0.00000539,3482.00000000,0
1531235366108,1531235366104,1608913,0.00000540,40.00000000,0
1531235366108,1531235366104,1608914,0.00000543,2582.00000000,0
1531235366108,1531235366104,1608915,0.00000544,22643.00000000,0
1531235368850,1531235368846,1608916,0.00000538,46.00000000,1
1531235433106,1531235433105,1608917,0.00000539,1202.00000000,1
1531235478623,1531235478621,1608918,0.00000538,760.00000000,1
1531235551129,1531235551128,1608919,0.00000538,47.00000000,1
1531235551500,1531235551500,1608920,0.00000538,3343.00000000,0
1531235553759,1531235553759,1608921,0.00000539,821.00000000,0
1531235569215,1531235569215,1608922,0.00000538,3912.00000000,1
1531235571451,1531235571451,1608923,0.00000538,991.00000000,0
1531235578221,1531235578220,1608924,0.00000538,11807.00000000,0
1531235614236,1531235614237,1608925,0.00000538,232.00000000,1
1531235690337,1531235690336,1608926,0.00000539,1820.00000000,1
1531235693657,1531235693656,1608927,0.00000538,12374.00000000,1
1531235693890,1531235693889,1608928,0.00000538,926.00000000,1
1531235717321,1531235717320,1608929,0.00000535,200.00000000,1
1531235814448,1531235814446,1608930,0.00000534,1307.00000000,1
1531235814448,1531235814446,1608931,0.00000533,371.00000000,1
1531235814448,1531235814446,1608932,0.00000532,8322.00000000,1
1531235816554,1531235816554,1608933,0.00000536,7.00000000,0
1531235859367,1531235859365,1608934,0.00000535,569.00000000,0
1531235882195,1531235882196,1608935,0.00000532,2278.00000000,0
1531235907977,1531235907979,1608936,0.00000532,577.00000000,0
1531235956066,1531235956065,1608937,0.00000531,2324.00000000,1
1531235993595,1531235993595,1608938,0.00000531,1960.00000000,1
1531235995597,1531235995596,1608939,0.00000531,373.00000000,1
1531236084977,1531236084978,1608940,0.00000532,2552.00000000,0
1531236104817,1531236104814,1608941,0.00000532,6912.00000000,1
1531236107233,1531236107231,1608942,0.00000531,1369.00000000,1
1531236137638,1531236137639,1608943,0.00000532,1275.00000000,0
1531236236092,1531236236093,1608944,0.00000533,582.00000000,0
1531236240354,1531236240352,1608945,0.00000533,1449.00000000,0
1531236240354,1531236240352,1608946,0.00000534,364.00000000,0
1531236240354,1531236240352,1608947,0.00000535,63.00000000,0
1531236310017,1531236310020,1608948,0.00000531,569.00000000,1
1531236312521,1531236312520,1608949,0.00000532,3.00000000,0
1531236313023,1531236313022,1608950,0.00000532,1220.00000000,0
1531236333579,1531236333580,1608951,0.00000532,1596.00000000,0
1531236378295,1531236378295,1608952,0.00000532,1503.00000000,0
1531236381186,1531236381185,1608953,0.00000532,440.00000000,0
1531236430186,1531236430186,1608954,0.00000532,437.00000000,0
1531236464802,1531236464801,1608955,0.00000533,431.00000000,1
1531236495933,1531236495934,1608956,0.00000532,11690.00000000,0
1531236554913,1531236554915,1608957,0.00000532,259.00000000,0
1531236555229,1531236555230,1608958,0.00000532,382.00000000,0
1531236555358,1531236555358,1608959,0.00000532,484.00000000,0
1531236596738,1531236596737,1608960,0.00000532,203.00000000,1
1531236664527,1531236664526,1608961,0.00000533,1413.00000000,0
1531236665944,1531236665944,1608962,0.00000535,1341.00000000,0
1531236665959,1531236665958,1608963,0.00000535,1462.00000000,1
1531236665974,1531236665975,1608964,0.00000533,1462.00000000,1
1531236666691,1531236666691,1608965,0.00000534,1410.00000000,1
1531236670395,1531236670396,1608966,0.00000535,774.00000000,0
1531236670408,1531236670407,1608967,0.00000535,1282.00000000,1
1531236670426,1531236670426,1608968,0.00000533,1282.00000000,1
1531236671874,1531236671874,1608969,0.00000534,1410.00000000,1
1531236680993,1531236680995,1608970,0.00000533,132.00000000,1
1531236798175,1531236798174,1608971,0.00000533,336.00000000,0
1531236798203,1531236798204,1608972,0.00000533,336.00000000,0
1531236800518,1531236800518,1608973,0.00000532,707.00000000,1
1531236842991,1531236842991,1608974,0.00000531,939.00000000,1
1531236842991,1531236842991,1608975,0.00000530,1168.00000000,1
1531236845418,1531236845420,1608976,0.00000530,6.00000000,1
1531236851704,1531236851705,1608977,0.00000530,1747.00000000,1
1531236860241,1531236860241,1608978,0.00000530,3083.00000000,0
1531236878198,1531236878199,1608979,0.00000534,2021.00000000,1
1531236878243,1531236878243,1608980,0.00000533,1413.00000000,1
1531236904979,1531236904979,1608981,0.00000531,5428.00000000,1
1531236904979,1531236904979,1608982,0.00000530,205.00000000,1
1531236971034,1531236971035,1608983,0.00000531,608.00000000,0
1531236976299,1531236976299,1608984,0.00000531,1111.00000000,1
1531236980879,1531236980878,1608985,0.00000531,540.00000000,1
1531236980879,1531236980878,1608986,0.00000530,680.00000000,1
1531237009261,1531237009261,1608987,0.00000530,336.00000000,1
1531237044034,1531237044035,1608988,0.00000531,2056.00000000,1
1531237183979,1531237183978,1608989,0.00000530,20298.00000000,1
1531237188074,1531237188072,1608990,0.00000528,204.00000000,1
1531237188074,1531237188072,1608991,0.00000527,730.00000000,1
1531237193997,1531237193998,1608992,0.00000529,1.00000000,0
1531237255949,1531237255948,1608993,0.00000529,5.00000000,0
1531237291276,1531237291276,1608994,0.00000528,772.00000000,1
1531237291305,1531237291304,1608995,0.00000528,35.00000000,0
1531237381717,1531237381715,1608996,0.00000528,19891.00000000,0
1531237421012,1531237421013,1608997,0.00000528,67011.00000000,0
1531237434998,1531237434998,1608998,0.00000528,12018.00000000,0
1531237436061,1531237436060,1608999,0.00000528,63412.00000000,1
1531237487972,1531237487972,1609000,0.00000529,1425.00000000,0
1531237492182,1531237492178,1609001,0.00000530,1422.00000000,0
1531237684148,1531237684148,1609002,0.00000532,772.00000000,0
1531237684148,1531237684148,1609003,0.00000533,1107.00000000,0
1531237847970,1531237847969,1609004,0.00000529,1425.00000000,1
1531237949291,1531237949290,1609005,0.00000529,1422.00000000,1
1531238702813,1531238702812,1609006,0.00000531,279.00000000,0
1531238703792,1531238703792,1609007,0.00000531,1224.00000000,0
1531238704837,1531238704835,1609008,0.00000531,766.00000000,1
1531238764818,1531238764813,1609009,0.00000530,1903.00000000,1
1531238881514,1531238881513,1609010,0.00000530,1886.00000000,0
1531239053394,1531239053393,1609011,0.00000532,579.00000000,1
1531239053451,1531239053447,1609012,0.00000532,1297.00000000,1
1531239053458,1531239053456,1609013,0.00000531,1420.00000000,1
1531239060787,1531239060786,1609014,0.00000530,456.00000000,1
1531239064816,1531239064812,1609015,0.00000530,1053.00000000,1
1531239371105,1531239371096,1609016,0.00000531,1506.00000000,0
1531239404817,1531239404814,1609017,0.00000530,7689.00000000,1
1531239434222,1531239434218,1609018,0.00000529,6594.00000000,1
1531239496812,1531239496808,1609019,0.00000530,366.00000000,1
1531239506855,1531239506850,1609020,0.00000530,1617.00000000,0
1531239540435,1531239540432,1609021,0.00000531,6848.00000000,0
1531239584813,1531239584810,1609022,0.00000531,4102.00000000,1
1531239833294,1531239833291,1609023,0.00000530,106.00000000,1
1531239922935,1531239922930,1609024,0.00000533,2920.00000000,0
1531239922935,1531239922930,1609025,0.00000534,1500.00000000,0
1531239922935,1531239922930,1609026,0.00000536,1499.00000000,0
1531239924822,1531239924819,1609027,0.00000532,1417.00000000,1
1531239931977,1531239931973,1609028,0.00000535,2.00000000,0
1531239933362,1531239933357,1609029,0.00000531,84.00000000,1
1531239933957,1531239933953,1609030,0.00000531,162.00000000,1
1531239934476,1531239934470,1609031,0.00000531,107.00000000,1
1531239935869,1531239935865,1609032,0.00000531,93.00000000,1
1531239935985,1531239935979,1609033,0.00000531,146.00000000,1
1531239936841,1531239936837,1609034,0.00000531,91.00000000,1
1531239937287,1531239937280,1609035,0.00000531,102.00000000,1
1531239937966,1531239937962,1609036,0.00000531,116.00000000,1
1531239938627,1531239938621,1609037,0.00000531,96.00000000,1
1531239938998,1531239938995,1609038,0.00000531,1010.00000000,1
1531239939592,1531239939588,1609039,0.00000531,79.00000000,1
1531239940223,1531239940219,1609040,0.00000531,138.00000000,1
1531239940716,1531239940711,1609041,0.00000531,129.00000000,1
1531239940716,1531239940711,1609042,0.00000530,143.00000000,1
1531239941281,1531239941278,1609043,0.00000530,96.00000000,1
1531239941672,1531239941669,1609044,0.00000530,149.00000000,1
1531239942164,1531239942159,1609045,0.00000530,158.00000000,1
1531239942813,1531239942803,1609046,0.00000530,95.00000000,1
1531239943344,1531239943338,1609047,0.00000530,136.00000000,1
1531239943916,1531239943913,1609048,0.00000530,95.00000000,1
1531239944469,1531239944464,1609049,0.00000530,377.00000000,1
1531239945046,1531239945041,1609050,0.00000530,142.00000000,1
1531239945611,1531239945606,1609051,0.00000530,118.00000000,1
1531239946099,1531239946094,1609052,0.00000530,110.00000000,1
1531239946705,1531239946700,1609053,0.00000530,116.00000000,1
1531239947291,1531239947286,1609054,0.00000530,173.00000000,1
1531239947836,1531239947831,1609055,0.00000530,116.00000000,1
1531239948169,1531239948165,1609056,0.00000530,91.00000000,1
1531239948739,1531239948734,1609057,0.00000530,95.00000000,1
1531239949096,1531239949092,1609058,0.00000530,157.00000000,1
1531239949755,1531239949751,1609059,0.00000530,148.00000000,1
1531239950512,1531239950507,1609060,0.00000530,95.00000000,1
1531239950718,1531239950713,1609061,0.00000530,898.00000000,1
1531239951117,1531239951110,1609062,0.00000530,138.00000000,1
1531239951683,1531239951678,1609063,0.00000530,79.00000000,1
1531239952174,1531239952169,1609064,0.00000530,152.00000000,1
1531239953335,1531239953329,1609065,0.00000530,258.00000000,1
1531239953785,1531239953779,1609066,0.00000530,95.00000000,1
1531239954406,1531239954402,1609067,0.00000530,96.00000000,1
1531239954812,1531239954807,1609068,0.00000530,133.00000000,1
1531240023466,1531240023461,1609069,0.00000530,1224.00000000,1
1531241348294,1531241348286,1609070,0.00000533,1872.00000000,0
1531241450625,1531241450620,1609071,0.00000533,552.00000000,1
1531241540574,1531241540567,1609072,0.00000531,29415.00000000,0
1531241540574,1531241540567,1609073,0.00000532,32801.00000000,0
1531241604040,1531241604034,1609074,0.00000530,1509.00000000,1
1531241617897,1531241617892,1609075,0.00000530,1509.00000000,0
1531241623918,1531241623913,1609076,0.00000530,1509.00000000,0
1531241633404,1531241633398,1609077,0.00000529,10161.00000000,1
1531241652719,1531241652715,1609078,0.00000529,1509.00000000,1
1531241769648,1531241769644,1609079,0.00000530,2976.00000000,0
1531241874956,1531241874951,1609080,0.00000530,3018.00000000,1
1531241880853,1531241880848,1609081,0.00000530,1509.00000000,1
1531242085202,1531242085198,1609082,0.00000530,933.00000000,1
1531242197028,1531242197023,1609083,0.00000530,48.00000000,1
1531242294932,1531242294923,1609084,0.00000530,300.00000000,1
1531242823125,1531242823119,1609085,0.00000531,5000.00000000,0
1531242830946,1531242830941,1609086,0.00000531,18406.00000000,0
1531242927087,1531242927082,1609087,0.00000530,4549.00000000,1
1531243025058,1531243025057,1609088,0.00000530,1776.00000000,1
1531243083043,1531243083036,1609089,0.00000530,376.00000000,0
1531243337487,1531243337480,1609090,0.00000530,376.00000000,0
1531243543123,1531243543115,1609091,0.00000530,816.00000000,1
1531243989185,1531243989179,1609092,0.00000528,306.00000000,1
1531244029205,1531244029196,1609093,0.00000528,1122.00000000,1
1531244110831,1531244110830,1609094,0.00000527,1168.00000000,1
1531244251516,1531244251507,1609095,0.00000530,225.00000000,0
1531244537618,1531244537609,1609096,0.00000528,1.00000000,1
1531244636287,1531244636280,1609097,0.00000529,7266.00000000,0
1531244636982,1531244636978,1609098,0.00000529,1314.00000000,0
1531245222475,1531245222467,1609099,0.00000528,1314.00000000,0
1531245632245,1531245632245,1609100,0.00000528,1428.00000000,1
1531245632245,1531245632245,1609101,0.00000527,88.00000000,1
1531245710155,1531245710148,1609102,0.00000531,196.00000000,0
1531245798069,1531245798065,1609103,0.00000529,6.00000000,0
1531245963015,1531245963011,1609104,0.00000527,817.00000000,1
1531245996934,1531245996931,1609105,0.00000527,961.00000000,1
1531246002236,1531246002231,1609106,0.00000530,98.00000000,0
1531246150654,1531246150652,1609107,0.00000526,200.00000000,1
1531246245602,1531246245595,1609108,0.00000526,6.00000000,1
1531246405474,1531246405467,1609109,0.00000526,955.00000000,1
1531246405474,1531246405467,1609110,0.00000524,20.00000000,1
1531246407807,1531246407800,1609111,0.00000527,24.00000000,0
1531246412241,1531246412233,1609112,0.00000524,200.00000000,1
1531246467503,1531246467497,1609113,0.00000524,193.00000000,1
1531246467571,1531246467564,1609114,0.00000524,386.00000000,1
1531246579621,1531246579615,1609115,0.00000527,614.00000000,0
1531246978481,1531246978474,1609116,0.00000526,1341.00000000,0
1531247057377,1531247057371,1609117,0.00000526,4.00000000,0
1531247654501,1531247654494,1609118,0.00000526,1243.00000000,1
1531247881545,1531247881539,1609119,0.00000525,5714.00000000,0
1531247889752,1531247889746,1609120,0.00000526,138.00000000,0
1531247890023,1531247890017,1609121,0.00000526,129.00000000,0
1531247890023,1531247890017,1609122,0.00000527,881.00000000,0
1531247890138,1531247890132,1609123,0.00000527,96.00000000,0
1531247890180,1531247890174,1609124,0.00000527,116.00000000,0
1531247890238,1531247890232,1609125,0.00000527,102.00000000,0
1531247890293,1531247890299,1609126,0.00000527,91.00000000,0
1531247890367,1531247890361,1609127,0.00000527,146.00000000,0
1531247890810,1531247890805,1609128,0.00000527,79.00000000,0
1531248061166,1531248061161,1609129,0.00000529,5.00000000,0
1531248377817,1531248377809,1609130,0.00000529,151.00000000,0
1531248848807,1531248848804,1609131,0.00000529,220.00000000,0
1531249100377,1531249100376,1609132,0.00000526,2039.00000000,1
1531249103146,1531249103135,1609133,0.00000525,18.00000000,1
1531249112009,1531249111998,1609134,0.00000527,93.00000000,0
1531249112068,1531249112060,1609135,0.00000527,107.00000000,0
1531249112135,1531249112125,1609136,0.00000527,162.00000000,0
1531249112213,1531249112205,1609137,0.00000527,84.00000000,0
1531249349244,1531249349235,1609138,0.00000528,1713.00000000,0
1531249353301,1531249353293,1609139,0.00000529,2549.00000000,0
1531249355304,1531249355305,1609140,0.00000526,1980.00000000,1
1531249355304,1531249355305,1609141,0.00000525,1722.00000000,1
1531249355304,1531249355305,1609142,0.00000524,364.00000000,1
1531249356464,1531249356467,1609143,0.00000529,1980.00000000,0
1531249356464,1531249356467,1609144,0.00000530,8979.00000000,0
1531249356464,1531249356467,1609145,0.00000531,10168.00000000,0
1531249358994,1531249358984,1609146,0.00000528,1792.00000000,0
1531249358994,1531249358984,1609147,0.00000531,188.00000000,0
1531249361299,1531249361290,1609148,0.00000526,110.00000000,1
1531249361505,1531249361495,1609149,0.00000527,286.00000000,0
1531249361505,1531249361495,1609150,0.00000531,1792.00000000,0
1531249361735,1531249361732,1609151,0.00000526,212.00000000,1
1531249362305,1531249362298,1609152,0.00000526,139.00000000,1
1531249362855,1531249362846,1609153,0.00000526,122.00000000,1
1531249363158,1531249363153,1609154,0.00000526,190.00000000,1
1531249363618,1531249363609,1609155,0.00000526,119.00000000,1
1531249364160,1531249364151,1609156,0.00000526,151.00000000,1
1531249364530,1531249364520,1609157,0.00000526,133.00000000,1
1531249364777,1531249364768,1609158,0.00000526,126.00000000,1
1531249365203,1531249365197,1609159,0.00000525,1316.00000000,1
1531249365470,1531249365469,1609160,0.00000525,180.00000000,1
1531249368384,1531249368375,1609161,0.00000527,1302.00000000,0
1531249368384,1531249368375,1609162,0.00000528,68285.00000000,0
1531249372021,1531249372014,1609163,0.00000526,1980.00000000,1
1531249372021,1531249372014,1609164,0.00000525,1848.00000000,1
1531249378910,1531249378906,1609165,0.00000528,1831.00000000,0
1531249381795,1531249381786,1609166,0.00000530,1422.00000000,0
1531249381879,1531249381869,1609167,0.00000531,558.00000000,1
1531249381879,1531249381869,1609168,0.00000527,2.00000000,1
1531249384367,1531249384357,1609169,0.00000530,1980.00000000,0
1531249384367,1531249384357,1609170,0.00000531,252.00000000,0
1531249391605,1531249391604,1609171,0.00000531,3038.00000000,0
1531249392725,1531249392714,1609172,0.00000528,1640.00000000,1
1531249392725,1531249392714,1609173,0.00000527,55.00000000,1
1531249399625,1531249399616,1609174,0.00000531,1640.00000000,0
1531249432553,1531249432543,1609175,0.00000530,104.00000000,1
1531249456743,1531249456734,1609176,0.00000531,1243.00000000,0
1531249516203,1531249516204,1609177,0.00000532,6.00000000,0
1531249621768,1531249621765,1609178,0.00000532,5639.00000000,0
1531249744597,1531249744590,1609179,0.00000532,1503.00000000,0
1531249770905,1531249770893,1609180,0.00000532,32.00000000,0
1531249770905,1531249770893,1609181,0.00000533,1166.00000000,0
1531249770905,1531249770893,1609182,0.00000535,5818.00000000,0
1531249770905,1531249770893,1609183,0.00000536,9781.00000000,0
1531249770905,1531249770893,1609184,0.00000537,467.00000000,0
1531249770905,1531249770893,1609185,0.00000538,19236.00000000,0
1531249772686,1531249772677,1609186,0.00000534,500.00000000,0
1531249772686,1531249772677,1609187,0.00000536,500.00000000,0
1531249925946,1531249925938,1609188,0.00000536,252.00000000,0
1531249925946,1531249925938,1609189,0.00000538,3.00000000,0
1531250089272,1531250089263,1609190,0.00000535,258.00000000,1
1531250146783,1531250146773,1609191,0.00000535,5333.00000000,1
1531250146783,1531250146773,1609192,0.00000534,5465.00000000,1
1531250147429,1531250147434,1609193,0.00000534,195.00000000,1
1531250147429,1531250147434,1609194,0.00000534,1220.00000000,1
1531250606979,1531250606969,1609195,0.00000535,9.00000000,1
1531250737356,1531250737347,1609196,0.00000535,9966.00000000,1
1531250768181,1531250768171,1609197,0.00000535,267.00000000,1
1531250991049,1531250991038,1609198,0.00000535,3938.00000000,0
1531250991049,1531250991038,1609199,0.00000536,5606.00000000,0
1531250991049,1531250991038,1609200,0.00000537,12956.00000000,0
1531250991068,1531250991057,1609201,0.00000537,110.00000000,0
1531250991068,1531250991057,1609202,0.00000538,22572.00000000,0
1531250991068,1531250991057,1609203,0.00000544,552.00000000,0
1531250991068,1531250991057,1609204,0.00000545,894.00000000,0
1531250993403,1531250993395,1609205,0.00000539,16.00000000,1
1531250998894,1531250998882,1609206,0.00000544,1498.00000000,0
1531250998894,1531250998882,1609207,0.00000545,19492.00000000,0
1531250998894,1531250998882,1609208,0.00000549,1000.00000000,0
1531250998894,1531250998882,1609209,0.00000550,510.00000000,0
1531250998923,1531250998913,1609210,0.00000550,2914.00000000,0
1531250998923,1531250998913,1609211,0.00000551,12368.00000000,0
1531250998923,1531250998913,1609212,0.00000555,9056.00000000,0
1531250998923,1531250998913,1609213,0.00000556,1163.00000000,0
1531250999297,1531250999287,1609214,0.00000556,215.00000000,0
1531250999791,1531250999782,1609215,0.00000556,1000.00000000,0
1531251000175,1531251000165,1609216,0.00000550,6.00000000,1
1531251008524,1531251008523,1609217,0.00000553,361.00000000,1
1531251008524,1531251008523,1609218,0.00000550,11.00000000,1
1531251008622,1531251008613,1609219,0.00000550,360.00000000,1
1531251012854,1531251012846,1609220,0.00000553,425.00000000,0
1531251012867,1531251012869,1609221,0.00000554,377.00000000,0
1531251012867,1531251012869,1609222,0.00000556,2317.00000000,0
1531251012869,1531251012869,1609223,0.00000556,1220.00000000,0
1531251012876,1531251012869,1609224,0.00000556,2696.00000000,0
1531251012878,1531251012870,1609225,0.00000556,2694.00000000,0
1531251012912,1531251012908,1609226,0.00000556,2271.00000000,0
1531251013211,1531251013200,1609227,0.00000552,905.00000000,1
1531251013211,1531251013200,1609228,0.00000551,25.00000000,1
1531251017840,1531251017845,1609229,0.00000550,682.00000000,1
1531251019252,1531251019242,1609230,0.00000548,142.00000000,1
1531251019868,1531251019861,1609231,0.00000552,2694.00000000,0
1531251019868,1531251019861,1609232,0.00000553,11242.00000000,0
1531251019868,1531251019861,1609233,0.00000554,682.00000000,0
1531251019868,1531251019861,1609234,0.00000555,905.00000000,0
1531251019868,1531251019861,1609235,0.00000556,685.00000000,0
1531251019868,1531251019861,1609236,0.00000557,6292.00000000,0
1531251019888,1531251019878,1609237,0.00000557,27557.00000000,0
1531251021434,1531251021428,1609238,0.00000551,683.00000000,1
1531251023293,1531251023286,1609239,0.00000548,368.00000000,1
1531251026531,1531251026525,1609240,0.00000548,382.00000000,1
1531251027537,1531251027533,1609241,0.00000548,775.00000000,1
1531251028004,1531251027999,1609242,0.00000554,510.00000000,0
1531251028004,1531251027999,1609243,0.00000555,1314.00000000,0
1531251029056,1531251029047,1609244,0.00000553,633.00000000,0
1531251029056,1531251029047,1609245,0.00000555,369.00000000,0
1531251029056,1531251029047,1609246,0.00000557,1700.00000000,0
1531251030511,1531251030502,1609247,0.00000557,2692.00000000,0
1531251036094,1531251036097,1609248,0.00000552,6863.00000000,1
1531251037983,1531251037975,1609249,0.00000552,383.00000000,1
1531251039358,1531251039359,1609250,0.00000552,2769.00000000,1
1531251039636,1531251039640,1609251,0.00000551,774.00000000,1
1531251040264,1531251040259,1609252,0.00000551,60576.00000000,1
1531251040736,1531251040727,1609253,0.00000549,258.00000000,0
1531251042228,1531251042219,1609254,0.00000550,1154.00000000,0
1531251042931,1531251042922,1609255,0.00000548,225.00000000,1
1531251046988,1531251046979,1609256,0.00000549,178.00000000,1
1531251047055,1531251047046,1609257,0.00000549,1302.00000000,1
1531251048513,1531251048502,1609258,0.00000550,3.00000000,0
1531251048513,1531251048502,1609259,0.00000551,5196.00000000,0
1531251048513,1531251048502,1609260,0.00000555,688.00000000,0
1531251048513,1531251048502,1609261,0.00000556,225.00000000,0
1531251048513,1531251048502,1609262,0.00000557,11709.00000000,0
1531251048513,1531251048502,1609263,0.00000558,370.00000000,0
1531251048513,1531251048502,1609264,0.00000560,19347.00000000,0
1531251048513,1531251048502,1609265,0.00000561,13780.00000000,0
1531251048522,1531251048506,1609266,0.00000561,13365.00000000,0
1531251048522,1531251048506,1609267,0.00000564,1824.00000000,0
1531251048522,1531251048506,1609268,0.00000565,41027.00000000,0
1531251048522,1531251048506,1609269,0.00000566,46566.00000000,0
1531251048522,1531251048506,1609270,0.00000567,7121.00000000,0
1531251048522,1531251048506,1609271,0.00000568,22343.00000000,0
1531251048522,1531251048506,1609272,0.00000569,61772.00000000,0
1531251048553,1531251048542,1609273,0.00000569,35294.00000000,0
1531251048565,1531251048560,1609274,0.00000568,11923.00000000,0
1531251048565,1531251048560,1609275,0.00000569,23371.00000000,0
1531251048570,1531251048573,1609276,0.00000569,197.00000000,0
1531251048584,1531251048575,1609277,0.00000569,2136.00000000,0
1531251050107,1531251050096,1609278,0.00000571,15.00000000,1
1531251051361,1531251051351,1609279,0.00000571,264.00000000,1
1531251051361,1531251051351,1609280,0.00000570,170.00000000,1
1531251057814,1531251057803,1609281,0.00000570,356.00000000,1
1531251058492,1531251058481,1609282,0.00000570,236.00000000,1
1531251059562,1531251059558,1609283,0.00000572,33056.00000000,0
1531251059575,1531251059579,1609284,0.00000572,33062.00000000,0
1531251059578,1531251059579,1609285,0.00000572,20291.00000000,0
1531251059578,1531251059579,1609286,0.00000573,381.00000000,0
1531251059578,1531251059579,1609287,0.00000574,9025.00000000,0
1531251059578,1531251059579,1609288,0.00000575,3359.00000000,0
1531251059584,1531251059579,1609289,0.00000575,1220.00000000,0
1531251059594,1531251059590,1609290,0.00000575,5570.00000000,0
1531251059639,1531251059628,1609291,0.00000571,875.00000000,1
1531251059639,1531251059628,1609292,0.00000570,5287.00000000,1
1531251059649,1531251059639,1609293,0.00000570,257.00000000,1
1531251059649,1531251059639,1609294,0.00000569,3860.00000000,1
1531251059658,1531251059648,1609295,0.00000569,4548.00000000,1
1531251059658,1531251059648,1609296,0.00000567,990.00000000,1
1531251059826,1531251059814,1609297,0.00000567,342.00000000,1
1531251059826,1531251059814,1609298,0.00000563,2284.00000000,1
1531251059826,1531251059814,1609299,0.00000562,757.00000000,1
1531251059826,1531251059814,1609300,0.00000561,2155.00000000,1
1531251059872,1531251059863,1609301,0.00000561,5538.00000000,1
1531251059888,1531251059880,1609302,0.00000561,5544.00000000,1
1531251060301,1531251060294,1609303,0.00000567,264.00000000,0
1531251060316,1531251060309,1609304,0.00000567,845.00000000,0
1531251060316,1531251060309,1609305,0.00000570,264.00000000,0
1531251060316,1531251060309,1609306,0.00000571,99.00000000,0
1531251060365,1531251060362,1609307,0.00000567,875.00000000,1
1531251060653,1531251060652,1609308,0.00000564,875.00000000,1
1531251061048,1531251061038,1609309,0.00000564,8642.00000000,1
1531251061048,1531251061038,1609310,0.00000563,1633.00000000,1
1531251061129,1531251061121,1609311,0.00000565,1000.00000000,0
1531251062192,1531251062184,1609312,0.00000564,279.00000000,0
1531251062192,1531251062184,1609313,0.00000565,68.00000000,0
1531251063186,1531251063179,1609314,0.00000562,3378.00000000,1
1531251065239,1531251065231,1609315,0.00000564,215.00000000,0
1531251065239,1531251065231,1609316,0.00000565,40.00000000,0
1531251067227,1531251067217,1609317,0.00000565,158.00000000,1
1531251068246,1531251068236,1609318,0.00000564,9517.00000000,0
1531251068246,1531251068236,1609319,0.00000565,3220.00000000,0
1531251068332,1531251068326,1609320,0.00000565,2128.00000000,1
1531251071963,1531251071953,1609321,0.00000565,73874.00000000,1
1531251072417,1531251072408,1609322,0.00000566,828.00000000,0
1531251078131,1531251078129,1609323,0.00000560,669.00000000,0
1531251078840,1531251078834,1609324,0.00000560,564.00000000,0
1531251089303,1531251089294,1609325,0.00000561,12615.00000000,1
1531251095184,1531251095175,1609326,0.00000561,347.00000000,0
1531251095294,1531251095283,1609327,0.00000562,8454.00000000,1
1531251097394,1531251097384,1609328,0.00000562,303.00000000,1
1531251103041,1531251103032,1609329,0.00000562,647.00000000,1
1531251105032,1531251105027,1609330,0.00000561,1222.00000000,0
1531251109205,1531251109195,1609331,0.00000561,2939.00000000,0
1531251109205,1531251109195,1609332,0.00000562,1601.00000000,0
1531251109205,1531251109195,1609333,0.00000564,1503.00000000,0
1531251109470,1531251109462,1609334,0.00000566,27360.00000000,0
1531251109489,1531251109480,1609335,0.00000566,41003.00000000,0
1531251109508,1531251109498,1609336,0.00000566,37.00000000,0
1531251111139,1531251111129,1609337,0.00000565,102.00000000,1
1531251111182,1531251111179,1609338,0.00000565,124.00000000,1
1531251111228,1531251111219,1609339,0.00000565,131.00000000,1
1531251111278,1531251111272,1609340,0.00000565,149.00000000,1
1531251111505,1531251111497,1609341,0.00000565,117.00000000,1
1531251111581,1531251111572,1609342,0.00000565,188.00000000,1
1531251111639,1531251111630,1609343,0.00000565,120.00000000,1
1531251111685,1531251111674,1609344,0.00000565,137.00000000,1
1531251111711,1531251111702,1609345,0.00000565,209.00000000,1
1531251111731,1531251111721,1609346,0.00000565,108.00000000,1
1531251111786,1531251111779,1609347,0.00000565,131.00000000,1
1531251111814,1531251111805,1609348,0.00000565,95.00000000,1
1531251111880,1531251111870,1609349,0.00000565,94.00000000,1
1531251111905,1531251111897,1609350,0.00000565,255.00000000,1
1531251112098,1531251112095,1609351,0.00000565,150.00000000,1
1531251112578,1531251112569,1609352,0.00000565,78.00000000,1
1531251112625,1531251112616,1609353,0.00000565,41003.00000000,1
1531251112641,1531251112631,1609354,0.00000565,136.00000000,1
1531251112797,1531251112787,1609355,0.00000565,146.00000000,1
1531251112827,1531251112817,1609356,0.00000565,155.00000000,1
1531251112886,1531251112881,1609357,0.00000565,94.00000000,1
1531251112887,1531251112881,1609358,0.00000565,94.00000000,1
1531251112924,1531251112919,1609359,0.00000565,90.00000000,1
1531251113280,1531251113274,1609360,0.00000565,114.00000000,1
1531251113369,1531251113362,1609361,0.00000565,171.00000000,1
1531251113414,1531251113404,1609362,0.00000565,114.00000000,1
1531251113461,1531251113453,1609363,0.00000565,108.00000000,1
1531251113491,1531251113490,1609364,0.00000565,116.00000000,1
1531251113564,1531251113557,1609365,0.00000565,140.00000000,1
1531251113634,1531251113637,1609366,0.00000565,373.00000000,1
1531251113669,1531251113671,1609367,0.00000565,94.00000000,1
1531251113690,1531251113681,1609368,0.00000565,134.00000000,1
1531251114231,1531251114221,1609369,0.00000565,94.00000000,1
1531251114314,1531251114305,1609370,0.00000565,156.00000000,1
1531251114371,1531251114361,1609371,0.00000565,147.00000000,1
1531251114418,1531251114409,1609372,0.00000565,95.00000000,1
1531251114469,1531251114461,1609373,0.00000565,269.00000000,1
1531251115856,1531251115847,1609374,0.00000565,47926.00000000,1
1531251127663,1531251127652,1609375,0.00000565,2125.00000000,0
1531251127663,1531251127652,1609376,0.00000568,44783.00000000,0
1531251127663,1531251127652,1609377,0.00000569,39315.00000000,0
1531251127663,1531251127652,1609378,0.00000570,13777.00000000,0
1531251129018,1531251129012,1609379,0.00000570,238.00000000,0
1531251137796,1531251137786,1609380,0.00000566,933.00000000,1
1531251162823,1531251162813,1609381,0.00000567,10756.00000000,1
1531251163095,1531251163086,1609382,0.00000567,157698.00000000,1
1531251184736,1531251184726,1609383,0.00000566,933.00000000,0
1531251184736,1531251184726,1609384,0.00000567,10756.00000000,0
1531251184736,1531251184726,1609385,0.00000568,828.00000000,0
1531251184736,1531251184726,1609386,0.00000570,9983.00000000,0
1531251186870,1531251186865,1609387,0.00000570,1000.00000000,0
1531251192161,1531251192151,1609388,0.00000570,504.00000000,0
1531251211848,1531251211838,1609389,0.00000570,82285.00000000,0
1531251211862,1531251211851,1609390,0.00000572,263.00000000,0
1531251211862,1531251211851,1609391,0.00000575,138530.00000000,0
1531251211862,1531251211851,1609392,0.00000576,5030.00000000,0
1531251211862,1531251211851,1609393,0.00000577,254.00000000,0
1531251211862,1531251211851,1609394,0.00000578,110154.00000000,0
1531251211916,1531251211907,1609395,0.00000579,232472.00000000,0
1531251211939,1531251211929,1609396,0.00000579,64433.00000000,0
1531251211974,1531251211965,1609397,0.00000579,5181.00000000,0
1531251220655,1531251220644,1609398,0.00000576,5386.00000000,1
1531251221174,1531251221164,1609399,0.00000576,32754.00000000,0
1531251221187,1531251221177,1609400,0.00000576,3026.00000000,0
1531251221193,1531251221187,1609401,0.00000576,23267.00000000,0
1531251221200,1531251221191,1609402,0.00000579,32754.00000000,0
1531251221207,1531251221198,1609403,0.00000579,1220.00000000,0
1531251221209,1531251221199,1609404,0.00000579,5576.00000000,0
1531251221211,1531251221207,1609405,0.00000576,1597.00000000,1
1531251221211,1531251221207,1609406,0.00000575,3973.00000000,1
1531251222260,1531251222250,1609407,0.00000575,32754.00000000,1
1531251224307,1531251224297,1609408,0.00000575,22267.00000000,1
1531251224526,1531251224516,1609409,0.00000575,1597.00000000,1
1531251226368,1531251226358,1609410,0.00000578,3026.00000000,0
1531251226368,1531251226358,1609411,0.00000579,2372.00000000,0
1531251228478,1531251228469,1609412,0.00000579,1755.00000000,0
1531251244823,1531251244814,1609413,0.00000578,117.00000000,0
1531251246761,1531251246752,1609414,0.00000578,206.00000000,0
1531251247407,1531251247398,1609415,0.00000576,676.00000000,1
1531251247407,1531251247398,1609416,0.00000572,1824.00000000,1
1531251247456,1531251247448,1609417,0.00000573,238.00000000,0
1531251254966,1531251254957,1609418,0.00000576,1849.00000000,0
1531251256004,1531251255995,1609419,0.00000572,5000.00000000,1
1531251259369,1531251259360,1609420,0.00000577,4706.00000000,0
1531251277261,1531251277252,1609421,0.00000573,294.00000000,0
1531251281696,1531251281686,1609422,0.00000572,6153.00000000,1
1531251281696,1531251281686,1609423,0.00000571,176.00000000,1
1531251281696,1531251281686,1609424,0.00000570,665.00000000,1
1531251281696,1531251281686,1609425,0.00000569,20739.00000000,1
1531251282150,1531251282147,1609426,0.00000573,666.00000000,0
1531251287139,1531251287130,1609427,0.00000573,7028.00000000,0
1531251287155,1531251287145,1609428,0.00000573,4215.00000000,0
1531251294403,1531251294395,1609429,0.00000570,244.00000000,1
1531251296651,1531251296640,1609430,0.00000570,732.00000000,1
1531251296934,1531251296926,1609431,0.00000570,205.00000000,1
1531251301506,1531251301500,1609432,0.00000570,396.00000000,0
1531251301859,1531251301851,1609433,0.00000569,476.00000000,1
1531251301859,1531251301851,1609434,0.00000569,476.00000000,1
1531251303152,1531251303147,1609435,0.00000569,1093.00000000,1
1531251303152,1531251303147,1609436,0.00000568,708.00000000,1
1531251303599,1531251303598,1609437,0.00000567,669.00000000,1
1531251303599,1531251303598,1609438,0.00000564,1179.00000000,1
1531251303631,1531251303622,1609439,0.00000570,1.00000000,0
1531251303978,1531251303970,1609440,0.00000569,120.00000000,0
1531251304618,1531251304616,1609441,0.00000566,1397.00000000,1
1531251304618,1531251304616,1609442,0.00000565,408.00000000,1
1531251307802,1531251307792,1609443,0.00000568,206.00000000,0
1531251307803,1531251307792,1609444,0.00000569,1612.00000000,0
1531251309537,1531251309527,1609445,0.00000565,549.00000000,1
1531251309537,1531251309527,1609446,0.00000563,1249.00000000,1
1531251309870,1531251309867,1609447,0.00000563,1212.00000000,1
1531251309870,1531251309867,1609448,0.00000562,264.00000000,1
1531251309870,1531251309867,1609449,0.00000561,425.00000000,1
1531251309972,1531251309977,1609450,0.00000561,1876.00000000,1
1531251310371,1531251310361,1609451,0.00000563,1834.00000000,1
1531251310599,1531251310589,1609452,0.00000563,1876.00000000,1
1531251310643,1531251310635,1609453,0.00000563,1278.00000000,1
1531251310643,1531251310635,1609454,0.00000561,546.00000000,1
1531251310691,1531251310680,1609455,0.00000563,1869.00000000,1
1531251310740,1531251310732,1609456,0.00000567,974.00000000,0
1531251310740,1531251310732,1609457,0.00000568,641.00000000,0
1531251310769,1531251310760,1609458,0.00000568,182.00000000,0
1531251310863,1531251310854,1609459,0.00000561,1290.00000000,1
1531251311090,1531251311080,1609460,0.00000561,1811.00000000,1
1531251313541,1531251313536,1609461,0.00000564,676.00000000,0
1531251313541,1531251313536,1609462,0.00000565,1142.00000000,0
1531251313652,1531251313642,1609463,0.00000565,974.00000000,0
1531251314343,1531251314333,1609464,0.00000563,1116.00000000,1
1531251314343,1531251314333,1609465,0.00000561,4757.00000000,1
1531251314389,1531251314385,1609466,0.00000561,208.00000000,0
1531251314846,1531251314836,1609467,0.00000561,209.00000000,0
1531251314998,1531251314994,1609468,0.00000561,562.00000000,0
1531251315524,1531251315515,1609469,0.00000560,669.00000000,1
1531251315708,1531251315698,1609470,0.00000560,800.00000000,1
1531251316127,1531251316116,1609471,0.00000561,1467.00000000,0
1531251316127,1531251316116,1609472,0.00000563,351.00000000,0
1531251316332,1531251316322,1609473,0.00000560,1205.00000000,1
1531251316332,1531251316322,1609474,0.00000558,681.00000000,1
1531251317521,1531251317512,1609475,0.00000558,1872.00000000,1
1531251318172,1531251318162,1609476,0.00000558,112.00000000,1
1531251318172,1531251318162,1609477,0.00000557,1764.00000000,1
1531251318313,1531251318317,1609478,0.00000557,1528.00000000,1
1531251318313,1531251318317,1609479,0.00000556,348.00000000,1
1531251318729,1531251318720,1609480,0.00000556,1879.00000000,1
1531251319317,1531251319307,1609481,0.00000556,2966.00000000,1
1531251319317,1531251319307,1609482,0.00000555,37545.00000000,1
1531251319332,1531251319325,1609483,0.00000555,14587.00000000,0
1531251320153,1531251320146,1609484,0.00000554,192.00000000,1
1531251320707,1531251320698,1609485,0.00000557,232.00000000,0
1531251322247,1531251322236,1609486,0.00000556,1113.00000000,0
1531251322933,1531251322924,1609487,0.00000555,992.00000000,0
1531251323562,1531251323554,1609488,0.00000556,3.00000000,0
1531251323562,1531251323554,1609489,0.00000558,762.00000000,0
1531251323640,1531251323633,1609490,0.00000555,900.00000000,1
1531251323640,1531251323633,1609491,0.00000554,8259.00000000,1
1531251323640,1531251323633,1609492,0.00000553,1127.00000000,1
1531251324531,1531251324521,1609493,0.00000557,992.00000000,0
1531251324531,1531251324521,1609494,0.00000558,8.00000000,0
1531251327835,1531251327825,1609495,0.00000556,4123.00000000,1
1531251327850,1531251327844,1609496,0.00000555,7420.00000000,0
1531251328420,1531251328412,1609497,0.00000557,1446.00000000,0
1531251337840,1531251337829,1609498,0.00000552,2350.00000000,1
1531251337840,1531251337829,1609499,0.00000550,3811.00000000,1
1531251337840,1531251337829,1609500,0.00000549,984.00000000,1
1531251340115,1531251340112,1609501,0.00000553,1446.00000000,1
1531251340115,1531251340112,1609502,0.00000550,7132.00000000,1
1531251340162,1531251340156,1609503,0.00000550,79.00000000,0
1531251341121,1531251341110,1609504,0.00000549,356.00000000,1
1531251343101,1531251343091,1609505,0.00000552,684.00000000,0
1531251343101,1531251343091,1609506,0.00000554,216.00000000,0
1531251345131,1531251345135,1609507,0.00000554,1134.00000000,0
1531251346916,1531251346905,1609508,0.00000550,1126.00000000,1
1531251346919,1531251346907,1609509,0.00000553,708.00000000,0
1531251346919,1531251346907,1609510,0.00000555,361.00000000,0
1531251346919,1531251346907,1609511,0.00000556,3169.00000000,0
1531251346919,1531251346907,1609512,0.00000557,769.00000000,0
1531251346919,1531251346907,1609513,0.00000558,1794.00000000,0
1531251346919,1531251346907,1609514,0.00000560,2982.00000000,0
1531251346951,1531251346943,1609515,0.00000560,1316.00000000,0
1531251350389,1531251350390,1609516,0.00000557,1117.00000000,1
1531251350723,1531251350713,1609517,0.00000553,2063.00000000,1
1531251350971,1531251350961,1609518,0.00000552,1757.00000000,1
1531251355996,1531251355985,1609519,0.00000552,3328.00000000,0
1531251356407,1531251356399,1609520,0.00000551,688.00000000,1
1531251356433,1531251356422,1609521,0.00000551,585.00000000,0
1531251356444,1531251356437,1609522,0.00000551,3596.00000000,0
1531251367086,1531251367077,1609523,0.00000553,1791.00000000,0
1531251383530,1531251383521,1609524,0.00000553,2348.00000000,0
1531251384277,1531251384263,1609525,0.00000553,1367.00000000,0
1531251384277,1531251384263,1609526,0.00000555,688.00000000,0
1531251384277,1531251384263,1609527,0.00000556,1041.00000000,0
1531251384277,1531251384263,1609528,0.00000559,2928.00000000,0
1531251384277,1531251384263,1609529,0.00000560,5194.00000000,0
1531251384277,1531251384263,1609530,0.00000561,17603.00000000,0
1531251384277,1531251384263,1609531,0.00000562,2472.00000000,0
1531251384277,1531251384263,1609532,0.00000563,36878.00000000,0
1531251384277,1531251384263,1609533,0.00000566,7575.00000000,0
1531251384277,1531251384263,1609534,0.00000567,264.00000000,0
1531251384277,1531251384263,1609535,0.00000568,2461.00000000,0
1531251384277,1531251384263,1609536,0.00000570,18116.00000000,0
1531251384405,1531251384400,1609537,0.00000570,484.00000000,1
1531251384507,1531251384497,1609538,0.00000570,900.00000000,1
1531251384873,1531251384865,1609539,0.00000570,381.00000000,1
1531251386001,1531251385991,1609540,0.00000570,795.00000000,1
1531251386639,1531251386633,1609541,0.00000570,5000.00000000,1
1531251386667,1531251386665,1609542,0.00000570,182.00000000,1
1531251387277,1531251387275,1609543,0.00000570,1117.00000000,1
1531251395565,1531251395558,1609544,0.00000570,9041.00000000,1
1531251398805,1531251398799,1609545,0.00000570,229.00000000,1
1531251400782,1531251400772,1609546,0.00000572,1955.00000000,1
1531251400782,1531251400772,1609547,0.00000571,346.00000000,1
1531251400782,1531251400772,1609548,0.00000570,1351.00000000,1
1531251403791,1531251403782,1609549,0.00000571,1695.00000000,1
1531251403791,1531251403782,1609550,0.00000570,32599.00000000,1
1531251407838,1531251407829,1609551,0.00000573,1955.00000000,0
1531251408992,1531251408983,1609552,0.00000573,2739.00000000,1
1531251409412,1531251409404,1609553,0.00000574,216.00000000,0
1531251411611,1531251411601,1609554,0.00000573,350.00000000,1
1531251411611,1531251411601,1609555,0.00000570,998.00000000,1
1531251420501,1531251420494,1609556,0.00000573,2000.00000000,0
1531251441830,1531251441821,1609557,0.00000570,336.00000000,1
1531251442027,1531251442020,1609558,0.00000570,1875.00000000,0
1531251444269,1531251444268,1609559,0.00000570,1671.00000000,0
1531251456101,1531251456093,1609560,0.00000571,300.00000000,0
1531251456101,1531251456093,1609561,0.00000574,2578.00000000,0
1531251456101,1531251456093,1609562,0.00000575,2122.00000000,0
1531251485661,1531251485652,1609563,0.00000574,1005.00000000,0
1531251533327,1531251533318,1609564,0.00000574,1380.00000000,0
1531251533327,1531251533318,1609565,0.00000575,1462.00000000,0
1531251533327,1531251533318,1609566,0.00000576,50878.00000000,0
1531251533327,1531251533318,1609567,0.00000577,23329.00000000,0
1531251533340,1531251533330,1609568,0.00000577,3206.00000000,1
1531251533381,1531251533371,1609569,0.00000577,1220.00000000,1
1531251540049,1531251540039,1609570,0.00000577,712.00000000,1
1531251540638,1531251540630,1609571,0.00000577,1534.00000000,1
1531251543444,1531251543435,1609572,0.00000577,397.00000000,1
1531251551781,1531251551771,1609573,0.00000577,767.00000000,1
1531251562328,1531251562319,1609574,0.00000577,767.00000000,1
1531251568420,1531251568423,1609575,0.00000577,13498.00000000,1
1531251570919,1531251570909,1609576,0.00000577,1446.00000000,1
1531251576517,1531251576508,1609577,0.00000577,1051.00000000,1
1531251587739,1531251587729,1609578,0.00000577,5039.00000000,1
1531251598614,1531251598604,1609579,0.00000577,1207.00000000,1
1531251600353,1531251600343,1609580,0.00000577,60.00000000,1
1531251600954,1531251600945,1609581,0.00000577,827.00000000,1
1531251603630,1531251603621,1609582,0.00000578,16.00000000,0
1531251606707,1531251606710,1609583,0.00000577,30000.00000000,1
1531251610015,1531251610004,1609584,0.00000577,3069.00000000,1
1531251649526,1531251649516,1609585,0.00000577,334.00000000,1
1531251676930,1531251676923,1609586,0.00000578,2160.00000000,0
1531251678022,1531251678016,1609587,0.00000578,715.00000000,0
1531251698211,1531251698202,1609588,0.00000578,1727.00000000,0
1531251706422,1531251706413,1609589,0.00000577,4262.00000000,1
1531251711772,1531251711763,1609590,0.00000577,180.00000000,0
1531251715314,1531251715317,1609591,0.00000573,348.00000000,1
1531251715314,1531251715317,1609592,0.00000572,1440.00000000,1
1531251715709,1531251715700,1609593,0.00000572,1788.00000000,1
1531251716079,1531251716077,1609594,0.00000572,1795.00000000,1
1531251724546,1531251724536,1609595,0.00000572,1825.00000000,1
1531251724546,1531251724536,1609596,0.00000571,175.00000000,1
1531251737197,1531251737187,1609597,0.00000571,1048.00000000,1
1531251737197,1531251737187,1609598,0.00000570,3947.00000000,1
1531251745019,1531251745012,1609599,0.00000570,1788.00000000,1
1531251751407,1531251751398,1609600,0.00000570,2256.00000000,1
1531251761687,1531251761678,1609601,0.00000570,232.00000000,1
1531251767142,1531251767133,1609602,0.00000572,346.00000000,0
1531251815737,1531251815727,1609603,0.00000570,1381.00000000,1
1531251884777,1531251884776,1609604,0.00000572,1223.00000000,0
1531251884777,1531251884776,1609605,0.00000573,525.00000000,0
1531252084990,1531252084987,1609606,0.00000571,1423.00000000,0
1531252084991,1531252084988,1609607,0.00000571,1423.00000000,0
1531252084994,1531252084988,1609608,0.00000571,1423.00000000,0
1531252084997,1531252084993,1609609,0.00000571,1423.00000000,0
1531252084998,1531252084993,1609610,0.00000571,1423.00000000,0
1531252085011,1531252085007,1609611,0.00000571,557.00000000,0
1531252085011,1531252085007,1609612,0.00000572,31919.00000000,0
1531252085013,1531252085007,1609613,0.00000572,32482.00000000,0
1531252085014,1531252085007,1609614,0.00000572,1220.00000000,0
1531252085889,1531252085881,1609615,0.00000572,1000.00000000,0
1531252162349,1531252162343,1609616,0.00000571,179.00000000,1
1531252204645,1531252204636,1609617,0.00000572,51.00000000,0
1531252311878,1531252311868,1609618,0.00000571,1007.00000000,1
1531252348162,1531252348153,1609619,0.00000571,4068.00000000,1
1531252348162,1531252348153,1609620,0.00000570,16181.00000000,1
1531252380791,1531252380781,1609621,0.00000570,2692.00000000,1
1531252380813,1531252380803,1609622,0.00000568,51318.00000000,0
1531252380822,1531252380812,1609623,0.00000568,47603.00000000,0
1531252380876,1531252380865,1609624,0.00000573,448.00000000,0
1531252380876,1531252380865,1609625,0.00000575,1396.00000000,0
1531252380876,1531252380865,1609626,0.00000576,1791.00000000,0
1531252380876,1531252380865,1609627,0.00000577,1943.00000000,0
1531252415737,1531252415727,1609628,0.00000573,1316.00000000,1
1531252491593,1531252491589,1609629,0.00000572,283.00000000,1
1531252568726,1531252568716,1609630,0.00000572,1035.00000000,1
1531252635147,1531252635137,1609631,0.00000572,1011.00000000,1
1531252635392,1531252635383,1609632,0.00000572,387.00000000,1
1531252654862,1531252654851,1609633,0.00000572,345.00000000,1
1531252655013,1531252655006,1609634,0.00000572,872.00000000,1
1531252685987,1531252685983,1609635,0.00000571,1496.00000000,1
1531252717780,1531252717771,1609636,0.00000570,1803.00000000,1
1531252833967,1531252833959,1609637,0.00000569,2875.00000000,1
1531252839619,1531252839610,1609638,0.00000570,1801.00000000,0
1531252840979,1531252840970,1609639,0.00000570,2.00000000,0
1531252871949,1531252871940,1609640,0.00000570,1000.00000000,1
1531252884832,1531252884822,1609641,0.00000570,1398.00000000,1
1531252917686,1531252917676,1609642,0.00000570,913.00000000,1
1531252933297,1531252933287,1609643,0.00000570,2050.00000000,0
1531252934262,1531252934256,1609644,0.00000570,7435.00000000,0
1531252937585,1531252937577,1609645,0.00000570,7.00000000,0
1531252982743,1531252982734,1609646,0.00000569,2000.00000000,1
1531253029174,1531253029175,1609647,0.00000569,4875.00000000,0
1531253051641,1531253051634,1609648,0.00000568,2000.00000000,1
1531253100824,1531253100814,1609649,0.00000568,2762.00000000,1
1531253103231,1531253103221,1609650,0.00000568,520.00000000,1
1531253103231,1531253103221,1609651,0.00000566,1358.00000000,1
1531253112433,1531253112424,1609652,0.00000570,3163.00000000,0
1531253122216,1531253122206,1609653,0.00000570,1754.00000000,0
1531253123196,1531253123198,1609654,0.00000570,1754.00000000,0
1531253124179,1531253124173,1609655,0.00000570,1754.00000000,0
1531253125178,1531253125169,1609656,0.00000570,1754.00000000,0
1531253126171,1531253126162,1609657,0.00000570,1754.00000000,0
1531253127689,1531253127680,1609658,0.00000570,1754.00000000,0
1531253128694,1531253128685,1609659,0.00000570,1754.00000000,0
1531253128743,1531253128734,1609660,0.00000570,1034.00000000,0
1531253129687,1531253129676,1609661,0.00000570,1754.00000000,0
1531253130696,1531253130687,1609662,0.00000570,1754.00000000,0
1531253132227,1531253132220,1609663,0.00000570,1754.00000000,0
1531253133191,1531253133184,1609664,0.00000570,1754.00000000,0
1531253134179,1531253134170,1609665,0.00000570,1754.00000000,0
1531253135177,1531253135168,1609666,0.00000570,1754.00000000,0
1531253136178,1531253136168,1609667,0.00000570,1754.00000000,0
1531253136208,1531253136203,1609668,0.00000570,2731.00000000,0
1531253137186,1531253137176,1609669,0.00000570,1754.00000000,0
1531253138191,1531253138182,1609670,0.00000570,1754.00000000,0
1531253139183,1531253139186,1609671,0.00000570,1754.00000000,0
1531253164122,1531253164121,1609672,0.00000570,988.00000000,0
1531253217586,1531253217577,1609673,0.00000570,2.00000000,0
1531253476610,1531253476609,1609674,0.00000572,1369.00000000,0
1531253496449,1531253496440,1609675,0.00000575,234.00000000,0
1531253561725,1531253561714,1609676,0.00000575,2588.00000000,0
1531253561765,1531253561757,1609677,0.00000575,605.00000000,1
1531253561780,1531253561778,1609678,0.00000575,316.00000000,1
1531253730680,1531253730670,1609679,0.00000575,951.00000000,1
1531253759217,1531253759207,1609680,0.00000575,240.00000000,1
1531253829759,1531253829750,1609681,0.00000575,19.00000000,1
1531254040871,1531254040862,1609682,0.00000573,512.00000000,0
1531254229605,1531254229595,1609683,0.00000572,10.00000000,0
1531254241945,1531254241936,1609684,0.00000569,36.00000000,1
1531254297541,1531254297532,1609685,0.00000569,228.00000000,1
1531254297541,1531254297532,1609686,0.00000568,1994.00000000,1
1531254297541,1531254297532,1609687,0.00000567,1444.00000000,1
1531254402944,1531254402935,1609688,0.00000568,1990.00000000,1
1531254457407,1531254457399,1609689,0.00000568,16805.00000000,1
1531254512100,1531254512091,1609690,0.00000567,1410.00000000,1
1531254512100,1531254512091,1609691,0.00000566,2942.00000000,1
1531254522010,1531254522005,1609692,0.00000566,1213.00000000,0
1531254528886,1531254528878,1609693,0.00000564,362.00000000,1
1531254531494,1531254531487,1609694,0.00000566,2.00000000,0
1531254715849,1531254715845,1609695,0.00000563,106.00000000,1
1531254760838,1531254760836,1609696,0.00000562,6.00000000,1
1531254782437,1531254782435,1609697,0.00000562,6.00000000,1
1531254824881,1531254824877,1609698,0.00000563,233.00000000,1
1531254949850,1531254949845,1609699,0.00000563,1305.00000000,1
1531255155011,1531255155010,1609700,0.00000562,234.00000000,1
1531255177683,1531255177678,1609701,0.00000565,15.00000000,0
1531255193529,1531255193524,1609702,0.00000565,28.00000000,0
1531255318706,1531255318702,1609703,0.00000564,2467.00000000,0
1531255320400,1531255320396,1609704,0.00000564,5.00000000,0
1531255341240,1531255341232,1609705,0.00000564,2302.00000000,0
1531255341255,1531255341252,1609706,0.00000564,2299.00000000,0
1531255341265,1531255341261,1609707,0.00000564,1215.00000000,0
1531255344362,1531255344356,1609708,0.00000562,600.00000000,1
1531255344362,1531255344356,1609709,0.00000561,1489.00000000,1
1531255499920,1531255499922,1609710,0.00000564,1.00000000,0
1531255768753,1531255768746,1609711,0.00000564,120.00000000,0
1531255966808,1531255966806,1609712,0.00000564,4425.00000000,0
1531255966839,1531255966842,1609713,0.00000564,3686.00000000,1
1531255967221,1531255967218,1609714,0.00000564,1090.00000000,1
