event_time,trade_time,trade_id,price,quantity,maker
1531210376433,1531210376428,9858047,0.10947000,3.14100000,1
1531210377068,1531210377063,9858048,0.10959800,0.01000000,0
1531210377195,1531210377190,9858049,0.10959800,0.01000000,0
1531210377330,1531210377327,9858050,0.10959800,0.01000000,0
1531210377453,1531210377451,9858051,0.10959800,0.01000000,0
1531210377578,1531210377575,9858052,0.10959800,0.01000000,0
1531210392142,1531210392137,9858053,0.10947000,2.54400000,1
1531210392164,1531210392159,9858054,0.10947000,0.70000000,1
1531210398509,1531210398505,9858055,0.10947000,3.46700000,1
1531210398528,1531210398524,9858056,0.10947000,2.32600000,1
1531210405264,1531210405260,9858057,0.10947000,2.98700000,1
1531210424111,1531210424107,9858058,0.10958000,0.00100000,0
1531210427700,1531210427696,9858059,0.10947100,2.87500000,1
1531210427715,1531210427710,9858060,0.10947100,0.55100000,1
1531210444502,1531210444496,9858061,0.10947000,1.90000000,1
1531210446515,1531210446510,9858062,0.10947000,2.00000000,1
1531210447508,1531210447503,9858063,0.10947100,0.20000000,1
1531210450918,1531210450914,9858064,0.10947100,0.03800000,1
1531210450918,1531210450914,9858065,0.10947000,0.07900000,1
1531210463520,1531210463516,9858066,0.10948100,0.04900000,1
1531210465513,1531210465508,9858067,0.10947000,0.00100000,1
1531210471241,1531210471235,9858068,0.10959800,0.01600000,0
1531210497178,1531210497173,9858069,0.10957800,0.01000000,0
1531210497304,1531210497300,9858070,0.10957800,0.01000000,0
1531210497642,1531210497636,9858071,0.10957800,0.01000000,0
1531210497771,1531210497767,9858072,0.10957800,0.01000000,0
1531210497903,1531210497897,9858073,0.10957800,0.01000000,0
1531210546208,1531210546204,9858074,0.10945700,5.02100000,0
1531210546221,1531210546216,9858075,0.10941400,4.40500000,1
1531210552149,1531210552145,9858076,0.10950000,0.01000000,0
1531210553325,1531210553320,9858077,0.10950000,0.07000000,0
1531210556514,1531210556514,9858078,0.10942000,0.01500000,0
1531210567043,1531210567039,9858079,0.10958400,0.79000000,0
1531210567043,1531210567039,9858080,0.10958600,0.68800000,0
1531210584044,1531210584038,9858081,0.10959900,0.01000000,0
1531210584174,1531210584169,9858082,0.10959900,0.01000000,0
1531210584309,1531210584305,9858083,0.10959900,0.01000000,0
1531210584438,1531210584432,9858084,0.10959900,0.01000000,0
1531210584573,1531210584571,9858085,0.10959900,0.01000000,0
1531210589404,1531210589400,9858086,0.10941300,0.01000000,1
1531210589537,1531210589533,9858087,0.10941300,0.01000000,1
1531210589670,1531210589666,9858088,0.10941400,0.01000000,1
1531210589797,1531210589794,9858089,0.10941500,0.01000000,1
1531210590139,1531210590135,9858090,0.10941500,0.01000000,1
1531210590259,1531210590255,9858091,0.10960400,0.01000000,0
1531210590380,1531210590376,9858092,0.10960400,0.01000000,0
1531210590517,1531210590512,9858093,0.10960400,0.01000000,0
1531210590650,1531210590647,9858094,0.10960400,0.01000000,0
1531210590760,1531210590755,9858095,0.10960400,0.02000000,0
1531210590779,1531210590774,9858096,0.10960400,0.01000000,0
1531210591752,1531210591748,9858097,0.10960300,0.03000000,0
1531210595258,1531210595254,9858098,0.10941400,0.09000000,1
1531210602510,1531210602506,9858099,0.10959200,0.01400000,0
1531210603332,1531210603332,9858100,0.10942600,0.31900000,1
1531210618636,1531210618632,9858101,0.10942700,0.03700000,1
1531210620597,1531210620568,9858102,0.10941500,0.03700000,1
1531210625193,1531210625188,9858103,0.10941700,0.15600000,1
1531210650305,1531210650301,9858104,0.10955700,0.01000000,0
1531210650431,1531210650427,9858105,0.10955700,0.01000000,0
1531210650554,1531210650551,9858106,0.10955700,0.01000000,0
1531210650689,1531210650685,9858107,0.10955700,0.01000000,0
1531210650813,1531210650809,9858108,0.10955700,0.01000000,0
1531210650940,1531210650936,9858109,0.10941800,0.50000000,1
1531210685646,1531210685642,9858110,0.10941400,0.07600000,1
1531210685646,1531210685642,9858111,0.10941300,0.07100000,1
1531210685646,1531210685642,9858112,0.10932500,0.01300000,1
1531210685646,1531210685642,9858113,0.10927400,0.30100000,1
1531210688279,1531210688274,9858114,0.10953000,0.01000000,0
1531210688408,1531210688404,9858115,0.10953000,0.01000000,0
1531210688534,1531210688529,9858116,0.10953000,0.01000000,0
1531210688616,1531210688616,9858117,0.10953000,0.03000000,0
1531210688663,1531210688659,9858118,0.10953000,0.01000000,0
1531210688787,1531210688783,9858119,0.10953000,0.01000000,0
1531210689605,1531210689601,9858120,0.10952900,0.02000000,0
1531210689628,1531210689625,9858121,0.10952900,0.03000000,0
1531210691778,1531210691773,9858122,0.10929800,0.01000000,1
1531210691918,1531210691914,9858123,0.10929800,0.01000000,1
1531210692043,1531210692039,9858124,0.10929800,0.01000000,1
1531210692179,1531210692174,9858125,0.10929800,0.01000000,1
1531210692305,1531210692301,9858126,0.10929800,0.01000000,1
1531210692443,1531210692439,9858127,0.10952300,0.01000000,0
1531210692580,1531210692577,9858128,0.10952300,0.01000000,0
1531210692708,1531210692703,9858129,0.10952100,0.01000000,0
1531210692845,1531210692841,9858130,0.10952100,0.01000000,0
1531210692981,1531210692977,9858131,0.10952100,0.01000000,0
1531210719788,1531210719783,9858132,0.10939400,3.18500000,1
1531210724388,1531210724384,9858133,0.10956100,0.01000000,0
1531210724526,1531210724522,9858134,0.10956100,0.01000000,0
1531210724666,1531210724663,9858135,0.10956100,0.01000000,0
1531210725014,1531210725010,9858136,0.10956100,0.01000000,0
1531210725145,1531210725140,9858137,0.10956100,0.01000000,0
1531210725640,1531210725636,9858138,0.10956100,0.03000000,0
1531210726638,1531210726635,9858139,0.10956000,0.03000000,0
1531210736438,1531210736433,9858140,0.10934900,0.01000000,1
1531210744400,1531210744397,9858141,0.10956000,0.01000000,0
1531210744532,1531210744527,9858142,0.10956000,0.01000000,0
1531210744663,1531210744660,9858143,0.10956000,0.01000000,0
1531210744794,1531210744789,9858144,0.10955700,0.01000000,0
1531210744920,1531210744916,9858145,0.10955700,0.01000000,0
1531210745325,1531210745321,9858146,0.10937400,0.01000000,1
1531210745457,1531210745454,9858147,0.10937400,0.01000000,1
1531210745592,1531210745588,9858148,0.10937400,0.01000000,1
1531210745720,1531210745715,9858149,0.10937400,0.01000000,1
1531210745852,1531210745847,9858150,0.10937500,0.01000000,1
1531210745988,1531210745983,9858151,0.10955700,0.01000000,0
1531210746119,1531210746114,9858152,0.10955700,0.01000000,0
1531210746256,1531210746253,9858153,0.10955700,0.01000000,0
1531210746386,1531210746383,9858154,0.10955700,0.01000000,0
1531210746521,1531210746517,9858155,0.10955700,0.01000000,0
1531210746665,1531210746662,9858156,0.10955700,0.03000000,0
1531210799354,1531210799349,9858157,0.10938700,2.32600000,1
1531210799365,1531210799361,9858158,0.10938700,4.10700000,1
1531210801186,1531210801180,9858159,0.10950500,0.00500000,0
1531210815602,1531210815597,9858160,0.10937400,0.21800000,1
1531210839690,1531210839686,9858161,0.10948100,0.54500000,0
1531210848548,1531210848544,9858162,0.10936400,0.02100000,1
1531210857696,1531210857691,9858163,0.10946700,0.01000000,0
1531210857830,1531210857827,9858164,0.10946700,0.01000000,0
1531210857964,1531210857959,9858165,0.10946700,0.01000000,0
1531210858089,1531210858084,9858166,0.10946700,0.01000000,0
1531210858223,1531210858216,9858167,0.10946700,0.01000000,0
1531210864384,1531210864380,9858168,0.10936600,0.07300000,1
1531210914696,1531210914692,9858169,0.10937800,0.01000000,1
1531210941952,1531210941949,9858170,0.10953300,0.01000000,0
1531210942075,1531210942071,9858171,0.10953300,0.01000000,0
1531210942200,1531210942195,9858172,0.10953300,0.01000000,0
1531210942324,1531210942320,9858173,0.10953300,0.01000000,0
1531210942846,1531210942841,9858174,0.10936400,0.01000000,1
1531210942981,1531210942977,9858175,0.10936400,0.01000000,1
1531210943106,1531210943101,9858176,0.10936500,0.01000000,1
1531210943230,1531210943226,9858177,0.10936500,0.01000000,1
1531210943826,1531210943822,9858178,0.10953200,0.01000000,0
1531210943959,1531210943956,9858179,0.10953200,0.01000000,0
1531210944087,1531210944081,9858180,0.10953200,0.00700000,0
1531210944087,1531210944081,9858181,0.10953300,0.00300000,0
1531210944218,1531210944214,9858182,0.10953300,0.01000000,0
1531210964861,1531210964856,9858183,0.10936900,1.41500000,1
1531211083546,1531211083542,9858184,0.10936700,0.30000000,1
1531211083566,1531211083566,9858185,0.10936700,0.00900000,1
1531211083611,1531211083607,9858186,0.10936700,0.09000000,0
1531211086558,1531211086553,9858187,0.10936700,0.10000000,1
1531211088547,1531211088540,9858188,0.10936700,0.40000000,1
1531211096724,1531211096718,9858189,0.10936300,0.05600000,1
1531211100926,1531211100922,9858190,0.10936300,0.12800000,1
1531211101310,1531211101306,9858191,0.10936300,0.05500000,0
1531211101310,1531211101306,9858192,0.10949100,0.03600000,0
1531211101587,1531211101582,9858193,0.10949100,0.01200000,0
1531211106479,1531211106476,9858194,0.10936200,0.01700000,1
1531211143333,1531211143326,9858195,0.10957000,0.01000000,0
1531211143455,1531211143451,9858196,0.10957000,0.01000000,0
1531211143582,1531211143578,9858197,0.10957000,0.01000000,0
1531211143716,1531211143712,9858198,0.10957000,0.01000000,0
1531211143847,1531211143842,9858199,0.10957000,0.01000000,0
1531211144438,1531211144434,9858200,0.10930200,0.01000000,1
1531211144568,1531211144564,9858201,0.10930300,0.01000000,1
1531211144703,1531211144699,9858202,0.10930300,0.01000000,1
1531211144830,1531211144827,9858203,0.10930300,0.01000000,1
1531211144955,1531211144952,9858204,0.10930300,0.01000000,1
1531211145081,1531211145076,9858205,0.10957000,0.01000000,0
1531211145219,1531211145215,9858206,0.10957000,0.01000000,0
1531211145354,1531211145350,9858207,0.10957000,0.01000000,0
1531211145481,1531211145477,9858208,0.10956900,0.01000000,0
1531211145608,1531211145604,9858209,0.10956900,0.01000000,0
1531211164148,1531211164143,9858210,0.10943200,0.05200000,0
1531211164158,1531211164154,9858211,0.10931000,0.52300000,1
1531211164171,1531211164167,9858212,0.10931000,0.02100000,1
1531211181680,1531211181674,9858213,0.10936400,0.13400000,1
1531211183005,1531211183000,9858214,0.10936400,0.12100000,1
1531211192692,1531211192688,9858215,0.10936700,0.02400000,1
1531211197263,1531211197258,9858216,0.10936800,0.01800000,1
1531211200297,1531211200291,9858217,0.10936800,0.08100000,1
1531211201234,1531211201228,9858218,0.10936800,3.45800000,1
1531211203340,1531211203336,9858219,0.10936200,0.03700000,1
1531211205072,1531211205068,9858220,0.10929000,0.03700000,1
1531211241249,1531211241244,9858221,0.10929100,0.19600000,1
1531211243148,1531211243143,9858222,0.10936200,0.03700000,0
1531211245160,1531211245155,9858223,0.10936600,0.01200000,0
1531211248915,1531211248911,9858224,0.10936600,0.02500000,0
1531211273999,1531211273994,9858225,0.10929100,0.82200000,1
1531211298053,1531211298048,9858226,0.10936800,0.00100000,0
1531211359157,1531211359157,9858227,0.10929100,3.29400000,1
1531211379009,1531211379004,9858228,0.10936800,0.01000000,0
1531211379135,1531211379130,9858229,0.10936800,0.01000000,0
1531211379269,1531211379266,9858230,0.10936800,0.01000000,0
1531211379403,1531211379402,9858231,0.10936800,0.00600000,0
1531211379403,1531211379402,9858232,0.10948800,0.00400000,0
1531211379528,1531211379525,9858233,0.10948800,0.01000000,0
1531211380148,1531211380143,9858234,0.10925800,0.01000000,1
1531211380274,1531211380270,9858235,0.10925800,0.01000000,1
1531211380398,1531211380392,9858236,0.10925800,0.01000000,1
1531211381526,1531211381520,9858237,0.10925800,0.00300000,1
1531211381526,1531211381520,9858238,0.10925700,0.00700000,1
1531211381651,1531211381648,9858239,0.10925700,0.01000000,1
1531211382306,1531211382303,9858240,0.10948600,0.01000000,0
1531211412821,1531211412816,9858241,0.10925500,2.20500000,1
1531211445169,1531211445164,9858242,0.10925700,0.02400000,0
1531211445606,1531211445602,9858243,0.10925700,0.22700000,0
1531211455694,1531211455691,9858244,0.10940100,0.01000000,0
1531211455828,1531211455824,9858245,0.10940100,0.01000000,0
1531211455964,1531211455959,9858246,0.10940100,0.01000000,0
1531211456089,1531211456086,9858247,0.10940100,0.01000000,0
1531211456222,1531211456218,9858248,0.10940100,0.01000000,0
1531211461992,1531211461988,9858249,0.10925900,0.14600000,1
1531211464152,1531211464148,9858250,0.10926000,0.06600000,1
1531211464152,1531211464148,9858251,0.10925900,0.28800000,1
1531211464547,1531211464543,9858252,0.10925900,2.67800000,1
1531211465125,1531211465121,9858253,0.10925900,0.01000000,0
1531211465237,1531211465234,9858254,0.10925700,0.28500000,1
1531211465432,1531211465432,9858255,0.10925700,0.12200000,1
1531211465432,1531211465432,9858256,0.10925400,0.06000000,1
1531211465432,1531211465432,9858257,0.10915100,0.31800000,1
1531211467603,1531211467599,9858258,0.10925900,0.05400000,0
1531211479994,1531211479990,9858259,0.10915200,2.43100000,1
1531211480011,1531211480007,9858260,0.10915200,0.76500000,1
1531211480158,1531211480152,9858261,0.10925900,0.78400000,0
1531211480690,1531211480687,9858262,0.10925900,2.00000000,1
1531211480723,1531211480721,9858263,0.10925900,0.32800000,1
1531211498205,1531211498202,9858264,0.10909700,0.02000000,1
1531211498223,1531211498219,9858265,0.10909700,0.02000000,1
1531211498241,1531211498236,9858266,0.10909700,0.02000000,1
1531211498254,1531211498250,9858267,0.10909700,0.02000000,1
1531211498267,1531211498264,9858268,0.10909700,0.02000000,1
1531211498274,1531211498270,9858269,0.10909700,0.02000000,1
1531211498309,1531211498304,9858270,0.10909700,0.02000000,1
1531211498323,1531211498318,9858271,0.10909700,0.03900000,1
1531211506460,1531211506456,9858272,0.10909600,0.01000000,1
1531211506598,1531211506594,9858273,0.10909600,0.01000000,1
1531211506735,1531211506729,9858274,0.10909600,0.01000000,1
1531211506862,1531211506858,9858275,0.10909600,0.01000000,1
1531211506994,1531211506989,9858276,0.10909600,0.01000000,1
1531211507118,1531211507113,9858277,0.10928600,0.01000000,0
1531211507254,1531211507252,9858278,0.10928600,0.01000000,0
1531211507381,1531211507381,9858279,0.10928400,0.01000000,0
1531211507514,1531211507510,9858280,0.10928400,0.01000000,0
1531211507636,1531211507632,9858281,0.10928400,0.01000000,0
1531211507960,1531211507955,9858282,0.10909600,0.01800000,1
1531211508030,1531211508027,9858283,0.10909500,0.01000000,1
1531211508155,1531211508149,9858284,0.10909500,0.01000000,1
1531211508284,1531211508280,9858285,0.10909500,0.01000000,1
1531211508425,1531211508421,9858286,0.10909500,0.01000000,1
1531211508550,1531211508547,9858287,0.10909500,0.01000000,1
1531211508630,1531211508626,9858288,0.10909600,0.05000000,0
1531211508676,1531211508671,9858289,0.10928400,0.01000000,0
1531211508802,1531211508802,9858290,0.10928400,0.01000000,0
1531211508928,1531211508925,9858291,0.10928400,0.01000000,0
1531211509061,1531211509055,9858292,0.10928400,0.01000000,0
1531211509188,1531211509184,9858293,0.10928300,0.01000000,0
1531211555668,1531211555665,9858294,0.10918300,0.01700000,0
1531211589841,1531211589836,9858295,0.10916000,0.01000000,0
1531211589967,1531211589964,9858296,0.10916000,0.01000000,0
1531211590101,1531211590097,9858297,0.10916000,0.01000000,0
1531211590233,1531211590227,9858298,0.10916000,0.01000000,0
1531211590362,1531211590359,9858299,0.10916000,0.01000000,0
1531211594650,1531211594645,9858300,0.10915700,0.07700000,0
1531211637179,1531211637173,9858301,0.10930000,0.01000000,0
1531211637304,1531211637298,9858302,0.10930000,0.01000000,0
1531211637427,1531211637424,9858303,0.10930000,0.01000000,0
1531211637562,1531211637556,9858304,0.10930000,0.01000000,0
1531211637913,1531211637908,9858305,0.10930000,0.01000000,0
1531211638310,1531211638304,9858306,0.10902900,0.01000000,1
1531211638443,1531211638439,9858307,0.10902900,0.01000000,1
1531211638567,1531211638563,9858308,0.10902900,0.01000000,1
1531211638702,1531211638699,9858309,0.10902900,0.01000000,1
1531211638837,1531211638832,9858310,0.10902900,0.01000000,1
1531211638961,1531211638957,9858311,0.10929900,0.01000000,0
1531211639058,1531211639054,9858312,0.10929900,0.01000000,0
1531211639086,1531211639083,9858313,0.10929900,0.01000000,0
1531211639218,1531211639214,9858314,0.10929800,0.01000000,0
1531211639352,1531211639349,9858315,0.10929800,0.01000000,0
1531211639702,1531211639698,9858316,0.10929800,0.00300000,0
1531211639702,1531211639698,9858317,0.10929900,0.00700000,0
1531211640063,1531211640059,9858318,0.10929700,0.02700000,0
1531211650478,1531211650475,9858319,0.10928400,0.00100000,0
1531211692259,1531211692256,9858320,0.10922400,0.10000000,0
1531211700279,1531211700273,9858321,0.10906100,0.01800000,1
1531211700688,1531211700682,9858322,0.10906100,0.01800000,1
1531211700792,1531211700789,9858323,0.10922200,0.04100000,0
1531211764568,1531211764564,9858324,0.10918400,0.01000000,0
1531211766147,1531211766141,9858325,0.10900000,0.07000000,1
1531211766147,1531211766141,9858326,0.10899900,0.77100000,1
1531211781042,1531211781037,9858327,0.10924500,0.01000000,0
1531211781175,1531211781170,9858328,0.10924500,0.01000000,0
1531211781303,1531211781298,9858329,0.10924500,0.01000000,0
1531211781436,1531211781431,9858330,0.10924500,0.01000000,0
1531211781980,1531211781976,9858331,0.10924500,0.04000000,0
1531211782987,1531211782984,9858332,0.10924500,0.04000000,0
1531211783991,1531211783987,9858333,0.10924500,0.04000000,0
1531211784986,1531211784980,9858334,0.10924400,0.04000000,0
1531211837275,1531211837270,9858335,0.10916400,0.02400000,0
1531211842103,1531211842099,9858336,0.10915900,0.10000000,0
1531211856315,1531211856310,9858337,0.10900400,0.04000000,1
1531211856315,1531211856310,9858338,0.10900000,0.06900000,1
1531211856315,1531211856310,9858339,0.10899700,0.01300000,1
1531211856315,1531211856310,9858340,0.10890500,0.13200000,1
1531211861775,1531211861772,9858341,0.10913000,0.05500000,0
1531211877212,1531211877208,9858342,0.10903700,0.01000000,0
1531211877343,1531211877339,9858343,0.10903700,0.01000000,0
1531211877475,1531211877471,9858344,0.10903700,0.01000000,0
1531211877830,1531211877826,9858345,0.10903700,0.01000000,0
1531211877960,1531211877955,9858346,0.10903700,0.01000000,0
1531211878570,1531211878563,9858347,0.10891400,0.01000000,1
1531211878702,1531211878697,9858348,0.10891400,0.01000000,1
1531211878834,1531211878828,9858349,0.10891400,0.01000000,1
1531211878966,1531211878960,9858350,0.10891400,0.01000000,1
1531211879092,1531211879088,9858351,0.10891400,0.01000000,1
1531211879218,1531211879212,9858352,0.10903700,0.01000000,0
1531211879341,1531211879336,9858353,0.10903700,0.01000000,0
1531211879466,1531211879462,9858354,0.10903700,0.01000000,0
1531211879588,1531211879585,9858355,0.10903700,0.01000000,0
1531211879720,1531211879715,9858356,0.10903700,0.01000000,0
1531211880673,1531211880669,9858357,0.10903700,0.06800000,0
1531211881866,1531211881862,9858358,0.10910900,0.01600000,0
1531211899587,1531211899583,9858359,0.10910100,0.02700000,0
1531211899587,1531211899583,9858360,0.10910200,0.23000000,0
1531211899657,1531211899652,9858361,0.10910200,0.21800000,0
1531211903513,1531211903509,9858362,0.10910100,0.01100000,0
1531211923581,1531211923578,9858363,0.10895000,0.02300000,0
1531211923659,1531211923653,9858364,0.10895000,0.04700000,0
1531211923674,1531211923669,9858365,0.10895000,0.14000000,0
1531211923681,1531211923676,9858366,0.10914500,0.09200000,0
1531211924375,1531211924371,9858367,0.10914300,0.02000000,0
1531211924389,1531211924386,9858368,0.10914300,0.02000000,0
1531211924419,1531211924415,9858369,0.10914300,0.02000000,0
1531211924438,1531211924433,9858370,0.10914300,0.03200000,0
1531211924581,1531211924577,9858371,0.10914300,0.00500000,0
1531211926306,1531211926303,9858372,0.10914100,0.00900000,0
1531211927371,1531211927366,9858373,0.10914100,0.01000000,0
1531211928369,1531211928363,9858374,0.10914100,0.01000000,0
1531211929371,1531211929366,9858375,0.10914100,0.01000000,0
1531211930373,1531211930372,9858376,0.10914100,0.01000000,0
1531211931374,1531211931369,9858377,0.10914100,0.01000000,0
1531211932370,1531211932366,9858378,0.10914000,0.01000000,0
1531211987631,1531211987626,9858379,0.10905200,2.62200000,0
1531211987646,1531211987641,9858380,0.10898100,4.65000000,1
1531211987676,1531211987672,9858381,0.10898100,0.95500000,1
1531212023152,1531212023146,9858382,0.10909000,0.04000000,0
1531212031998,1531212031994,9858383,0.10903300,6.07800000,0
1531212032017,1531212032012,9858384,0.10897700,0.43400000,1
1531212032032,1531212032028,9858385,0.10897700,2.64100000,1
1531212034173,1531212034169,9858386,0.10909400,0.01000000,0
1531212034305,1531212034302,9858387,0.10909400,0.01000000,0
1531212055464,1531212055460,9858388,0.10908100,0.46400000,0
1531212072232,1531212072227,9858389,0.10906800,0.02900000,0
1531212127403,1531212127399,9858390,0.10897800,2.50800000,1
1531212139894,1531212139889,9858391,0.10904500,0.55200000,0
1531212139906,1531212139901,9858392,0.10897900,0.47400000,1
1531212159412,1531212159406,9858393,0.10897900,3.77800000,1
1531212164053,1531212164049,9858394,0.10897800,0.00500000,1
1531212180693,1531212180688,9858395,0.10897900,3.00800000,1
1531212180717,1531212180712,9858396,0.10897900,4.26700000,1
1531212185810,1531212185805,9858397,0.10897900,2.64500000,1
1531212199165,1531212199161,9858398,0.10904200,5.41500000,0
1531212199179,1531212199176,9858399,0.10898000,3.60800000,1
1531212219304,1531212219299,9858400,0.10904400,3.04300000,0
1531212219326,1531212219321,9858401,0.10898000,1.36400000,1
1531212219346,1531212219342,9858402,0.10898000,2.66900000,1
1531212225393,1531212225389,9858403,0.10911200,0.00300000,0
1531212274507,1531212274502,9858404,0.10904500,4.42500000,0
1531212274518,1531212274513,9858405,0.10898000,1.92300000,1
1531212275598,1531212275594,9858406,0.10911100,0.26400000,0
1531212283859,1531212283854,9858407,0.10897900,0.09300000,1
1531212302853,1531212302848,9858408,0.10908600,0.04800000,0
1531212311201,1531212311196,9858409,0.10903200,5.62800000,0
1531212311213,1531212311208,9858410,0.10908400,2.21700000,0
1531212409181,1531212409176,9858411,0.10911300,0.79600000,0
1531212417332,1531212417328,9858412,0.10910000,0.01000000,0
1531212417457,1531212417451,9858413,0.10910000,0.01000000,0
1531212417592,1531212417588,9858414,0.10910000,0.01000000,0
1531212419924,1531212419920,9858415,0.10910000,0.03600000,0
1531212419961,1531212419958,9858416,0.10911400,0.51300000,0
1531212419980,1531212419976,9858417,0.10911600,0.25600000,0
1531212419999,1531212419995,9858418,0.10911600,0.26300000,0
1531212420733,1531212420727,9858419,0.10911700,0.25100000,1
1531212421118,1531212421113,9858420,0.10912600,1.14000000,0
1531212479064,1531212479060,9858421,0.10911200,0.01000000,0
1531212479189,1531212479185,9858422,0.10911200,0.01000000,0
1531212479315,1531212479311,9858423,0.10911200,0.01000000,0
1531212479444,1531212479438,9858424,0.10911200,0.01000000,0
1531212479583,1531212479578,9858425,0.10911200,0.01000000,0
1531212481477,1531212481472,9858426,0.10899400,0.01000000,1
1531212481605,1531212481598,9858427,0.10899400,0.01000000,1
1531212481947,1531212481944,9858428,0.10899400,0.01000000,1
1531212482083,1531212482077,9858429,0.10899400,0.01000000,1
1531212482210,1531212482206,9858430,0.10899400,0.01000000,1
1531212482336,1531212482331,9858431,0.10911200,0.01000000,0
1531212482472,1531212482468,9858432,0.10911200,0.01000000,0
1531212482598,1531212482593,9858433,0.10911200,0.01000000,0
1531212482736,1531212482732,9858434,0.10911200,0.01000000,0
1531212482865,1531212482859,9858435,0.10911200,0.01000000,0
1531212498494,1531212498490,9858436,0.10911000,0.00100000,0
1531212503779,1531212503775,9858437,0.10900000,0.50000000,0
1531212503797,1531212503793,9858438,0.10900000,1.00000000,0
1531212506730,1531212506727,9858439,0.10900000,0.62300000,0
1531212522277,1531212522273,9858440,0.10899800,0.09900000,0
1531212522277,1531212522273,9858441,0.10900000,0.30400000,0
1531212522304,1531212522296,9858442,0.10900000,1.47800000,0
1531212522732,1531212522726,9858443,0.10900000,0.34100000,0
1531212589469,1531212589465,9858444,0.10905200,1.26800000,0
1531212589483,1531212589479,9858445,0.10912400,0.62000000,0
1531212596092,1531212596084,9858446,0.10912500,0.27200000,0
1531212606241,1531212606237,9858447,0.10912600,0.01000000,0
1531212606364,1531212606362,9858448,0.10912600,0.01000000,0
1531212606716,1531212606710,9858449,0.10912600,0.01000000,0
1531212606842,1531212606838,9858450,0.10912600,0.01000000,0
1531212606966,1531212606964,9858451,0.10912600,0.01000000,0
1531212613454,1531212613449,9858452,0.10912500,0.27200000,0
1531212644361,1531212644356,9858453,0.10912000,0.05000000,0
1531212644745,1531212644742,9858454,0.10912100,0.00600000,1
1531212645343,1531212645338,9858455,0.10912100,0.05700000,1
1531212646736,1531212646732,9858456,0.10912100,0.04400000,1
1531212647747,1531212647741,9858457,0.10912100,0.26900000,1
1531212649687,1531212649682,9858458,0.10912300,0.05700000,0
1531212650165,1531212650159,9858459,0.10912300,0.05200000,0
1531212650314,1531212650309,9858460,0.10912300,0.05800000,0
1531212650945,1531212650941,9858461,0.10912300,0.13500000,0
1531212652629,1531212652625,9858462,0.10912200,0.05600000,0
1531212653503,1531212653498,9858463,0.10912200,0.05000000,0
1531212703301,1531212703298,9858464,0.10912300,0.01000000,0
1531212703429,1531212703425,9858465,0.10912300,0.01000000,0
1531212703555,1531212703549,9858466,0.10912300,0.01000000,0
1531212703677,1531212703673,9858467,0.10912300,0.01000000,0
1531212703803,1531212703799,9858468,0.10912300,0.01000000,0
1531212706646,1531212706641,9858469,0.10898300,0.01000000,1
1531212706779,1531212706776,9858470,0.10898300,0.01000000,1
1531212706913,1531212706909,9858471,0.10898300,0.01000000,1
1531212707043,1531212707036,9858472,0.10898300,0.01000000,1
1531212707175,1531212707173,9858473,0.10898300,0.01000000,1
1531212707302,1531212707297,9858474,0.10912300,0.01000000,0
1531212707436,1531212707433,9858475,0.10912300,0.01000000,0
1531212707560,1531212707557,9858476,0.10912300,0.01000000,0
1531212707695,1531212707691,9858477,0.10912300,0.01000000,0
1531212707829,1531212707824,9858478,0.10912300,0.01000000,0
1531212710567,1531212710563,9858479,0.10898500,0.17300000,1
1531212710596,1531212710590,9858480,0.10898500,0.16800000,0
1531212710663,1531212710660,9858481,0.10898500,2.30900000,0
1531212710749,1531212710744,9858482,0.10898500,0.27500000,0
1531212710811,1531212710807,9858483,0.10898500,0.02200000,0
1531212713017,1531212713013,9858484,0.10898500,0.20700000,0
1531212720113,1531212720109,9858485,0.10898300,0.10000000,0
1531212720244,1531212720239,9858486,0.10898500,0.52200000,0
1531212731688,1531212731682,9858487,0.10898100,0.00300000,1
1531212752599,1531212752594,9858488,0.10898100,0.05300000,0
1531212752603,1531212752598,9858489,0.10898100,0.01100000,0
1531212757028,1531212757024,9858490,0.10898200,0.01100000,1
1531212758668,1531212758663,9858491,0.10911000,0.16800000,0
1531212759739,1531212759734,9858492,0.10904700,0.73100000,0
1531212759749,1531212759743,9858493,0.10911100,0.28600000,0
1531212765721,1531212765716,9858494,0.10911800,0.43900000,0
1531212768887,1531212768883,9858495,0.10911800,0.18200000,0
1531212792744,1531212792740,9858496,0.10911700,4.90000000,0
1531212802435,1531212802430,9858497,0.10924100,0.26800000,0
1531212802435,1531212802430,9858498,0.10924200,0.28000000,0
1531212802435,1531212802430,9858499,0.10924400,0.37000000,0
1531212802435,1531212802430,9858500,0.10924600,6.87300000,0
1531212802465,1531212802461,9858501,0.10924600,0.49700000,0
1531212803901,1531212803897,9858502,0.10911800,0.05500000,0
1531212807224,1531212807221,9858503,0.10932300,0.01000000,0
1531212807352,1531212807348,9858504,0.10932300,0.00300000,0
1531212807352,1531212807348,9858505,0.10946000,0.00700000,0
1531212807475,1531212807470,9858506,0.10945900,0.01000000,0
1531212807598,1531212807594,9858507,0.10945900,0.01000000,0
1531212807735,1531212807731,9858508,0.10945900,0.01000000,0
1531212808414,1531212808409,9858509,0.10945700,0.02900000,0
1531212839442,1531212839438,9858510,0.10916100,0.16800000,1
1531212839533,1531212839528,9858511,0.10931800,0.01000000,0
1531212839656,1531212839652,9858512,0.10931800,0.01000000,0
1531212839791,1531212839787,9858513,0.10931800,0.01000000,0
1531212839915,1531212839912,9858514,0.10931800,0.01000000,0
1531212840039,1531212840035,9858515,0.10931800,0.01000000,0
1531212841485,1531212841481,9858516,0.10923600,2.74600000,0
1531212841501,1531212841497,9858517,0.10915500,2.18100000,1
1531212843055,1531212843049,9858518,0.10916100,0.01000000,1
1531212843182,1531212843177,9858519,0.10916100,0.01000000,1
1531212843315,1531212843311,9858520,0.10916200,0.01000000,1
1531212843449,1531212843445,9858521,0.10916200,0.01000000,1
1531212843574,1531212843568,9858522,0.10916200,0.01000000,1
1531212844727,1531212844723,9858523,0.10931700,0.01000000,0
1531212844853,1531212844849,9858524,0.10931700,0.01000000,0
1531212845198,1531212845192,9858525,0.10931700,0.01000000,0
1531212845320,1531212845315,9858526,0.10931700,0.01000000,0
1531212845456,1531212845451,9858527,0.10931700,0.01000000,0
1531212846464,1531212846458,9858528,0.10916300,1.63300000,1
1531212846464,1531212846458,9858529,0.10916200,0.36700000,1
1531212859756,1531212859751,9858530,0.10914500,0.00200000,1
1531212859827,1531212859823,9858531,0.10914500,0.00200000,1
1531212864430,1531212864428,9858532,0.10931100,0.02900000,0
1531212864521,1531212864515,9858533,0.10914700,0.62200000,1
1531212864521,1531212864515,9858534,0.10914500,4.37800000,1
1531212892579,1531212892573,9858535,0.10930400,0.02200000,0
1531212892960,1531212892956,9858536,0.10930400,0.33000000,0
1531212901491,1531212901486,9858537,0.10917700,2.00000000,1
1531212921615,1531212921608,9858538,0.10930300,0.08900000,0
1531212921762,1531212921758,9858539,0.10930400,0.00300000,0
1531212939765,1531212939760,9858540,0.10930100,0.01000000,0
1531212939892,1531212939888,9858541,0.10930100,0.01000000,0
1531212940028,1531212940023,9858542,0.10930100,0.01000000,0
1531212940164,1531212940160,9858543,0.10930100,0.01000000,0
1531212940286,1531212940281,9858544,0.10930100,0.01000000,0
1531212972288,1531212972282,9858545,0.10919100,0.32200000,1
1531212972481,1531212972477,9858546,0.10919100,0.67800000,0
1531212973310,1531212973304,9858547,0.10918900,4.75300000,1
1531212990788,1531212990785,9858548,0.10916500,1.30000000,1
1531212991609,1531212991604,9858549,0.10916500,0.05400000,1
1531212991784,1531212991780,9858550,0.10916300,0.30000000,1
1531212991813,1531212991809,9858551,0.10916300,0.06600000,1
1531212991848,1531212991843,9858552,0.10914700,0.01400000,1
1531212992354,1531212992350,9858553,0.10916400,0.44700000,0
1531213000605,1531213000600,9858554,0.10916300,4.13600000,0
1531213029721,1531213029717,9858555,0.10915900,0.01000000,0
1531213029846,1531213029843,9858556,0.10915900,0.01000000,0
1531213029983,1531213029978,9858557,0.10915900,0.01000000,0
1531213030107,1531213030102,9858558,0.10915900,0.01000000,0
1531213030241,1531213030235,9858559,0.10915900,0.01000000,0
1531213030693,1531213030689,9858560,0.10904300,0.00500000,1
1531213043016,1531213043010,9858561,0.10904300,0.65000000,1
1531213043411,1531213043405,9858562,0.10904300,0.11100000,0
1531213045374,1531213045369,9858563,0.10904300,0.23900000,0
1531213049409,1531213049405,9858564,0.10916400,0.01000000,0
1531213049539,1531213049535,9858565,0.10916400,0.01000000,0
1531213049659,1531213049655,9858566,0.10916400,0.01000000,0
1531213049789,1531213049785,9858567,0.10916400,0.01000000,0
1531213049920,1531213049916,9858568,0.10916400,0.01000000,0
1531213083246,1531213083240,9858569,0.10904500,0.16900000,1
1531213083368,1531213083363,9858570,0.10904500,0.33400000,0
1531213084800,1531213084795,9858571,0.10903700,0.10000000,1
1531213087896,1531213087893,9858572,0.10904000,0.02500000,0
1531213088798,1531213088792,9858573,0.10903700,0.02700000,1
1531213088892,1531213088885,9858574,0.10904000,0.02600000,0
1531213094049,1531213094045,9858575,0.10904000,0.27500000,0
1531213095994,1531213095989,9858576,0.10904000,0.01300000,0
1531213096575,1531213096570,9858577,0.10904000,0.01500000,0
1531213100970,1531213100967,9858578,0.10904000,0.01000000,0
1531213103805,1531213103802,9858579,0.10899800,0.76600000,1
1531213103823,1531213103819,9858580,0.10899700,0.01300000,1
1531213103824,1531213103819,9858581,0.10897900,0.24700000,1
1531213103835,1531213103830,9858582,0.10897800,0.00600000,1
1531213121119,1531213121115,9858583,0.10903400,3.68100000,0
1531213121137,1531213121132,9858584,0.10903400,1.39500000,0
1531213138629,1531213138623,9858585,0.10903800,0.01500000,0
1531213138748,1531213138743,9858586,0.10903800,0.01500000,0
1531213138886,1531213138882,9858587,0.10903700,0.01500000,0
1531213139033,1531213139029,9858588,0.10903700,0.01500000,0
1531213144033,1531213144029,9858589,0.10903700,0.01500000,0
1531213185588,1531213185584,9858590,0.10904000,0.01000000,0
1531213185713,1531213185711,9858591,0.10904000,0.01000000,0
1531213185846,1531213185842,9858592,0.10904000,0.01000000,0
1531213185980,1531213185975,9858593,0.10904000,0.01000000,0
1531213186113,1531213186109,9858594,0.10904000,0.01000000,0
1531213189425,1531213189421,9858595,0.10904300,0.01000000,0
1531213189556,1531213189554,9858596,0.10904300,0.01000000,0
1531213189685,1531213189679,9858597,0.10904300,0.01000000,0
1531213189812,1531213189808,9858598,0.10904300,0.01000000,0
1531213189933,1531213189930,9858599,0.10904300,0.01000000,0
1531213191432,1531213191428,9858600,0.10892800,0.01000000,1
1531213191556,1531213191553,9858601,0.10892800,0.01000000,1
1531213191681,1531213191677,9858602,0.10892800,0.01000000,1
1531213191813,1531213191810,9858603,0.10892800,0.01000000,1
1531213191942,1531213191937,9858604,0.10892800,0.01000000,1
1531213192080,1531213192076,9858605,0.10904200,0.01000000,0
1531213192215,1531213192211,9858606,0.10904200,0.01000000,0
1531213192347,1531213192343,9858607,0.10904200,0.01000000,0
1531213192484,1531213192479,9858608,0.10904200,0.01000000,0
1531213192619,1531213192613,9858609,0.10904200,0.01000000,0
1531213221470,1531213221465,9858610,0.10894600,0.04000000,1
1531213243686,1531213243682,9858611,0.10890300,0.34400000,1
1531213243686,1531213243682,9858612,0.10890100,0.21400000,1
1531213243802,1531213243798,9858613,0.10890000,0.44200000,0
1531213407804,1531213407800,9858614,0.10904600,0.00200000,0
1531213421041,1531213421036,9858615,0.10904500,0.13400000,0
1531213422269,1531213422264,9858616,0.10890500,0.17400000,1
1531213422321,1531213422317,9858617,0.10890400,0.02300000,0
1531213422367,1531213422363,9858618,0.10890400,0.00300000,0
1531213423474,1531213423469,9858619,0.10906300,0.01000000,0
1531213423597,1531213423592,9858620,0.10906300,0.00800000,0
1531213423597,1531213423592,9858621,0.10910800,0.00200000,0
1531213423733,1531213423729,9858622,0.10910800,0.01000000,0
1531213423864,1531213423860,9858623,0.10910800,0.01000000,0
1531213423996,1531213423990,9858624,0.10910800,0.01000000,0
1531213438536,1531213438532,9858625,0.10910800,0.08800000,0
1531213444987,1531213444983,9858626,0.10910300,0.01000000,0
1531213445111,1531213445106,9858627,0.10910300,0.01000000,0
1531213445246,1531213445241,9858628,0.10910300,0.01000000,0
1531213445371,1531213445366,9858629,0.10910300,0.01000000,0
1531213445503,1531213445500,9858630,0.10910300,0.01000000,0
1531213452994,1531213452989,9858631,0.10910000,0.00100000,0
1531213453193,1531213453188,9858632,0.10910000,0.29100000,0
1531213457248,1531213457244,9858633,0.10909800,0.01000000,0
1531213457381,1531213457377,9858634,0.10909800,0.01000000,0
1531213457514,1531213457511,9858635,0.10909800,0.01000000,0
1531213457647,1531213457642,9858636,0.10909800,0.01000000,0
1531213457771,1531213457766,9858637,0.10909800,0.01000000,0
1531213470187,1531213470183,9858638,0.10909600,0.34800000,0
1531213476145,1531213476141,9858639,0.10909500,0.01300000,0
1531213483352,1531213483348,9858640,0.10909300,2.53600000,0
1531213500603,1531213500598,9858641,0.10898300,0.04900000,1
1531213501024,1531213501020,9858642,0.10918000,0.01000000,0
1531213550567,1531213550562,9858643,0.10909700,0.01000000,0
1531213550698,1531213550693,9858644,0.10909700,0.01000000,0
1531213550825,1531213550821,9858645,0.10909700,0.01000000,0
1531213550947,1531213550943,9858646,0.10909700,0.01000000,0
1531213551075,1531213551070,9858647,0.10909700,0.01000000,0
1531213562779,1531213562776,9858648,0.10909000,0.01000000,0
1531213562929,1531213562925,9858649,0.10909000,0.01000000,0
1531213563054,1531213563050,9858650,0.10909000,0.01000000,0
1531213563179,1531213563173,9858651,0.10909000,0.01000000,0
1531213563313,1531213563309,9858652,0.10909000,0.01000000,0
1531213564733,1531213564729,9858653,0.10895200,0.01000000,1
1531213564858,1531213564855,9858654,0.10895200,0.01000000,1
1531213564988,1531213564985,9858655,0.10895200,0.01000000,1
1531213565117,1531213565113,9858656,0.10895200,0.01000000,1
1531213565246,1531213565242,9858657,0.10895200,0.01000000,1
1531213565374,1531213565369,9858658,0.10909000,0.01000000,0
1531213565499,1531213565495,9858659,0.10909000,0.01000000,0
1531213565619,1531213565615,9858660,0.10909000,0.01000000,0
1531213565756,1531213565750,9858661,0.10909000,0.01000000,0
1531213565888,1531213565884,9858662,0.10909000,0.01000000,0
1531213648909,1531213648904,9858663,0.10904900,0.40000000,0
1531213677908,1531213677905,9858664,0.10905100,0.10000000,0
1531213689918,1531213689912,9858665,0.10905000,1.20000000,0
1531213765200,1531213765196,9858666,0.10914500,0.01000000,0
1531213765334,1531213765330,9858667,0.10914500,0.01000000,0
1531213765467,1531213765462,9858668,0.10914500,0.01000000,0
1531213765599,1531213765596,9858669,0.10914500,0.01000000,0
1531213765732,1531213765729,9858670,0.10914500,0.01000000,0
1531213767406,1531213767402,9858671,0.10901100,0.01000000,1
1531213767527,1531213767521,9858672,0.10901100,0.01000000,1
1531213767647,1531213767644,9858673,0.10901100,0.01000000,1
1531213767781,1531213767776,9858674,0.10901100,0.01000000,1
1531213767913,1531213767909,9858675,0.10901100,0.01000000,1
1531213768039,1531213768035,9858676,0.10914400,0.01000000,0
1531213768170,1531213768165,9858677,0.10914400,0.01000000,0
1531213768297,1531213768294,9858678,0.10914400,0.01000000,0
1531213768424,1531213768420,9858679,0.10914400,0.01000000,0
1531213768551,1531213768548,9858680,0.10914400,0.01000000,0
1531213769825,1531213769820,9858681,0.10901100,0.01000000,1
1531213769958,1531213769954,9858682,0.10901100,0.01000000,1
1531213770079,1531213770075,9858683,0.10901100,0.01000000,1
1531213770209,1531213770205,9858684,0.10901100,0.01000000,1
1531213770339,1531213770335,9858685,0.10901100,0.01000000,1
1531213770469,1531213770463,9858686,0.10914300,0.01000000,0
1531213770593,1531213770588,9858687,0.10914300,0.01000000,0
1531213770721,1531213770716,9858688,0.10914300,0.01000000,0
1531213770844,1531213770839,9858689,0.10914300,0.01000000,0
1531213770971,1531213770968,9858690,0.10914300,0.01000000,0
1531213778910,1531213778906,9858691,0.10900900,0.04700000,1
1531213787937,1531213787931,9858692,0.10900500,0.40000000,1
1531213790933,1531213790928,9858693,0.10900300,0.10000000,1
1531213792889,1531213792885,9858694,0.10900700,0.01000000,0
1531213836107,1531213836103,9858695,0.10903400,0.02000000,1
1531213869273,1531213869268,9858696,0.10921700,0.01000000,0
1531213869395,1531213869391,9858697,0.10921700,0.01000000,0
1531213869531,1531213869528,9858698,0.10921700,0.01000000,0
1531213869658,1531213869654,9858699,0.10921700,0.01000000,0
1531213869781,1531213869776,9858700,0.10921700,0.01000000,0
1531213881458,1531213881454,9858701,0.10920700,0.01100000,0
1531213881589,1531213881585,9858702,0.10920600,0.01000000,0
1531213881715,1531213881711,9858703,0.10920600,0.01000000,0
1531213881844,1531213881839,9858704,0.10920600,0.01000000,0
1531213881971,1531213881968,9858705,0.10920600,0.01000000,0
1531213882095,1531213882090,9858706,0.10920600,0.01000000,0
1531213892967,1531213892964,9858707,0.10920600,0.01000000,0
1531213893100,1531213893095,9858708,0.10920600,0.01000000,0
1531213893233,1531213893229,9858709,0.10920600,0.01000000,0
1531213893356,1531213893353,9858710,0.10920600,0.01000000,0
1531213893481,1531213893476,9858711,0.10920600,0.01000000,0
1531213903341,1531213903337,9858712,0.10905600,0.00100000,1
1531213916363,1531213916360,9858713,0.10919500,0.74800000,0
1531213916441,1531213916438,9858714,0.10912800,0.41500000,0
1531213916456,1531213916452,9858715,0.10919700,0.15200000,0
1531213918938,1531213918933,9858716,0.10906200,0.60000000,1
1531213922953,1531213922950,9858717,0.10905100,0.10000000,1
1531213924931,1531213924927,9858718,0.10905400,0.10000000,1
1531213932001,1531213931997,9858719,0.10919100,0.10600000,0
1531213932191,1531213932188,9858720,0.10919800,0.00800000,0
1531213948692,1531213948686,9858721,0.10919700,0.03300000,1
1531213956949,1531213956944,9858722,0.10919700,0.00100000,1
1531213967148,1531213967144,9858723,0.10919700,0.35700000,0
1531213967168,1531213967163,9858724,0.10919700,0.68800000,0
1531213969518,1531213969514,9858725,0.10919200,0.10200000,0
1531213969548,1531213969543,9858726,0.10921000,0.02000000,0
1531213969821,1531213969817,9858727,0.10919200,0.10100000,1
1531213989069,1531213989067,9858728,0.10927100,0.09200000,0
1531213991089,1531213991086,9858729,0.10926700,0.01000000,0
1531213991223,1531213991218,9858730,0.10926700,0.01000000,0
1531213991358,1531213991354,9858731,0.10926700,0.01000000,0
1531213991493,1531213991488,9858732,0.10926700,0.01000000,0
1531213991617,1531213991612,9858733,0.10926600,0.01000000,0
1531213992619,1531213992615,9858734,0.10926600,0.01000000,0
1531213993620,1531213993615,9858735,0.10926500,0.01000000,0
1531213996434,1531213996431,9858736,0.10908000,0.01000000,1
1531213996571,1531213996566,9858737,0.10908000,0.01000000,1
1531213996712,1531213996708,9858738,0.10908000,0.01000000,1
1531213997049,1531213997045,9858739,0.10908100,0.01000000,1
1531213997180,1531213997176,9858740,0.10908100,0.01000000,1
1531213997311,1531213997307,9858741,0.10926000,0.01000000,0
1531213997341,1531213997337,9858742,0.10926000,0.04000000,0
1531213997341,1531213997337,9858743,0.10926800,0.16700000,0
1531213997432,1531213997428,9858744,0.10926800,0.01000000,0
1531213997568,1531213997563,9858745,0.10926800,0.01000000,0
1531213997628,1531213997625,9858746,0.10926800,0.02000000,0
1531213997649,1531213997645,9858747,0.10926800,0.01300000,0
1531213997649,1531213997645,9858748,0.10926900,0.00700000,0
1531213997670,1531213997666,9858749,0.10926900,0.02000000,0
1531213997684,1531213997678,9858750,0.10926900,0.02000000,0
1531213997699,1531213997695,9858751,0.10926900,0.01000000,0
1531213997710,1531213997706,9858752,0.10926900,0.02000000,0
1531213997724,1531213997719,9858753,0.10926900,0.02000000,0
1531213997751,1531213997746,9858754,0.10926900,0.02000000,0
1531213997775,1531213997771,9858755,0.10926900,0.02000000,0
1531213997802,1531213997797,9858756,0.10926900,0.04700000,0
1531213997826,1531213997823,9858757,0.10926900,0.01000000,0
1531213998624,1531213998619,9858758,0.10926800,0.03300000,0
1531213999230,1531213999225,9858759,0.10908300,0.01000000,1
1531213999356,1531213999352,9858760,0.10908300,0.01000000,1
1531213999706,1531213999701,9858761,0.10908300,0.01000000,1
1531213999841,1531213999835,9858762,0.10908300,0.01000000,1
1531213999965,1531213999961,9858763,0.10908400,0.01000000,1
1531214000099,1531214000095,9858764,0.10926800,0.01000000,0
1531214000233,1531214000229,9858765,0.10926800,0.01000000,0
1531214000357,1531214000353,9858766,0.10926800,0.01000000,0
1531214000481,1531214000477,9858767,0.10926800,0.01000000,0
1531214000606,1531214000602,9858768,0.10926800,0.01000000,0
1531214009236,1531214009232,9858769,0.10926000,0.09200000,0
1531214011582,1531214011577,9858770,0.10925900,0.01000000,0
1531214011582,1531214011577,9858771,0.10926000,0.46600000,0
1531214011582,1531214011577,9858772,0.10926900,0.40600000,0
1531214021486,1531214021482,9858773,0.10919000,0.03300000,1
1531214022093,1531214022090,9858774,0.10919000,0.00100000,1
1531214022093,1531214022090,9858775,0.10909800,0.00700000,1
1531214024940,1531214024937,9858776,0.10928000,0.09200000,0
1531214033462,1531214033459,9858777,0.10926300,0.06300000,0
1531214038629,1531214038626,9858778,0.10925900,0.00400000,0
1531214053623,1531214053619,9858779,0.10919000,0.02000000,1
1531214053966,1531214053961,9858780,0.10919000,0.00100000,1
1531214060941,1531214060936,9858781,0.10926300,0.01000000,0
1531214061294,1531214061288,9858782,0.10926300,0.01000000,0
1531214061444,1531214061415,9858783,0.10926300,0.01000000,0
1531214061549,1531214061543,9858784,0.10926300,0.01000000,0
1531214061675,1531214061671,9858785,0.10926300,0.01000000,0
1531214063065,1531214063060,9858786,0.10908800,0.01000000,1
1531214063214,1531214063210,9858787,0.10908800,0.01000000,1
1531214063346,1531214063343,9858788,0.10908800,0.01000000,1
1531214063475,1531214063470,9858789,0.10908800,0.01000000,1
1531214063602,1531214063597,9858790,0.10908800,0.01000000,1
1531214063729,1531214063725,9858791,0.10926100,0.01000000,0
1531214063860,1531214063857,9858792,0.10926100,0.01000000,0
1531214063985,1531214063980,9858793,0.10926100,0.01000000,0
1531214064109,1531214064105,9858794,0.10926100,0.01000000,0
1531214064243,1531214064238,9858795,0.10926100,0.01000000,0
1531214066159,1531214066154,9858796,0.10907700,0.01000000,1
1531214066291,1531214066287,9858797,0.10907700,0.01000000,1
1531214066419,1531214066415,9858798,0.10907700,0.01000000,1
1531214066547,1531214066543,9858799,0.10907700,0.01000000,1
1531214066673,1531214066668,9858800,0.10907700,0.01000000,1
1531214066800,1531214066797,9858801,0.10926000,0.01000000,0
1531214066932,1531214066929,9858802,0.10926000,0.01000000,0
1531214067065,1531214067060,9858803,0.10926000,0.01000000,0
1531214067199,1531214067193,9858804,0.10926200,0.01000000,0
1531214067324,1531214067320,9858805,0.10926200,0.01000000,0
1531214069217,1531214069213,9858806,0.10908200,0.00300000,1
1531214093839,1531214093836,9858807,0.10908600,0.31500000,0
1531214093903,1531214093897,9858808,0.10908600,0.00300000,0
1531214100038,1531214100034,9858809,0.10910100,0.09600000,1
1531214100179,1531214100174,9858810,0.10909800,0.33400000,0
1531214100337,1531214100331,9858811,0.10909800,0.30900000,0
1531214100447,1531214100441,9858812,0.10909800,0.25100000,0
1531214100447,1531214100441,9858813,0.10927600,0.10300000,0
1531214100447,1531214100441,9858814,0.10928000,0.08400000,0
1531214100447,1531214100441,9858815,0.10929500,0.12200000,0
1531214101768,1531214101763,9858816,0.10927500,0.01000000,0
1531214112932,1531214112929,9858817,0.10927500,0.01000000,0
1531214113061,1531214113057,9858818,0.10927500,0.01000000,0
1531214113194,1531214113191,9858819,0.10927500,0.01000000,0
1531214113315,1531214113311,9858820,0.10927500,0.01000000,0
1531214113450,1531214113445,9858821,0.10927500,0.01000000,0
1531214115355,1531214115352,9858822,0.10909900,0.01000000,1
1531214115476,1531214115472,9858823,0.10909900,0.01000000,1
1531214115611,1531214115607,9858824,0.10909900,0.01000000,1
1531214115735,1531214115732,9858825,0.10909900,0.01000000,1
1531214115866,1531214115863,9858826,0.10910000,0.01000000,1
1531214116002,1531214115997,9858827,0.10927500,0.01000000,0
1531214116352,1531214116348,9858828,0.10927500,0.01000000,0
1531214116689,1531214116686,9858829,0.10927400,0.01000000,0
1531214117024,1531214117020,9858830,0.10927300,0.01000000,0
1531214117159,1531214117153,9858831,0.10927300,0.01000000,0
1531214117778,1531214117774,9858832,0.10927200,0.01400000,0
1531214119683,1531214119677,9858833,0.10910300,0.01000000,1
1531214119804,1531214119799,9858834,0.10910300,0.00300000,1
1531214119804,1531214119799,9858835,0.10910200,0.00700000,1
1531214119939,1531214119935,9858836,0.10909800,0.01000000,1
1531214120073,1531214120069,9858837,0.10909800,0.01000000,1
1531214120205,1531214120200,9858838,0.10909800,0.01000000,1
1531214120332,1531214120327,9858839,0.10926800,0.01000000,0
1531214120462,1531214120454,9858840,0.10926800,0.01000000,0
1531214120589,1531214120583,9858841,0.10926800,0.01000000,0
1531214120709,1531214120705,9858842,0.10927000,0.01000000,0
1531214120835,1531214120829,9858843,0.10927000,0.01000000,0
1531214124475,1531214124471,9858844,0.10910500,0.00100000,1
1531214138771,1531214138767,9858845,0.10926900,0.00400000,0
1531214151904,1531214151898,9858846,0.10926900,0.01300000,1
1531214158364,1531214158361,9858847,0.10926100,0.03600000,0
1531214180387,1531214180382,9858848,0.10911900,0.01600000,1
1531214185152,1531214185148,9858849,0.10926500,0.01000000,0
1531214185285,1531214185280,9858850,0.10926500,0.01000000,0
1531214185419,1531214185414,9858851,0.10926500,0.01000000,0
1531214185542,1531214185538,9858852,0.10926500,0.01000000,0
1531214185679,1531214185675,9858853,0.10926500,0.01000000,0
1531214191867,1531214191864,9858854,0.10911900,0.01000000,1
1531214192228,1531214192224,9858855,0.10911900,0.01000000,1
1531214192362,1531214192359,9858856,0.10911900,0.01000000,1
1531214192498,1531214192493,9858857,0.10911900,0.01000000,1
1531214192622,1531214192617,9858858,0.10926000,0.01000000,0
1531214192747,1531214192744,9858859,0.10926000,0.01000000,0
1531214192871,1531214192867,9858860,0.10926000,0.01000000,0
1531214193131,1531214193127,9858861,0.10926000,0.01000000,0
1531214196820,1531214196816,9858862,0.10911900,0.01000000,1
1531214196945,1531214196941,9858863,0.10911900,0.01000000,1
1531214197079,1531214197077,9858864,0.10911900,0.01000000,1
1531214197217,1531214197213,9858865,0.10911900,0.01000000,1
1531214197352,1531214197349,9858866,0.10911900,0.01000000,1
1531214197483,1531214197477,9858867,0.10925800,0.01000000,0
1531214197604,1531214197601,9858868,0.10925800,0.01000000,0
1531214197725,1531214197720,9858869,0.10925800,0.01000000,0
1531214197846,1531214197841,9858870,0.10925800,0.01000000,0
1531214197972,1531214197968,9858871,0.10925800,0.01000000,0
1531214211919,1531214211914,9858872,0.10925300,0.05000000,0
1531214227845,1531214227840,9858873,0.10913200,0.00200000,1
1531214230696,1531214230692,9858874,0.10926500,0.03800000,0
1531214230696,1531214230692,9858875,0.10926600,0.00200000,0
1531214230707,1531214230703,9858876,0.10926600,0.03800000,0
1531214230724,1531214230721,9858877,0.10929000,0.01900000,0
1531214230725,1531214230721,9858878,0.10930200,0.10100000,0
1531214230728,1531214230725,9858879,0.10930400,0.03600000,0
1531214230748,1531214230744,9858880,0.10930400,0.29300000,0
1531214230961,1531214230957,9858881,0.10930400,1.30000000,0
1531214233227,1531214233221,9858882,0.10930400,0.10000000,0
1531214243959,1531214243955,9858883,0.10930400,0.27100000,0
1531214244961,1531214244956,9858884,0.10930500,0.01100000,0
1531214245962,1531214245957,9858885,0.10932300,0.01300000,0
1531214253164,1531214253159,9858886,0.10935500,8.73800000,0
1531214253174,1531214253170,9858887,0.10946800,4.05100000,0
1531214267777,1531214267774,9858888,0.10937000,6.01300000,0
1531214267797,1531214267793,9858889,0.10946900,2.01600000,0
1531214268495,1531214268492,9858890,0.10947000,0.06000000,0
1531214268495,1531214268492,9858891,0.10947200,1.31700000,0
1531214270779,1531214270775,9858892,0.10957100,0.06000000,0
1531214270779,1531214270775,9858893,0.10963400,0.44900000,0
1531214270810,1531214270805,9858894,0.10963400,0.18900000,1
1531214275384,1531214275381,9858895,0.10963300,0.01000000,0
1531214275516,1531214275511,9858896,0.10963300,0.01000000,0
1531214275645,1531214275640,9858897,0.10963300,0.01000000,0
1531214275678,1531214275674,9858898,0.10963300,0.02000000,0
1531214275769,1531214275763,9858899,0.10963300,0.01000000,0
1531214275890,1531214275885,9858900,0.10963300,0.01000000,0
1531214276674,1531214276670,9858901,0.10963300,0.02000000,0
1531214276685,1531214276680,9858902,0.10963300,0.01000000,0
1531214276685,1531214276680,9858903,0.10963400,0.02000000,0
1531214277343,1531214277340,9858904,0.10932900,0.01000000,1
1531214277466,1531214277462,9858905,0.10932900,0.01000000,1
1531214277601,1531214277597,9858906,0.10932900,0.01000000,1
1531214277667,1531214277663,9858907,0.10963100,0.03000000,0
1531214277727,1531214277723,9858908,0.10933100,0.01000000,1
1531214277854,1531214277850,9858909,0.10933100,0.01000000,1
1531214277976,1531214277971,9858910,0.10963100,0.01000000,0
1531214278105,1531214278101,9858911,0.10963100,0.01000000,0
1531214278446,1531214278442,9858912,0.10963100,0.01000000,0
1531214278479,1531214278476,9858913,0.10932900,0.01200000,1
1531214278542,1531214278538,9858914,0.10933000,0.00100000,1
1531214278575,1531214278569,9858915,0.10963100,0.01000000,0
1531214278709,1531214278706,9858916,0.10963000,0.01000000,0
1531214278872,1531214278867,9858917,0.10963000,0.00900000,0
1531214279679,1531214279675,9858918,0.10963000,0.01900000,0
1531214280673,1531214280669,9858919,0.10963000,0.01900000,0
1531214281674,1531214281671,9858920,0.10963000,0.01900000,0
1531214281946,1531214281941,9858921,0.10937000,0.00100000,1
1531214282684,1531214282680,9858922,0.10963000,0.01900000,0
1531214282809,1531214282805,9858923,0.10937400,0.01000000,1
1531214282934,1531214282931,9858924,0.10937400,0.01000000,1
1531214283071,1531214283065,9858925,0.10937400,0.01000000,1
1531214283199,1531214283195,9858926,0.10937400,0.01000000,1
1531214283335,1531214283329,9858927,0.10937400,0.01000000,1
1531214283461,1531214283455,9858928,0.10963000,0.01000000,0
1531214283592,1531214283588,9858929,0.10963000,0.01000000,0
1531214283697,1531214283693,9858930,0.10963000,0.02400000,0
1531214283723,1531214283718,9858931,0.10963000,0.01000000,0
1531214283860,1531214283855,9858932,0.10963000,0.01000000,0
1531214284208,1531214284204,9858933,0.10963000,0.01000000,0
1531214307170,1531214307165,9858934,0.10946700,0.04900000,1
1531214308282,1531214308276,9858935,0.10946800,0.71900000,1
1531214308282,1531214308276,9858936,0.10946700,0.06200000,1
1531214325061,1531214325057,9858937,0.10948900,0.09300000,1
1531214341160,1531214341157,9858938,0.10950300,0.03600000,1
1531214350472,1531214350469,9858939,0.10950200,0.02300000,1
1531214354911,1531214354906,9858940,0.10950300,0.47500000,1
1531214354911,1531214354906,9858941,0.10950100,3.09600000,1
1531214357053,1531214357049,9858942,0.10950000,0.07900000,1
1531214361286,1531214361281,9858943,0.10950300,0.02800000,0
1531214363964,1531214363959,9858944,0.10950100,0.03900000,1
1531214364235,1531214364230,9858945,0.10950300,0.00800000,0
1531214364235,1531214364230,9858946,0.10959900,0.00200000,0
1531214397107,1531214397104,9858947,0.10953900,0.09000000,0
1531214400669,1531214400665,9858948,0.10949800,0.11800000,0
1531214410281,1531214410276,9858949,0.10943100,0.18300000,1
1531214410798,1531214410791,9858950,0.10943100,0.00900000,1
1531214428839,1531214428834,9858951,0.10945100,0.03600000,1
1531214428971,1531214428968,9858952,0.10945100,4.90000000,1
1531214430615,1531214430610,9858953,0.10945100,1.07600000,1
1531214430615,1531214430610,9858954,0.10941800,0.65000000,1
1531214430615,1531214430610,9858955,0.10941700,1.07000000,1
1531214432691,1531214432685,9858956,0.10945700,1.05800000,0
1531214432704,1531214432700,9858957,0.10949700,0.57300000,0
1531214433956,1531214433950,9858958,0.10941900,1.66200000,1
1531214434312,1531214434307,9858959,0.10953700,1.11500000,0
1531214434440,1531214434436,9858960,0.10953700,1.11500000,0
1531214434617,1531214434613,9858961,0.10953700,0.49900000,0
1531214435338,1531214435334,9858962,0.10953700,0.01000000,0
1531214435472,1531214435468,9858963,0.10953700,0.01000000,0
1531214435606,1531214435603,9858964,0.10953700,0.01000000,0
1531214435933,1531214435929,9858965,0.10953700,0.01000000,0
1531214436284,1531214436279,9858966,0.10953700,0.01000000,0
1531214436337,1531214436333,9858967,0.10953700,0.04000000,0
1531214436481,1531214436477,9858968,0.10953900,0.03800000,0
1531214442950,1531214442946,9858969,0.10960400,0.25000000,0
1531214442974,1531214442969,9858970,0.10960400,0.05000000,0
1531214443706,1531214443702,9858971,0.10960900,0.02000000,0
1531214443717,1531214443713,9858972,0.10960900,0.02000000,0
1531214443718,1531214443715,9858973,0.10960400,0.01000000,1
1531214443741,1531214443738,9858974,0.10960900,0.02000000,0
1531214443774,1531214443770,9858975,0.10960900,0.02000000,0
1531214443778,1531214443774,9858976,0.10960900,0.02000000,0
1531214443805,1531214443802,9858977,0.10960900,0.02000000,0
1531214443832,1531214443827,9858978,0.10960900,0.02000000,0
1531214443837,1531214443831,9858979,0.10960900,0.02000000,0
1531214443863,1531214443859,9858980,0.10960900,0.14000000,0
1531214443956,1531214443952,9858981,0.10960400,0.24000000,1
1531214444390,1531214444387,9858982,0.10939200,0.01400000,1
1531214446913,1531214446909,9858983,0.10960000,0.01000000,0
1531214447694,1531214447688,9858984,0.10959900,0.01000000,0
1531214456221,1531214456216,9858985,0.10959400,0.05000000,0
1531214456221,1531214456216,9858986,0.10959500,0.09300000,0
1531214456221,1531214456216,9858987,0.10959700,0.19100000,0
1531214456354,1531214456351,9858988,0.10940100,1.68000000,1
1531214456619,1531214456615,9858989,0.10959700,0.11900000,0
1531214456702,1531214456697,9858990,0.10959700,0.02000000,0
1531214456738,1531214456734,9858991,0.10959700,0.03000000,0
1531214458464,1531214458460,9858992,0.10959600,0.16600000,0
1531214458970,1531214458966,9858993,0.10959400,0.75500000,0
1531214460283,1531214460279,9858994,0.10959600,0.00200000,0
1531214460284,1531214460279,9858995,0.10961300,0.00800000,0
1531214460419,1531214460414,9858996,0.10961300,0.01000000,0
1531214460509,1531214460507,9858997,0.10961300,0.06800000,0
1531214460545,1531214460541,9858998,0.10961300,0.01000000,0
1531214460681,1531214460677,9858999,0.10961300,0.01000000,0
1531214460816,1531214460811,9859000,0.10961300,0.01000000,0
1531214460961,1531214460957,9859001,0.10959600,0.02100000,1
1531214469640,1531214469637,9859002,0.10942400,0.00900000,1
1531214473650,1531214473645,9859003,0.10961100,0.13700000,0
1531214475443,1531214475438,9859004,0.10961300,0.01600000,0
1531214475443,1531214475438,9859005,0.10962700,0.05000000,0
1531214475443,1531214475438,9859006,0.10963000,0.48100000,0
1531214475443,1531214475438,9859007,0.10963400,0.10300000,0
1531214475443,1531214475438,9859008,0.10965200,0.01300000,0
1531214475443,1531214475438,9859009,0.10966600,0.13700000,0
1531214477452,1531214477447,9859010,0.10943200,0.00900000,1
1531214477987,1531214477981,9859011,0.10961000,0.04400000,0
1531214478322,1531214478319,9859012,0.10943500,0.00900000,1
1531214478916,1531214478913,9859013,0.10966400,0.13700000,0
1531214478926,1531214478923,9859014,0.10966400,0.08600000,0
1531214478995,1531214478990,9859015,0.10966400,0.36200000,0
1531214479318,1531214479314,9859016,0.10943700,0.00900000,1
1531214479744,1531214479740,9859017,0.10966400,0.02000000,0
1531214479754,1531214479749,9859018,0.10966400,0.02000000,0
1531214479766,1531214479762,9859019,0.10966400,0.02000000,0
1531214479784,1531214479781,9859020,0.10966400,0.02000000,0
1531214479805,1531214479802,9859021,0.10966400,0.00300000,0
1531214479805,1531214479802,9859022,0.10966500,0.01700000,0
1531214479826,1531214479821,9859023,0.10966500,0.02000000,0
1531214479849,1531214479845,9859024,0.10966500,0.02000000,0
1531214479876,1531214479872,9859025,0.10966500,0.02000000,0
1531214479899,1531214479894,9859026,0.10966500,0.05600000,0
1531214479899,1531214479894,9859027,0.10966600,0.20100000,0
1531214479964,1531214479960,9859028,0.10966600,0.06500000,0
1531214480733,1531214480729,9859029,0.10974200,0.01500000,0
1531214480733,1531214480729,9859030,0.10982000,0.00500000,0
1531214480745,1531214480741,9859031,0.10982000,0.00500000,0
1531214480745,1531214480741,9859032,0.10982600,0.01100000,0
1531214480745,1531214480741,9859033,0.10984000,0.00400000,0
1531214480764,1531214480760,9859034,0.10984000,0.02000000,0
1531214480779,1531214480775,9859035,0.10984000,0.02300000,0
1531214482733,1531214482729,9859036,0.10944900,0.49900000,1
1531214482733,1531214482729,9859037,0.10944700,0.00100000,1
1531214497779,1531214497775,9859038,0.10947900,0.41000000,1
1531214502212,1531214502207,9859039,0.10965900,0.28200000,0
1531214510378,1531214510374,9859040,0.10949100,0.00500000,1
1531214519217,1531214519214,9859041,0.10961200,0.16600000,0
1531214522299,1531214522294,9859042,0.10961800,0.01000000,0
1531214522433,1531214522429,9859043,0.10961800,0.01000000,0
1531214522559,1531214522555,9859044,0.10961800,0.01000000,0
1531214522689,1531214522684,9859045,0.10961800,0.01000000,0
1531214522825,1531214522820,9859046,0.10961800,0.01000000,0
1531214524394,1531214524389,9859047,0.10961500,0.20300000,1
1531214524973,1531214524968,9859048,0.10961500,0.00100000,1
1531214525822,1531214525817,9859049,0.10961600,0.01000000,0
1531214525957,1531214525954,9859050,0.10961600,0.01000000,0
1531214526081,1531214526077,9859051,0.10961600,0.01000000,0
1531214526215,1531214526212,9859052,0.10961600,0.01000000,0
1531214526340,1531214526336,9859053,0.10961600,0.01000000,0
1531214529150,1531214529147,9859054,0.10961800,0.01000000,0
1531214529276,1531214529270,9859055,0.10961800,0.01000000,0
1531214529406,1531214529402,9859056,0.10961800,0.01000000,0
1531214529531,1531214529528,9859057,0.10961800,0.01000000,0
1531214529657,1531214529653,9859058,0.10961800,0.01000000,0
1531214535048,1531214535044,9859059,0.10951000,0.39400000,1
1531214535048,1531214535044,9859060,0.10950800,0.16800000,1
1531214535048,1531214535044,9859061,0.10950200,1.43800000,1
1531214541406,1531214541402,9859062,0.10948400,0.45700000,1
1531214544015,1531214544012,9859063,0.10960800,0.01300000,0
1531214561866,1531214561862,9859064,0.10969500,0.53800000,0
1531214561866,1531214561862,9859065,0.10969600,0.16800000,0
1531214561866,1531214561862,9859066,0.10969700,0.69500000,0
1531214561866,1531214561862,9859067,0.10969900,1.49900000,0
1531214562805,1531214562801,9859068,0.10970200,0.02000000,0
1531214562820,1531214562816,9859069,0.10970200,0.02000000,0
1531214562848,1531214562845,9859070,0.10970200,0.02000000,0
1531214562862,1531214562859,9859071,0.10970200,0.02000000,0
1531214562893,1531214562890,9859072,0.10970200,0.02000000,0
1531214562911,1531214562905,9859073,0.10970200,0.02000000,0
1531214562929,1531214562926,9859074,0.10970200,0.02000000,0
1531214562954,1531214562951,9859075,0.10970200,0.02000000,0
1531214562981,1531214562976,9859076,0.10970200,0.00900000,0
1531214562981,1531214562976,9859077,0.10970300,0.33100000,0
1531214568421,1531214568418,9859078,0.10970000,0.09100000,0
1531214568819,1531214568813,9859079,0.10970000,0.02000000,0
1531214568833,1531214568828,9859080,0.10970000,0.02000000,0
1531214568855,1531214568850,9859081,0.10970000,0.02000000,0
1531214568868,1531214568864,9859082,0.10970000,0.03100000,0
1531214569810,1531214569806,9859083,0.10970000,0.01000000,0
1531214571540,1531214571535,9859084,0.10969700,0.65000000,0
1531214571540,1531214571535,9859085,0.10969800,7.00000000,0
1531214571540,1531214571535,9859086,0.10970000,1.33800000,0
1531214571540,1531214571535,9859087,0.10970100,9.23900000,0
1531214579172,1531214579168,9859088,0.10945000,0.01000000,1
1531214580778,1531214580773,9859089,0.10972500,0.02100000,0
1531214580831,1531214580826,9859090,0.10972500,0.02000000,0
1531214581829,1531214581826,9859091,0.10972500,0.02000000,0
1531214582845,1531214582841,9859092,0.10972500,0.02000000,0
1531214583839,1531214583835,9859093,0.10972500,0.02000000,0
1531214584852,1531214584847,9859094,0.10972500,0.02000000,0
1531214585853,1531214585848,9859095,0.10972500,0.02000000,0
1531214586844,1531214586839,9859096,0.10972500,0.02000000,0
1531214587851,1531214587847,9859097,0.10972500,0.02000000,0
1531214588840,1531214588837,9859098,0.10972500,0.02000000,0
1531214589840,1531214589835,9859099,0.10972400,0.02000000,0
1531214592637,1531214592632,9859100,0.10949600,0.00700000,1
1531214597465,1531214597460,9859101,0.10950600,0.04400000,1
1531214597465,1531214597460,9859102,0.10950500,0.27600000,1
1531214601551,1531214601547,9859103,0.10950800,0.04900000,1
1531214601551,1531214601547,9859104,0.10950300,0.95100000,1
1531214603848,1531214603843,9859105,0.10972100,0.01000000,0
1531214603972,1531214603969,9859106,0.10972100,0.01000000,0
1531214604111,1531214604107,9859107,0.10972100,0.01000000,0
1531214604450,1531214604446,9859108,0.10972100,0.01000000,0
1531214605585,1531214605580,9859109,0.10972000,0.01000000,0
1531214607480,1531214607477,9859110,0.10951700,0.22100000,1
1531214620849,1531214620845,9859111,0.10953000,0.00900000,1
1531214621768,1531214621765,9859112,0.10953000,0.00900000,1
1531214628274,1531214628270,9859113,0.10968400,0.01000000,0
1531214628400,1531214628396,9859114,0.10968400,0.01000000,0
1531214628532,1531214628529,9859115,0.10968400,0.01000000,0
1531214628666,1531214628662,9859116,0.10968300,0.01000000,0
1531214628790,1531214628786,9859117,0.10968300,0.01000000,0
1531214647875,1531214647869,9859118,0.10954900,0.09100000,1
1531214650037,1531214650034,9859119,0.10972800,0.01000000,0
1531214650164,1531214650159,9859120,0.10972800,0.01000000,0
1531214650298,1531214650294,9859121,0.10972800,0.01000000,0
1531214650422,1531214650419,9859122,0.10972800,0.01000000,0
1531214650555,1531214650550,9859123,0.10972700,0.01000000,0
1531214653381,1531214653377,9859124,0.10955200,0.11300000,1
1531214654893,1531214654889,9859125,0.10955300,0.00900000,1
1531214663740,1531214663731,9859126,0.10956000,0.31900000,1
1531214663740,1531214663731,9859127,0.10955900,0.18100000,1
1531214666617,1531214666614,9859128,0.10956100,0.23300000,1
1531214666617,1531214666614,9859129,0.10955900,0.26700000,1
1531214668498,1531214668493,9859130,0.10951800,0.15500000,1
1531214668498,1531214668493,9859131,0.10951700,0.53000000,1
1531214669499,1531214669495,9859132,0.10951700,0.15500000,1
1531214673366,1531214673362,9859133,0.10939800,0.00900000,1
1531214675080,1531214675077,9859134,0.10939700,0.00900000,1
1531214691380,1531214691375,9859135,0.10939700,0.25000000,1
1531214699686,1531214699682,9859136,0.10940000,0.01600000,1
1531214704216,1531214704212,9859137,0.10940100,0.06400000,1
1531214704216,1531214704212,9859138,0.10940000,0.93600000,1
1531214724224,1531214724219,9859139,0.10940500,1.34800000,1
1531214724715,1531214724711,9859140,0.10940500,0.00900000,1
1531214727689,1531214727684,9859141,0.10940500,1.00000000,1
1531214728454,1531214728450,9859142,0.10940500,0.01000000,1
1531214728585,1531214728580,9859143,0.10940500,0.01000000,1
1531214728708,1531214728703,9859144,0.10940500,0.01000000,1
1531214728845,1531214728839,9859145,0.10940500,0.01000000,1
1531214729232,1531214729228,9859146,0.10958000,0.01000000,0
1531214729354,1531214729350,9859147,0.10958000,0.01000000,0
1531214729480,1531214729477,9859148,0.10958000,0.01000000,0
1531214729614,1531214729610,9859149,0.10958000,0.01000000,0
1531214729746,1531214729742,9859150,0.10958000,0.01000000,0
1531214730978,1531214730973,9859151,0.10956200,0.42700000,0
1531214730978,1531214730973,9859152,0.10956400,0.12200000,0
1531214731009,1531214731004,9859153,0.10957900,0.06100000,0
1531214731512,1531214731506,9859154,0.10940600,0.00300000,1
1531214744370,1531214744367,9859155,0.10969900,0.01000000,0
1531214744495,1531214744491,9859156,0.10969900,0.01000000,0
1531214744619,1531214744615,9859157,0.10969900,0.01000000,0
1531214744743,1531214744739,9859158,0.10969900,0.01000000,0
1531214744867,1531214744863,9859159,0.10969900,0.01000000,0
1531214755226,1531214755221,9859160,0.10969700,0.40700000,0
1531214758462,1531214758458,9859161,0.10968900,0.01000000,0
1531214758598,1531214758595,9859162,0.10968900,0.01000000,0
1531214758736,1531214758731,9859163,0.10968900,0.01000000,0
1531214758873,1531214758869,9859164,0.10968900,0.01000000,0
1531214758998,1531214758995,9859165,0.10968900,0.01000000,0
1531214780889,1531214780886,9859166,0.10972600,0.04900000,0
1531214786451,1531214786448,9859167,0.10972100,0.03200000,0
1531214802008,1531214802003,9859168,0.10970400,0.10000000,0
1531214821696,1531214821693,9859169,0.10955900,0.02900000,1
1531214821990,1531214821985,9859170,0.10955900,0.12100000,1
1531214846573,1531214846569,9859171,0.10956100,0.06700000,1
1531214855817,1531214855813,9859172,0.10956200,0.02600000,1
1531214858358,1531214858353,9859173,0.10956300,0.11400000,1
1531214861438,1531214861435,9859174,0.10969200,0.01000000,0
1531214861572,1531214861567,9859175,0.10969200,0.01000000,0
1531214861706,1531214861701,9859176,0.10969200,0.01000000,0
1531214861831,1531214861828,9859177,0.10969200,0.01000000,0
1531214861965,1531214861959,9859178,0.10969200,0.01000000,0
1531214874406,1531214874403,9859179,0.10968000,0.01000000,0
1531214874531,1531214874528,9859180,0.10968000,0.01000000,0
1531214874665,1531214874661,9859181,0.10968000,0.01000000,0
1531214874800,1531214874796,9859182,0.10968000,0.01000000,0
1531214874934,1531214874930,9859183,0.10968000,0.01000000,0
1531214884014,1531214884011,9859184,0.10968500,0.10000000,0
1531214884120,1531214884117,9859185,0.10968500,0.06800000,0
1531214884350,1531214884346,9859186,0.10968300,0.50300000,0
1531214884363,1531214884358,9859187,0.10968300,0.05600000,0
1531214888004,1531214888000,9859188,0.10968300,0.40000000,0
1531214892493,1531214892489,9859189,0.10968300,0.01100000,0
1531214899773,1531214899769,9859190,0.10968300,0.00600000,0
1531214899801,1531214899797,9859191,0.10969400,0.02200000,0
1531214899841,1531214899838,9859192,0.10970000,0.72300000,0
1531214899870,1531214899865,9859193,0.10970000,1.23900000,0
1531214899893,1531214899890,9859194,0.10970000,1.11400000,0
1531214899928,1531214899925,9859195,0.10970000,0.50800000,0
1531214900142,1531214900138,9859196,0.10970000,0.01000000,0
1531214900265,1531214900261,9859197,0.10970000,0.01000000,0
1531214900392,1531214900388,9859198,0.10970000,0.01000000,0
1531214900522,1531214900519,9859199,0.10970000,0.01000000,0
1531214900648,1531214900642,9859200,0.10970000,0.01000000,0
1531214901020,1531214901016,9859201,0.10970000,2.20000000,0
1531214901107,1531214901102,9859202,0.10972400,0.03100000,0
1531214902038,1531214902035,9859203,0.10969400,0.01000000,1
1531214902098,1531214902094,9859204,0.10969400,0.01800000,1
1531214906936,1531214906933,9859205,0.10958500,0.64800000,1
1531214906937,1531214906933,9859206,0.10958300,0.13400000,1
1531214916017,1531214916013,9859207,0.10972800,0.10000000,0
1531214921017,1531214921013,9859208,0.10972800,0.03100000,0
1531214924219,1531214924213,9859209,0.10972900,0.01700000,0
1531214924219,1531214924213,9859210,0.10980800,0.00600000,0
1531214926092,1531214926089,9859211,0.10980600,0.00200000,0
1531214926235,1531214926230,9859212,0.10980600,0.00200000,0
1531214926269,1531214926265,9859213,0.10980600,0.00200000,0
1531214926305,1531214926301,9859214,0.10980600,0.00200000,0
1531214926481,1531214926477,9859215,0.10980600,0.00200000,0
1531214929006,1531214929002,9859216,0.10979700,0.60000000,0
1531214933022,1531214933018,9859217,0.10980700,0.20000000,0
1531214935657,1531214935653,9859218,0.10980800,0.08400000,0
1531214939156,1531214939153,9859219,0.10987000,0.00200000,0
1531214939197,1531214939193,9859220,0.10987000,0.00200000,0
1531214939961,1531214939955,9859221,0.10987000,0.09400000,0
1531214939961,1531214939955,9859222,0.10987200,0.91600000,0
1531214941019,1531214941015,9859223,0.10987200,1.20000000,0
1531214941046,1531214941042,9859224,0.10987200,4.80900000,0
1531214941982,1531214941977,9859225,0.10974200,0.01800000,1
1531214944368,1531214944363,9859226,0.10997500,0.00200000,0
1531214944409,1531214944405,9859227,0.10997500,0.00200000,0
1531214944587,1531214944583,9859228,0.10997500,0.00200000,0
1531214953250,1531214953247,9859229,0.10997400,3.26200000,0
1531214953263,1531214953260,9859230,0.10997400,1.94100000,0
1531214958404,1531214958400,9859231,0.10997500,0.02400000,0
1531214958404,1531214958400,9859232,0.10998200,0.00100000,0
1531214959010,1531214959007,9859233,0.10998200,0.01200000,0
1531214964017,1531214964012,9859234,0.10999300,0.01000000,0
1531214964017,1531214964012,9859235,0.10999500,0.31500000,0
1531214965893,1531214965889,9859236,0.10977900,0.24000000,1
1531214967532,1531214967527,9859237,0.10979200,0.69800000,1
1531214967532,1531214967527,9859238,0.10979100,0.00200000,1
1531214982954,1531214982950,9859239,0.10983800,0.00200000,1
1531214987797,1531214987793,9859240,0.10983800,0.26000000,1
1531215002936,1531215002932,9859241,0.10985000,0.00100000,1
1531215003686,1531215003682,9859242,0.10999400,0.01000000,0
1531215004791,1531215004786,9859243,0.10985100,0.01000000,1
1531215022481,1531215022477,9859244,0.10999400,0.09000000,0
1531215024621,1531215024618,9859245,0.10985900,0.02300000,1
1531215026467,1531215026463,9859246,0.10999400,0.06900000,0
1531215027723,1531215027718,9859247,0.10986400,0.01800000,1
1531215050974,1531215050970,9859248,0.10986200,0.16900000,1
1531215050974,1531215050970,9859249,0.10986100,0.03100000,1
1531215062512,1531215062507,9859250,0.10986500,3.00600000,1
1531215070741,1531215070737,9859251,0.10999200,0.16900000,0
1531215092896,1531215092891,9859252,0.10985300,0.00300000,1
1531215108204,1531215108198,9859253,0.10985300,0.00900000,1
1531215110077,1531215110073,9859254,0.10985300,0.00900000,1
1531215110759,1531215110755,9859255,0.10985300,0.18200000,1
1531215111004,1531215111001,9859256,0.10999200,0.01200000,0
1531215111004,1531215111001,9859257,0.10999300,0.54600000,0
1531215111014,1531215111010,9859258,0.10985300,0.09900000,1
1531215125133,1531215125129,9859259,0.10985900,0.00200000,1
1531215130940,1531215130936,9859260,0.10986300,0.20000000,1
1531215131841,1531215131836,9859261,0.10986300,0.20000000,1
1531215148365,1531215148361,9859262,0.10986800,0.20000000,1
1531215149506,1531215149502,9859263,0.10987000,0.02500000,1
1531215157084,1531215157081,9859264,0.10999300,0.01000000,0
1531215157217,1531215157214,9859265,0.10999300,0.01000000,0
1531215157348,1531215157344,9859266,0.10999300,0.01000000,0
1531215157474,1531215157469,9859267,0.10999300,0.01000000,0
1531215157600,1531215157597,9859268,0.10999300,0.01000000,0
1531215158817,1531215158812,9859269,0.10987200,0.00900000,1
1531215159643,1531215159639,9859270,0.10987200,0.00900000,1
1531215160243,1531215160239,9859271,0.10987200,0.01000000,1
1531215160554,1531215160550,9859272,0.10987300,0.00900000,1
1531215161390,1531215161386,9859273,0.10999400,0.01000000,0
1531215161525,1531215161521,9859274,0.10999400,0.01000000,0
1531215161649,1531215161646,9859275,0.10999400,0.01000000,0
1531215161772,1531215161768,9859276,0.10999400,0.01000000,0
1531215162268,1531215162262,9859277,0.10987300,0.55200000,1
1531215162268,1531215162262,9859278,0.10987200,0.08900000,1
1531215162417,1531215162413,9859279,0.10987200,0.00900000,1
1531215162919,1531215162915,9859280,0.10999400,0.01000000,0
1531215164141,1531215164138,9859281,0.10987300,0.00900000,1
1531215165945,1531215165942,9859282,0.10987200,0.00400000,1
1531215165945,1531215165942,9859283,0.10987000,0.00500000,1
1531215167663,1531215167658,9859284,0.10987100,0.00900000,1
1531215169509,1531215169505,9859285,0.10987100,0.00900000,1
1531215171395,1531215171390,9859286,0.10987100,0.00900000,1
1531215180904,1531215180900,9859287,0.10993200,0.27000000,0
1531215180919,1531215180913,9859288,0.10999300,0.16400000,0
1531215185052,1531215185046,9859289,0.10987200,0.00900000,1
1531215187041,1531215187038,9859290,0.10987200,0.00900000,1
1531215188885,1531215188880,9859291,0.10987200,0.00900000,1
1531215190558,1531215190552,9859292,0.10987200,0.00900000,1
1531215192488,1531215192483,9859293,0.10987300,0.00900000,1
1531215194326,1531215194321,9859294,0.10987300,0.00900000,1
1531215194615,1531215194611,9859295,0.10999200,0.54100000,0
1531215194902,1531215194898,9859296,0.10993200,0.87300000,0
1531215194912,1531215194909,9859297,0.10987300,0.51500000,1
1531215196196,1531215196192,9859298,0.10987300,0.00900000,1
1531215197855,1531215197851,9859299,0.10987500,0.00900000,1
1531215199650,1531215199645,9859300,0.10987500,0.00900000,1
1531215201393,1531215201390,9859301,0.10987600,0.00900000,1
1531215203378,1531215203374,9859302,0.10987800,0.00900000,1
1531215205136,1531215205132,9859303,0.10987800,0.00900000,1
1531215207076,1531215207073,9859304,0.10987800,0.00900000,1
1531215209184,1531215209180,9859305,0.10988000,0.00900000,1
1531215210857,1531215210853,9859306,0.10988300,0.00900000,1
1531215212677,1531215212672,9859307,0.10988400,0.00900000,1
1531215214337,1531215214333,9859308,0.10988400,0.00900000,1
1531215216049,1531215216046,9859309,0.10988400,0.00900000,1
1531215234015,1531215234011,9859310,0.10988400,0.10800000,1
1531215246492,1531215246488,9859311,0.10996300,0.01000000,0
1531215246619,1531215246616,9859312,0.10996300,0.01000000,0
1531215246746,1531215246742,9859313,0.10996300,0.01000000,0
1531215246870,1531215246867,9859314,0.10996300,0.01000000,0
1531215247001,1531215246996,9859315,0.10996200,0.01000000,0
1531215248292,1531215248287,9859316,0.10972600,0.01000000,1
1531215248425,1531215248420,9859317,0.10972600,0.01000000,1
1531215248559,1531215248554,9859318,0.10972600,0.01000000,1
1531215248695,1531215248690,9859319,0.10972600,0.01000000,1
1531215248830,1531215248826,9859320,0.10972600,0.01000000,1
1531215248959,1531215248954,9859321,0.10996000,0.01000000,0
1531215249093,1531215249089,9859322,0.10996000,0.01000000,0
1531215249225,1531215249221,9859323,0.10995900,0.01000000,0
1531215249352,1531215249347,9859324,0.10995900,0.01000000,0
1531215249486,1531215249482,9859325,0.10995900,0.01000000,0
1531215273285,1531215273282,9859326,0.10998000,0.01000000,0
1531215273410,1531215273405,9859327,0.10998000,0.01000000,0
1531215273534,1531215273531,9859328,0.10998000,0.01000000,0
1531215273658,1531215273653,9859329,0.10998000,0.01000000,0
1531215273781,1531215273777,9859330,0.10998000,0.01000000,0
1531215280027,1531215280023,9859331,0.10978200,0.27400000,1
1531215280029,1531215280025,9859332,0.10978200,0.03700000,1
1531215287683,1531215287680,9859333,0.10975200,0.00900000,1
1531215289613,1531215289608,9859334,0.10975300,0.00900000,1
1531215291363,1531215291360,9859335,0.10975300,0.00900000,1
1531215294242,1531215294234,9859336,0.10975300,0.00900000,1
1531215303177,1531215303174,9859337,0.10975200,1.60200000,1
1531215306230,1531215306226,9859338,0.10975000,0.08400000,0
1531215306230,1531215306226,9859339,0.10975100,0.00700000,0
1531215306240,1531215306237,9859340,0.10975100,0.08300000,0
1531215306284,1531215306281,9859341,0.10975100,0.25400000,0
1531215306301,1531215306296,9859342,0.10975100,0.25400000,0
1531215307025,1531215307021,9859343,0.10975200,0.50000000,1
1531215307033,1531215307030,9859344,0.10975200,0.00300000,1
1531215307049,1531215307045,9859345,0.10975100,0.08400000,1
1531215307065,1531215307061,9859346,0.10975100,0.17000000,1
1531215308025,1531215308022,9859347,0.10975100,0.05000000,1
1531215308050,1531215308045,9859348,0.10975000,0.08400000,1
1531215329043,1531215329038,9859349,0.10965500,2.90000000,1
1531215333851,1531215333847,9859350,0.10975100,3.37200000,0
1531215333863,1531215333859,9859351,0.10965500,0.00700000,1
1531215335230,1531215335227,9859352,0.10965500,0.01000000,0
1531215335364,1531215335361,9859353,0.10965500,0.01000000,0
1531215335497,1531215335493,9859354,0.10965500,0.01000000,0
1531215335621,1531215335616,9859355,0.10965500,0.01000000,0
1531215335754,1531215335751,9859356,0.10965500,0.01000000,0
1531215335783,1531215335779,9859357,0.10965500,0.02800000,0
1531215336433,1531215336428,9859358,0.10965400,0.01300000,1
1531215336433,1531215336428,9859359,0.10963900,0.03700000,1
1531215340103,1531215340099,9859360,0.10965500,2.82200000,0
1531215343028,1531215343023,9859361,0.10965500,0.08500000,1
1531215343057,1531215343054,9859362,0.10963900,0.06300000,1
1531215345884,1531215345880,9859363,0.10982600,0.01000000,0
1531215346231,1531215346227,9859364,0.10982400,0.01000000,0
1531215346364,1531215346360,9859365,0.10982400,0.01000000,0
1531215346488,1531215346484,9859366,0.10982400,0.01000000,0
1531215346621,1531215346613,9859367,0.10982400,0.01000000,0
1531215347226,1531215347222,9859368,0.10982300,0.04000000,0
1531215385144,1531215385140,9859369,0.10978000,0.08900000,0
1531215406854,1531215406849,9859370,0.10975500,0.01000000,0
1531215406990,1531215406985,9859371,0.10975500,0.01000000,0
1531215407113,1531215407109,9859372,0.10975500,0.01000000,0
1531215407243,1531215407236,9859373,0.10975500,0.01000000,0
1531215407380,1531215407376,9859374,0.10975500,0.01000000,0
1531215420474,1531215420471,9859375,0.10975200,2.16000000,0
1531215422036,1531215422032,9859376,0.10960300,1.50000000,1
1531215424019,1531215424013,9859377,0.10960000,1.21800000,1
1531215424019,1531215424013,9859378,0.10952200,0.01000000,1
1531215424019,1531215424013,9859379,0.10941400,0.85200000,1
1531215424019,1531215424013,9859380,0.10941300,0.42000000,1
1531215428952,1531215428949,9859381,0.10971900,0.75900000,0
1531215432964,1531215432960,9859382,0.10949700,0.00100000,1
1531215438363,1531215438359,9859383,0.10970500,0.80700000,0
1531215446592,1531215446585,9859384,0.10971200,2.18000000,0
1531215448030,1531215448025,9859385,0.10971300,0.05100000,0
1531215448037,1531215448033,9859386,0.10971400,0.02700000,0
1531215448037,1531215448033,9859387,0.10971500,0.87100000,0
1531215448385,1531215448380,9859388,0.10971500,0.03000000,0
1531215448391,1531215448388,9859389,0.10971500,0.02000000,0
1531215449008,1531215449002,9859390,0.10971500,1.83900000,0
1531215452308,1531215452304,9859391,0.10960800,0.18700000,0
1531215455966,1531215455961,9859392,0.10975200,0.09100000,0
1531215458060,1531215458055,9859393,0.10961000,0.00100000,1
1531215458732,1531215458728,9859394,0.10961100,0.00100000,1
1531215460969,1531215460964,9859395,0.10961000,0.09100000,1
1531215466690,1531215466686,9859396,0.10974600,0.01000000,0
1531215466823,1531215466819,9859397,0.10974600,0.01000000,0
1531215466956,1531215466951,9859398,0.10974600,0.01000000,0
1531215467078,1531215467074,9859399,0.10974600,0.01000000,0
1531215468226,1531215468222,9859400,0.10974600,0.01000000,0
1531215479444,1531215479440,9859401,0.10974500,0.65000000,0
1531215482083,1531215482078,9859402,0.10974900,0.09100000,0
1531215483818,1531215483814,9859403,0.10961600,0.02100000,1
1531215493534,1531215493530,9859404,0.10975400,0.97800000,0
1531215495907,1531215495902,9859405,0.10975400,0.01000000,0
1531215497285,1531215497280,9859406,0.10975400,0.01000000,0
1531215497410,1531215497405,9859407,0.10975400,0.01000000,0
1531215497542,1531215497537,9859408,0.10975400,0.01000000,0
1531215497675,1531215497671,9859409,0.10975400,0.01000000,0
1531215498838,1531215498835,9859410,0.10975400,0.02800000,0
1531215500042,1531215500037,9859411,0.10975400,1.02800000,1
1531215500055,1531215500051,9859412,0.10975500,0.08100000,0
1531215500096,1531215500093,9859413,0.10975600,0.44700000,1
1531215512042,1531215512038,9859414,0.10984800,0.69700000,1
1531215518302,1531215518298,9859415,0.10983300,0.06500000,0
1531215518325,1531215518320,9859416,0.10983300,0.23500000,0
1531215518330,1531215518326,9859417,0.10983300,0.11900000,0
1531215518363,1531215518359,9859418,0.10983300,0.23700000,0
1531215537265,1531215537262,9859419,0.10983900,0.01000000,0
1531215537402,1531215537397,9859420,0.10983900,0.01000000,0
1531215537529,1531215537526,9859421,0.10983900,0.01000000,0
1531215537656,1531215537653,9859422,0.10983900,0.01000000,0
1531215537717,1531215537713,9859423,0.10983900,0.04000000,0
1531215537787,1531215537782,9859424,0.10983900,0.01000000,0
1531215538735,1531215538730,9859425,0.10983900,0.02000000,0
1531215538754,1531215538751,9859426,0.10983900,0.03000000,0
1531215539729,1531215539725,9859427,0.10983900,0.02000000,0
1531215539755,1531215539750,9859428,0.10983900,0.03000000,0
1531215540725,1531215540720,9859429,0.10983800,0.02000000,0
1531215540745,1531215540741,9859430,0.10983800,0.03000000,0
1531215555905,1531215555901,9859431,0.10965900,0.03600000,1
1531215555905,1531215555901,9859432,0.10965800,0.24300000,1
1531215555927,1531215555922,9859433,0.10965800,0.01000000,1
1531215556061,1531215556058,9859434,0.10983000,0.01000000,0
1531215556193,1531215556190,9859435,0.10983000,0.01000000,0
1531215556318,1531215556315,9859436,0.10983000,0.01000000,0
1531215556452,1531215556448,9859437,0.10983000,0.01000000,0
1531215557606,1531215557602,9859438,0.10982900,0.01000000,0
1531215566865,1531215566861,9859439,0.10982500,0.05000000,0
1531215566865,1531215566861,9859440,0.10982900,0.04100000,0
1531215567747,1531215567743,9859441,0.10982400,0.02000000,0
1531215567778,1531215567774,9859442,0.10982400,0.03000000,0
1531215568797,1531215568792,9859443,0.10964100,0.01000000,1
1531215568929,1531215568924,9859444,0.10964600,0.01000000,1
1531215569052,1531215569047,9859445,0.10964600,0.01000000,1
1531215569177,1531215569173,9859446,0.10964600,0.01000000,1
1531215569311,1531215569308,9859447,0.10964600,0.01000000,1
1531215569444,1531215569441,9859448,0.10981900,0.01000000,0
1531215569782,1531215569779,9859449,0.10981900,0.01000000,0
1531215569917,1531215569913,9859450,0.10981900,0.00600000,0
1531215569917,1531215569913,9859451,0.10982000,0.00400000,0
1531215570050,1531215570044,9859452,0.10982000,0.01000000,0
1531215570176,1531215570171,9859453,0.10982000,0.01000000,0
1531215584111,1531215584107,9859454,0.10981400,0.34100000,0
1531215584172,1531215584168,9859455,0.10981400,0.00300000,0
1531215584527,1531215584478,9859456,0.10981600,0.25600000,0
1531215584527,1531215584478,9859457,0.10981700,0.04000000,0
1531215584527,1531215584478,9859458,0.10982000,1.83900000,0
1531215585109,1531215585105,9859459,0.10981400,0.68800000,1
1531215585143,1531215585138,9859460,0.10983300,0.01800000,0
1531215585143,1531215585138,9859461,0.10987100,0.46800000,0
1531215585194,1531215585191,9859462,0.10987100,1.47600000,0
1531215585239,1531215585234,9859463,0.10998200,0.01300000,0
1531215585239,1531215585234,9859464,0.10999400,0.30000000,0
1531215585239,1531215585234,9859465,0.10999500,0.42500000,0
1531215586033,1531215586028,9859466,0.10983300,0.18000000,1
1531215587037,1531215587033,9859467,0.10983400,0.04000000,1
1531215587037,1531215587033,9859468,0.10983300,0.32100000,1
1531215587290,1531215587285,9859469,0.10999300,1.00000000,0
1531215588039,1531215588036,9859470,0.10983300,0.17300000,1
1531215588045,1531215588042,9859471,0.10983300,0.04000000,1
1531215589045,1531215589041,9859472,0.10983400,0.04000000,1
1531215589045,1531215589041,9859473,0.10983300,0.13300000,1
1531215590044,1531215590040,9859474,0.10983300,0.04000000,1
1531215593346,1531215593342,9859475,0.10999200,0.26000000,0
1531215593366,1531215593362,9859476,0.10999300,0.13000000,0
1531215593473,1531215593469,9859477,0.10999300,0.08200000,0
1531215593594,1531215593590,9859478,0.10981500,0.69700000,1
1531215593594,1531215593590,9859479,0.10981300,0.56100000,1
1531215593761,1531215593757,9859480,0.10999500,0.00800000,0
1531215593761,1531215593757,9859481,0.11000000,0.01200000,0
1531215593790,1531215593786,9859482,0.11000000,0.02000000,0
1531215593814,1531215593811,9859483,0.11000000,0.02000000,0
1531215593838,1531215593833,9859484,0.11000000,0.02000000,0
1531215593844,1531215593840,9859485,0.11000000,0.02000000,0
1531215593864,1531215593861,9859486,0.11000000,0.02000000,0
1531215593895,1531215593892,9859487,0.11000000,0.02000000,0
1531215593915,1531215593911,9859488,0.11000000,0.01300000,0
1531215593915,1531215593911,9859489,0.11002300,0.00700000,0
1531215593943,1531215593939,9859490,0.11002300,0.01300000,0
1531215593943,1531215593939,9859491,0.11004900,0.01000000,0
1531215593943,1531215593939,9859492,0.11006300,0.06700000,0
1531215593975,1531215593969,9859493,0.11006300,0.86200000,0
1531215594140,1531215594137,9859494,0.10999400,0.28000000,0
1531215594157,1531215594153,9859495,0.10999400,0.15300000,0
1531215594402,1531215594398,9859496,0.10999400,0.12800000,0
1531215594949,1531215594945,9859497,0.11000000,0.01600000,1
1531215595244,1531215595241,9859498,0.11006300,0.18000000,0
1531215595391,1531215595386,9859499,0.11006300,0.01800000,0
1531215595624,1531215595619,9859500,0.11006300,0.00200000,0
1531215595685,1531215595680,9859501,0.11006300,0.00200000,0
1531215595694,1531215595690,9859502,0.11006300,0.00200000,0
1531215595824,1531215595820,9859503,0.11006200,0.00200000,0
1531215595972,1531215595969,9859504,0.11006200,0.18000000,0
1531215596028,1531215596024,9859505,0.11006200,0.00200000,0
1531215596304,1531215596301,9859506,0.11006200,0.04000000,0
1531215596331,1531215596328,9859507,0.11006200,0.03900000,0
1531215596544,1531215596540,9859508,0.11006200,0.18000000,0
1531215596756,1531215596752,9859509,0.11006200,0.02000000,0
1531215596783,1531215596779,9859510,0.11006200,0.02000000,0
1531215596808,1531215596805,9859511,0.11006200,0.02000000,0
1531215596824,1531215596820,9859512,0.11006200,0.02000000,0
1531215596828,1531215596823,9859513,0.10975600,0.01800000,1
1531215596850,1531215596845,9859514,0.11006200,0.01700000,0
1531215596850,1531215596845,9859515,0.11006300,0.00300000,0
1531215596857,1531215596854,9859516,0.11006300,0.02000000,0
1531215596907,1531215596902,9859517,0.11006300,0.02000000,0
1531215596908,1531215596904,9859518,0.11006300,0.02000000,0
1531215596925,1531215596921,9859519,0.11006300,0.28300000,0
1531215597124,1531215597120,9859520,0.11006300,0.18100000,0
1531215597770,1531215597768,9859521,0.11006100,0.02000000,0
1531215597784,1531215597780,9859522,0.11006100,0.03700000,0
1531215597829,1531215597825,9859523,0.10975600,0.27200000,1
1531215597895,1531215597891,9859524,0.11006100,0.64000000,0
1531215597895,1531215597891,9859525,0.11006300,0.57500000,0
1531215597920,1531215597915,9859526,0.11006300,0.17300000,0
1531215598511,1531215598505,9859527,0.11006300,0.17300000,0
1531215600297,1531215600294,9859528,0.11008600,0.40000000,0
1531215600297,1531215600294,9859529,0.11008700,3.60000000,0
1531215600771,1531215600767,9859530,0.11008700,0.02000000,0
1531215600782,1531215600778,9859531,0.11008700,0.02000000,0
1531215600808,1531215600805,9859532,0.11008700,0.02000000,0
1531215600817,1531215600813,9859533,0.11008700,0.02000000,0
1531215600861,1531215600857,9859534,0.11008700,0.02000000,0
1531215600870,1531215600867,9859535,0.11008700,0.02000000,0
1531215600892,1531215600888,9859536,0.11008700,0.02000000,0
1531215600917,1531215600912,9859537,0.11008700,0.02000000,0
1531215600946,1531215600942,9859538,0.11008700,0.24000000,0
1531215603298,1531215603294,9859539,0.11008400,0.02500000,0
1531215603371,1531215603366,9859540,0.11008400,0.02500000,0
1531215604159,1531215604155,9859541,0.11008300,0.02500000,0
1531215604689,1531215604685,9859542,0.11008300,0.02500000,0
1531215604758,1531215604755,9859543,0.11003400,0.02000000,0
1531215604798,1531215604795,9859544,0.11003400,0.03000000,0
1531215607059,1531215607055,9859545,0.11003100,0.10000000,0
1531215607059,1531215607055,9859546,0.11003200,0.14000000,0
1531215607769,1531215607766,9859547,0.11003200,0.02000000,0
1531215607773,1531215607770,9859548,0.11003200,0.02000000,0
1531215607811,1531215607806,9859549,0.11003200,0.02000000,0
1531215607820,1531215607817,9859550,0.11003200,0.04000000,0
1531215611911,1531215611906,9859551,0.10992400,0.05600000,1
1531215614695,1531215614692,9859552,0.10981800,0.27200000,1
1531215618927,1531215618922,9859553,0.11008000,0.01000000,0
1531215619053,1531215619049,9859554,0.11008000,0.01000000,0
1531215619175,1531215619172,9859555,0.11008000,0.01000000,0
1531215619300,1531215619296,9859556,0.11008000,0.01000000,0
1531215619428,1531215619423,9859557,0.11008000,0.01000000,0
1531215619770,1531215619766,9859558,0.11008000,0.02000000,0
1531215619790,1531215619786,9859559,0.11008000,0.03000000,0
1531215620779,1531215620775,9859560,0.11007800,0.02000000,0
1531215620790,1531215620785,9859561,0.11007800,0.03000000,0
1531215622029,1531215622025,9859562,0.11007300,0.22200000,0
1531215622029,1531215622025,9859563,0.11007500,1.85600000,0
1531215622112,1531215622106,9859564,0.11007500,1.16400000,0
1531215622112,1531215622106,9859565,0.11007600,0.05000000,0
1531215622112,1531215622106,9859566,0.11008000,0.10000000,0
1531215622112,1531215622106,9859567,0.11009000,0.13500000,0
1531215622112,1531215622106,9859568,0.11011000,0.10900000,0
1531215623512,1531215623507,9859569,0.10986000,0.09400000,1
1531215623614,1531215623609,9859570,0.11011000,1.49100000,0
1531215623915,1531215623911,9859571,0.10985900,0.00100000,1
1531215624558,1531215624555,9859572,0.11010800,0.09400000,0
1531215624558,1531215624555,9859573,0.11011000,3.48200000,0
1531215628475,1531215628471,9859574,0.11011700,0.01700000,0
1531215630050,1531215630047,9859575,0.11011100,0.01000000,1
1531215632176,1531215632173,9859576,0.11009400,0.21200000,0
1531215632176,1531215632173,9859577,0.11011700,0.00100000,0
1531215632176,1531215632173,9859578,0.11012700,0.20200000,0
1531215632176,1531215632173,9859579,0.11019000,5.84200000,0
1531215639649,1531215639644,9859580,0.10988600,0.17200000,1
1531215639649,1531215639644,9859581,0.10988500,0.16900000,1
1531215639649,1531215639644,9859582,0.10988200,0.77900000,1
1531215639649,1531215639644,9859583,0.10987900,7.00000000,1
1531215639649,1531215639644,9859584,0.10985900,1.55100000,1
1531215639649,1531215639644,9859585,0.10985000,0.19900000,1
1531215639672,1531215639668,9859586,0.10980100,0.69700000,1
1531215639753,1531215639749,9859587,0.10984900,0.17200000,0
1531215639753,1531215639749,9859588,0.10988600,0.17200000,0
1531215640794,1531215640789,9859589,0.10978900,0.35300000,1
1531215643152,1531215643149,9859590,0.10979300,0.06500000,1
1531215643154,1531215643151,9859591,0.10979300,0.22600000,1
1531215651736,1531215651730,9859592,0.10982200,0.16100000,1
1531215651736,1531215651730,9859593,0.10982000,3.40300000,1
1531215652081,1531215652077,9859594,0.10982200,0.01000000,1
1531215652216,1531215652213,9859595,0.10982200,0.01000000,1
1531215652353,1531215652349,9859596,0.10982200,0.01000000,1
1531215652476,1531215652471,9859597,0.10982200,0.01000000,1
1531215652611,1531215652607,9859598,0.10982200,0.01000000,1
1531215652747,1531215652743,9859599,0.11009000,0.01000000,0
1531215652879,1531215652876,9859600,0.11007800,0.01000000,0
1531215652997,1531215652993,9859601,0.10982300,0.04700000,1
1531215652997,1531215652993,9859602,0.10982200,0.16000000,1
1531215653017,1531215653014,9859603,0.11007800,0.01000000,0
1531215653152,1531215653147,9859604,0.11007800,0.01000000,0
1531215653289,1531215653285,9859605,0.11007800,0.01000000,0
1531215661602,1531215661598,9859606,0.10982600,0.15500000,1
1531215661624,1531215661620,9859607,0.10982600,0.06400000,1
1531215661652,1531215661648,9859608,0.10982600,0.13600000,1
1531215661656,1531215661652,9859609,0.10982600,0.31100000,1
1531215663062,1531215663058,9859610,0.10982500,2.72100000,1
1531215663081,1531215663077,9859611,0.10982500,3.96700000,1
1531215663881,1531215663877,9859612,0.10982400,0.04000000,1
1531215665065,1531215665061,9859613,0.10976100,1.76000000,1
1531215668807,1531215668804,9859614,0.10976300,0.04000000,1
1531215670231,1531215670227,9859615,0.10976300,0.69700000,1
1531215671304,1531215671300,9859616,0.10982300,0.17300000,0
1531215671432,1531215671428,9859617,0.10982300,0.22900000,0
1531215672574,1531215672571,9859618,0.10976300,2.20000000,1
1531215675196,1531215675191,9859619,0.10982000,0.07200000,0
1531215678075,1531215678072,9859620,0.10969200,0.00900000,1
1531215683848,1531215683846,9859621,0.10969300,1.75000000,1
1531215684479,1531215684475,9859622,0.10981400,0.13800000,0
1531215684588,1531215684584,9859623,0.10982300,0.36800000,0
1531215684624,1531215684621,9859624,0.10982300,0.36900000,0
1531215684997,1531215684992,9859625,0.10982500,0.56300000,0
1531215685054,1531215685050,9859626,0.10982500,0.50000000,0
1531215685054,1531215685051,9859627,0.10982500,0.50000000,0
1531215685073,1531215685069,9859628,0.10982500,0.50800000,0
1531215685205,1531215685201,9859629,0.10982500,0.16900000,0
1531215686036,1531215686031,9859630,0.10982500,0.02900000,1
1531215689957,1531215689954,9859631,0.11010500,0.00100000,0
1531215690416,1531215690411,9859632,0.10984700,0.00900000,1
1531215690573,1531215690570,9859633,0.10984800,0.00900000,1
1531215692150,1531215692147,9859634,0.10985400,0.00900000,1
1531215692311,1531215692307,9859635,0.10985400,0.00900000,1
1531215692984,1531215692981,9859636,0.10985000,0.00900000,1
1531215694100,1531215694095,9859637,0.10985100,0.00900000,1
1531215695069,1531215695065,9859638,0.10985300,0.00900000,1
1531215696012,1531215696008,9859639,0.10985400,0.00900000,1
1531215701962,1531215701959,9859640,0.11008500,0.01000000,0
1531215702085,1531215702082,9859641,0.11008500,0.01000000,0
1531215702209,1531215702204,9859642,0.11008500,0.01000000,0
1531215702342,1531215702339,9859643,0.11008500,0.01000000,0
1531215702475,1531215702470,9859644,0.11008500,0.01000000,0
1531215703998,1531215703994,9859645,0.10986700,0.00900000,1
1531215705049,1531215705045,9859646,0.11000000,0.11900000,0
1531215705684,1531215705681,9859647,0.10986700,0.00900000,1
1531215705900,1531215705898,9859648,0.10986700,0.00900000,1
1531215730176,1531215730172,9859649,0.10989600,0.02300000,1
1531215737230,1531215737226,9859650,0.10989200,0.00200000,1
1531215737654,1531215737648,9859651,0.10989200,0.02100000,1
1531215737756,1531215737752,9859652,0.10989200,0.00200000,1
1531215739066,1531215739063,9859653,0.10989600,0.57200000,0
1531215742161,1531215742157,9859654,0.11005900,0.01000000,0
1531215743312,1531215743309,9859655,0.11005800,0.01000000,0
1531215743444,1531215743441,9859656,0.11005800,0.01000000,0
1531215743566,1531215743562,9859657,0.11005800,0.01000000,0
1531215743689,1531215743684,9859658,0.11005800,0.01000000,0
1531215746093,1531215746088,9859659,0.11005800,0.04200000,0
1531215747426,1531215747422,9859660,0.10991200,0.00900000,1
1531215748243,1531215748239,9859661,0.10991200,0.00900000,1
1531215749122,1531215749119,9859662,0.10991300,0.00900000,1
1531215749918,1531215749915,9859663,0.10993200,0.00900000,1
1531215750708,1531215750705,9859664,0.10987000,0.00900000,1
1531215756229,1531215756226,9859665,0.10993000,0.50000000,0
1531215756253,1531215756250,9859666,0.10993000,1.00000000,0
1531215757249,1531215757244,9859667,0.10993000,0.50000000,0
1531215758495,1531215758490,9859668,0.10985700,0.00900000,1
1531215759662,1531215759658,9859669,0.10986000,0.00900000,1
1531215760520,1531215760516,9859670,0.10986000,0.00900000,1
1531215761953,1531215761949,9859671,0.10987300,0.00900000,1
1531215762896,1531215762892,9859672,0.10987100,0.00900000,1
1531215763703,1531215763699,9859673,0.10987400,0.00900000,1
1531215764396,1531215764392,9859674,0.10987500,0.09100000,1
1531215764603,1531215764598,9859675,0.10987500,0.00900000,1
1531215765413,1531215765409,9859676,0.11004600,0.03700000,0
1531215765413,1531215765409,9859677,0.11004700,0.00900000,0
1531215767490,1531215767486,9859678,0.11004500,0.04600000,0
1531215769865,1531215769862,9859679,0.10987900,0.00900000,1
1531215769952,1531215769948,9859680,0.10987900,0.00900000,1
1531215774823,1531215774820,9859681,0.10989600,0.00900000,1
1531215776936,1531215776932,9859682,0.10989600,0.00900000,1
1531215778951,1531215778946,9859683,0.10989700,0.00900000,1
1531215779821,1531215779814,9859684,0.10989700,0.00900000,1
1531215780810,1531215780807,9859685,0.10989700,0.00900000,1
1531215781709,1531215781705,9859686,0.10989700,0.00900000,1
1531215782631,1531215782628,9859687,0.10989700,0.00900000,1
1531215783537,1531215783534,9859688,0.10989700,0.00900000,1
1531215785540,1531215785535,9859689,0.10989800,0.00900000,1
1531215789431,1531215789426,9859690,0.10990100,0.05100000,1
1531215792962,1531215792959,9859691,0.10990200,0.00100000,1
1531215793751,1531215793747,9859692,0.11003300,0.01000000,0
1531215793884,1531215793880,9859693,0.11003300,0.01000000,0
1531215794007,1531215794004,9859694,0.11003300,0.01000000,0
1531215794140,1531215794135,9859695,0.11003300,0.01000000,0
1531215794268,1531215794264,9859696,0.11003300,0.01000000,0
1531215798646,1531215798642,9859697,0.10990300,0.00900000,1
1531215799442,1531215799439,9859698,0.10990300,0.00900000,1
1531215800324,1531215800319,9859699,0.10990300,0.00900000,1
1531215801176,1531215801172,9859700,0.10990400,0.00900000,1
1531215802031,1531215802027,9859701,0.10990600,0.00900000,1
1531215803088,1531215803084,9859702,0.10990700,0.00900000,1
1531215803767,1531215803764,9859703,0.10990700,0.37500000,1
1531215813286,1531215813282,9859704,0.10990900,0.02900000,1
1531215813286,1531215813282,9859705,0.10990700,0.93500000,1
1531215819281,1531215819276,9859706,0.10990900,0.00900000,1
1531215819404,1531215819400,9859707,0.10990900,0.00900000,1
1531215820127,1531215820124,9859708,0.10990900,0.00900000,1
1531215821260,1531215821256,9859709,0.10990900,0.00900000,1
1531215821322,1531215821318,9859710,0.10990900,0.00900000,1
1531215825945,1531215825942,9859711,0.10990900,0.00900000,1
