event_time,trade_time,trade_id,price,quantity,maker
1531210372037,1531210372032,4581260,0.00009416,232.00000000,1
1531210394502,1531210394499,4581261,0.00009413,217.00000000,0
1531210397078,1531210397077,4581262,0.00009434,330.00000000,0
1531210397078,1531210397077,4581263,0.00009435,222.00000000,0
1531210397078,1531210397077,4581264,0.00009448,2305.00000000,0
1531210397083,1531210397078,4581265,0.00009448,762.00000000,0
1531210397083,1531210397078,4581266,0.00009449,1241.00000000,0
1531210397083,1531210397078,4581267,0.00009450,854.00000000,0
1531210397288,1531210397283,4581268,0.00009450,1328.00000000,0
1531210397334,1531210397329,4581269,0.00009450,1058.00000000,0
1531210397548,1531210397542,4581270,0.00009450,300.00000000,0
1531210400635,1531210400630,4581271,0.00009439,205.00000000,1
1531210412499,1531210412493,4581272,0.00009439,273.00000000,1
1531210414511,1531210414505,4581273,0.00009438,198.00000000,1
1531210421516,1531210421511,4581274,0.00009434,300.00000000,1
1531210431464,1531210431460,4581275,0.00009406,243.00000000,1
1531210454564,1531210454562,4581276,0.00009407,128.00000000,0
1531210454585,1531210454580,4581277,0.00009407,96.00000000,0
1531210467435,1531210467429,4581278,0.00009427,128.00000000,0
1531210467518,1531210467513,4581279,0.00009427,101.00000000,0
1531210478541,1531210478536,4581280,0.00009427,203.00000000,1
1531210532914,1531210532909,4581281,0.00009426,8.00000000,1
1531210548818,1531210548811,4581282,0.00009426,244.00000000,1
1531210575435,1531210575431,4581283,0.00009430,267.00000000,0
1531210587304,1531210587299,4581284,0.00009431,244.00000000,0
1531210597199,1531210597195,4581285,0.00009421,238.00000000,0
1531210605768,1531210605762,4581286,0.00009385,25.00000000,1
1531210613308,1531210613304,4581287,0.00009422,202.00000000,1
1531210616155,1531210616151,4581288,0.00009385,389.00000000,1
1531210632478,1531210632473,4581289,0.00009428,116.00000000,0
1531210636305,1531210636300,4581290,0.00009429,103.00000000,0
1531210655438,1531210655433,4581291,0.00009419,119.00000000,1
1531210668296,1531210668293,4581292,0.00009422,108.00000000,1
1531210675540,1531210675537,4581293,0.00009385,2.00000000,1
1531210687125,1531210687120,4581294,0.00009385,471.00000000,1
1531210687125,1531210687120,4581295,0.00009364,320.00000000,1
1531210687125,1531210687120,4581296,0.00009356,12.00000000,1
1531210687125,1531210687120,4581297,0.00009350,112.00000000,1
1531210690663,1531210690659,4581298,0.00009419,270.00000000,0
1531210698693,1531210698689,4581299,0.00009419,106.00000000,1
1531210698695,1531210698692,4581300,0.00009419,129.00000000,1
1531210698710,1531210698709,4581301,0.00009419,44.00000000,1
1531210713650,1531210713646,4581302,0.00009419,273.00000000,0
1531210729534,1531210729530,4581303,0.00009415,261.00000000,1
1531210747590,1531210747588,4581304,0.00009386,205.00000000,1
1531210812935,1531210812931,4581305,0.00009385,149.00000000,1
1531210816840,1531210816840,4581306,0.00009382,153.00000000,1
1531210838017,1531210838013,4581307,0.00009390,123.00000000,1
1531210850234,1531210850230,4581308,0.00009388,134.00000000,0
1531210875047,1531210875042,4581309,0.00009384,126.00000000,1
1531210875047,1531210875042,4581310,0.00009356,73.00000000,1
1531210875069,1531210875066,4581311,0.00009356,73.00000000,0
1531210875075,1531210875070,4581312,0.00009356,73.00000000,0
1531210875087,1531210875083,4581313,0.00009356,73.00000000,0
1531210875107,1531210875104,4581314,0.00009356,72.00000000,0
1531210875236,1531210875231,4581315,0.00009356,107.00000000,0
1531210875260,1531210875260,4581316,0.00009356,107.00000000,0
1531210875548,1531210875544,4581317,0.00009356,117.00000000,0
1531210885110,1531210885106,4581318,0.00009383,73.00000000,1
1531210885130,1531210885125,4581319,0.00009383,58.00000000,1
1531210893221,1531210893218,4581320,0.00009387,136.00000000,1
1531210954846,1531210954843,4581321,0.00009392,169.00000000,0
1531210969751,1531210969747,4581322,0.00009392,138.00000000,0
1531210990262,1531210990259,4581323,0.00009389,244.00000000,0
1531210996281,1531210996276,4581324,0.00009389,203.00000000,1
1531211015777,1531211015778,4581325,0.00009380,225.00000000,1
1531211025894,1531211025890,4581326,0.00009381,214.00000000,1
1531211049148,1531211049143,4581327,0.00009380,179.00000000,1
1531211063007,1531211063003,4581328,0.00009380,160.00000000,0
1531211076056,1531211076052,4581329,0.00009387,137.00000000,0
1531211089184,1531211089181,4581330,0.00009384,146.00000000,1
1531211110043,1531211110039,4581331,0.00009391,260.00000000,0
1531211126047,1531211126042,4581332,0.00009390,259.00000000,0
1531211132230,1531211132225,4581333,0.00009391,249.00000000,0
1531211139489,1531211139485,4581334,0.00009372,2.00000000,1
1531211147207,1531211147204,4581335,0.00009391,245.00000000,1
1531211172308,1531211172303,4581336,0.00009392,211.00000000,0
1531211190142,1531211190137,4581337,0.00009393,235.00000000,0
1531211193123,1531211193117,4581338,0.00009384,184.00000000,1
1531211212273,1531211212269,4581339,0.00009388,187.00000000,0
1531211233262,1531211233257,4581340,0.00009390,172.00000000,0
1531211236278,1531211236274,4581341,0.00009389,142.00000000,1
1531211261346,1531211261343,4581342,0.00009391,186.00000000,1
1531211268458,1531211268451,4581343,0.00009391,165.00000000,1
1531211288923,1531211288918,4581344,0.00009388,132.00000000,1
1531211308905,1531211308900,4581345,0.00009385,130.00000000,0
1531211315105,1531211315099,4581346,0.00009393,98.00000000,0
1531211325677,1531211325676,4581347,0.00009396,107.00000000,0
1531211332036,1531211332029,4581348,0.00009397,108.00000000,1
1531211348322,1531211348317,4581349,0.00009404,112.00000000,0
1531211356106,1531211356103,4581350,0.00009402,130.00000000,0
1531211377109,1531211377105,4581351,0.00009397,117.00000000,0
1531211382633,1531211382629,4581352,0.00009396,134.00000000,1
1531211382633,1531211382629,4581353,0.00009378,161.00000000,1
1531211385518,1531211385514,4581354,0.00009412,887.00000000,0
1531211385646,1531211385642,4581355,0.00009412,129.00000000,1
1531211385677,1531211385673,4581356,0.00009412,106.00000000,1
1531211386228,1531211386225,4581357,0.00009413,115.00000000,1
1531211387470,1531211387463,4581358,0.00009412,1718.00000000,1
1531211391049,1531211391044,4581359,0.00009383,1.00000000,1
1531211392822,1531211392817,4581360,0.00009383,1.00000000,1
1531211408506,1531211408506,4581361,0.00009403,192.00000000,1
1531211411570,1531211411564,4581362,0.00009353,240.00000000,1
1531211425329,1531211425325,4581363,0.00009402,171.00000000,1
1531211434203,1531211434199,4581364,0.00009412,197.00000000,1
1531211446613,1531211446607,4581365,0.00009414,163.00000000,0
1531211447615,1531211447610,4581366,0.00009414,505.00000000,1
1531211447825,1531211447821,4581367,0.00009414,532.00000000,1
1531211450206,1531211450200,4581368,0.00009412,160.00000000,0
1531211469407,1531211469401,4581369,0.00009414,247.00000000,1
1531211479421,1531211479416,4581370,0.00009414,106.00000000,1
1531211479437,1531211479433,4581371,0.00009414,129.00000000,1
1531211479440,1531211479437,4581372,0.00009414,19.00000000,1
1531211502371,1531211502367,4581373,0.00009405,129.00000000,1
1531211502447,1531211502443,4581374,0.00009405,91.00000000,1
1531211506445,1531211506442,4581375,0.00009404,203.00000000,0
1531211568545,1531211568543,4581376,0.00009398,206.00000000,1
1531211593962,1531211593957,4581377,0.00009390,195.00000000,1
1531211596763,1531211596758,4581378,0.00009390,225.00000000,0
1531211605290,1531211605286,4581379,0.00009405,2.00000000,0
1531211615961,1531211615957,4581380,0.00009400,190.00000000,0
1531211626898,1531211626894,4581381,0.00009399,168.00000000,0
1531211650997,1531211650992,4581382,0.00009403,162.00000000,1
1531211660911,1531211660908,4581383,0.00009403,184.00000000,1
1531211673808,1531211673803,4581384,0.00009394,182.00000000,1
1531211691954,1531211691951,4581385,0.00009395,174.00000000,1
1531211714959,1531211714954,4581386,0.00009393,250.00000000,1
1531211729983,1531211729978,4581387,0.00009394,231.00000000,1
1531211742848,1531211742845,4581388,0.00009385,280.00000000,1
1531211745973,1531211745969,4581389,0.00009385,226.00000000,0
1531211746927,1531211746922,4581390,0.00009405,19.00000000,0
1531211773938,1531211773937,4581391,0.00009383,176.00000000,1
1531211779898,1531211779895,4581392,0.00009386,166.00000000,1
1531211792985,1531211792981,4581393,0.00009377,157.00000000,0
1531211806838,1531211806834,4581394,0.00009377,205.00000000,1
1531211830894,1531211830890,4581395,0.00009370,187.00000000,1
1531211845360,1531211845359,4581396,0.00009405,19.00000000,0
1531211848754,1531211848750,4581397,0.00009371,64.00000000,1
1531211848828,1531211848824,4581398,0.00009372,194.00000000,0
1531211850667,1531211850663,4581399,0.00009404,3.00000000,0
1531211863805,1531211863800,4581400,0.00009379,200.00000000,0
1531211871810,1531211871806,4581401,0.00009376,141.00000000,1
1531211890048,1531211890046,4581402,0.00009370,168.00000000,0
1531211896869,1531211896865,4581403,0.00009368,167.00000000,0
1531211922091,1531211922091,4581404,0.00009377,188.00000000,1
1531211925808,1531211925802,4581405,0.00009375,205.00000000,1
1531211947965,1531211947961,4581406,0.00009373,152.00000000,0
1531211963780,1531211963773,4581407,0.00009373,138.00000000,1
1531211974820,1531211974815,4581408,0.00009372,138.00000000,1
1531211985660,1531211985656,4581409,0.00009372,144.00000000,0
1531212011528,1531212011525,4581410,0.00009363,136.00000000,1
1531212016460,1531212016454,4581411,0.00009360,170.00000000,0
1531212044564,1531212044560,4581412,0.00009369,163.00000000,1
1531212048482,1531212048477,4581413,0.00009369,166.00000000,1
1531212073421,1531212073417,4581414,0.00009364,200.00000000,1
1531212078362,1531212078356,4581415,0.00009365,149.00000000,1
1531212091313,1531212091311,4581416,0.00009357,150.00000000,0
1531212110356,1531212110351,4581417,0.00009360,172.00000000,0
1531212132251,1531212132245,4581418,0.00009366,120.00000000,1
1531212137190,1531212137186,4581419,0.00009367,94.00000000,1
1531212152394,1531212152388,4581420,0.00009357,126.00000000,1
1531212172331,1531212172326,4581421,0.00009357,100.00000000,1
1531212174167,1531212174163,4581422,0.00009348,600.00000000,1
1531212192646,1531212192641,4581423,0.00009359,185.00000000,0
1531212205492,1531212205488,4581424,0.00009362,154.00000000,0
1531212220593,1531212220589,4581425,0.00009352,134.00000000,0
1531212227674,1531212227668,4581426,0.00009354,176.00000000,0
1531212252775,1531212252771,4581427,0.00009349,110.00000000,1
1531212260799,1531212260794,4581428,0.00009348,114.00000000,1
1531212276953,1531212276948,4581429,0.00009350,130.00000000,1
1531212291743,1531212291737,4581430,0.00009350,117.00000000,1
1531212309963,1531212309962,4581431,0.00009355,210.00000000,0
1531212329720,1531212329715,4581432,0.00009353,173.00000000,1
1531212333831,1531212333827,4581433,0.00009362,164.00000000,0
1531212346939,1531212346936,4581434,0.00009361,157.00000000,0
1531212368360,1531212368357,4581435,0.00009374,167.00000000,0
1531212387490,1531212387486,4581436,0.00009373,187.00000000,0
1531212387944,1531212387939,4581437,0.00009366,94.00000000,1
1531212398500,1531212398496,4581438,0.00009365,175.00000000,0
1531212409500,1531212409494,4581439,0.00009365,128.00000000,1
1531212410066,1531212410060,4581440,0.00009366,111.00000000,0
1531212425635,1531212425631,4581441,0.00009366,130.00000000,0
1531212430998,1531212430993,4581442,0.00009359,194.00000000,0
1531212438896,1531212438891,4581443,0.00009362,210.00000000,0
1531212462624,1531212462619,4581444,0.00009353,184.00000000,1
1531212465643,1531212465638,4581445,0.00009354,239.00000000,0
1531212490807,1531212490802,4581446,0.00009356,127.00000000,1
1531212501694,1531212501688,4581447,0.00009356,141.00000000,0
1531212524659,1531212524655,4581448,0.00009348,156.00000000,0
1531212527758,1531212527753,4581449,0.00009349,151.00000000,0
1531212552619,1531212552615,4581450,0.00009352,180.00000000,1
1531212567494,1531212567489,4581451,0.00009350,160.00000000,1
1531212573605,1531212573599,4581452,0.00009357,204.00000000,1
1531212590738,1531212590735,4581453,0.00009355,182.00000000,1
1531212613857,1531212613851,4581454,0.00009357,206.00000000,0
1531212626724,1531212626719,4581455,0.00009358,205.00000000,1
1531212631838,1531212631834,4581456,0.00009354,194.00000000,1
1531212646811,1531212646806,4581457,0.00009347,98.00000000,1
1531212646838,1531212646834,4581458,0.00009355,239.00000000,0
1531212671025,1531212671021,4581459,0.00009346,221.00000000,1
1531212686928,1531212686924,4581460,0.00009347,223.00000000,1
1531212691952,1531212691948,4581461,0.00009344,193.00000000,0
1531212711995,1531212711991,4581462,0.00009345,178.00000000,1
1531212731970,1531212731966,4581463,0.00009347,207.00000000,1
1531212733862,1531212733856,4581464,0.00009343,455.00000000,1
1531212733862,1531212733856,4581465,0.00009332,325.00000000,1
1531212733862,1531212733856,4581466,0.00009328,400.00000000,1
1531212733862,1531212733856,4581467,0.00009323,107.00000000,1
1531212733862,1531212733856,4581468,0.00009317,12.00000000,1
1531212733862,1531212733856,4581469,0.00009315,313.00000000,1
1531212735847,1531212735842,4581470,0.00009348,229.00000000,0
1531212737082,1531212737077,4581471,0.00009331,2.00000000,1
1531212757949,1531212757944,4581472,0.00009344,243.00000000,1
1531212770086,1531212770081,4581473,0.00009346,239.00000000,1
1531212772220,1531212772216,4581474,0.00009334,6.00000000,1
1531212781473,1531212781470,4581475,0.00009334,4172.00000000,1
1531212791422,1531212791418,4581476,0.00009348,187.00000000,0
1531212801361,1531212801357,4581477,0.00009350,246.00000000,1
1531212810315,1531212810310,4581478,0.00009366,111.00000000,0
1531212811030,1531212811027,4581479,0.00009341,107.00000000,0
1531212811038,1531212811033,4581480,0.00009341,107.00000000,0
1531212811132,1531212811128,4581481,0.00009341,6.00000000,0
1531212816523,1531212816519,4581482,0.00009366,333.00000000,0
1531212819551,1531212819547,4581483,0.00009341,2.00000000,1
1531212820063,1531212820058,4581484,0.00009341,1.00000000,1
1531212820256,1531212820252,4581485,0.00009366,333.00000000,0
1531212823982,1531212823976,4581486,0.00009366,111.00000000,0
1531212827710,1531212827706,4581487,0.00009366,111.00000000,0
1531212831186,1531212831183,4581488,0.00009345,111.00000000,0
1531212831189,1531212831184,4581489,0.00009345,111.00000000,0
1531212831191,1531212831187,4581490,0.00009345,15.00000000,0
1531212834131,1531212834127,4581491,0.00009366,111.00000000,0
1531212835750,1531212835746,4581492,0.00009366,218.00000000,0
1531212848391,1531212848386,4581493,0.00009354,111.00000000,0
1531212848398,1531212848393,4581494,0.00009354,111.00000000,0
1531212848434,1531212848429,4581495,0.00009354,45.00000000,0
1531212924149,1531212924145,4581496,0.00009354,233.00000000,0
1531212941257,1531212941253,4581497,0.00009357,227.00000000,1
1531212945998,1531212945992,4581498,0.00009355,188.00000000,1
1531212972057,1531212972054,4581499,0.00009356,143.00000000,1
1531212989073,1531212989070,4581500,0.00009357,145.00000000,1
1531213004068,1531213004064,4581501,0.00009348,137.00000000,1
1531213010211,1531213010207,4581502,0.00009351,113.00000000,0
1531213031397,1531213031391,4581503,0.00009349,113.00000000,1
1531213051185,1531213051183,4581504,0.00009349,127.00000000,1
1531213061202,1531213061197,4581505,0.00009356,143.00000000,1
1531213071385,1531213071380,4581506,0.00009353,121.00000000,1
1531213087638,1531213087633,4581507,0.00009358,148.00000000,1
1531213096778,1531213096775,4581508,0.00009360,153.00000000,1
1531213124883,1531213124878,4581509,0.00009353,196.00000000,0
1531213130916,1531213130913,4581510,0.00009354,211.00000000,1
1531213142975,1531213142967,4581511,0.00009394,4.00000000,0
1531213148030,1531213148024,4581512,0.00009361,205.00000000,0
1531213158056,1531213158052,4581513,0.00009362,238.00000000,1
1531213171110,1531213171106,4581514,0.00009357,245.00000000,1
1531213187915,1531213187909,4581515,0.00009359,189.00000000,1
1531213211762,1531213211759,4581516,0.00009357,107.00000000,0
1531213211804,1531213211798,4581517,0.00009357,113.00000000,0
1531213212049,1531213212045,4581518,0.00009357,220.00000000,1
1531213212049,1531213212045,4581519,0.00009347,19.00000000,1
1531213227926,1531213227921,4581520,0.00009358,236.00000000,0
1531213244955,1531213244950,4581521,0.00009350,191.00000000,1
1531213249682,1531213249678,4581522,0.00009351,233.00000000,1
1531213272810,1531213272806,4581523,0.00009352,223.00000000,1
1531213286693,1531213286689,4581524,0.00009352,234.00000000,1
1531213294752,1531213294747,4581525,0.00009347,188.00000000,1
1531213308836,1531213308832,4581526,0.00009349,247.00000000,1
1531213331937,1531213331933,4581527,0.00009351,96.00000000,1
1531213349066,1531213349061,4581528,0.00009350,107.00000000,1
1531213352990,1531213352986,4581529,0.00009359,116.00000000,1
1531213369916,1531213369911,4581530,0.00009356,114.00000000,0
1531213393230,1531213393224,4581531,0.00009362,193.00000000,1
1531213410217,1531213410212,4581532,0.00009361,192.00000000,0
1531213415062,1531213415057,4581533,0.00009370,208.00000000,1
1531213427204,1531213427199,4581534,0.00009345,2.00000000,1
1531213428039,1531213428035,4581535,0.00009370,3.00000000,1
1531213428129,1531213428126,4581536,0.00009370,177.00000000,1
1531213453637,1531213453632,4581537,0.00009362,210.00000000,0
1531213458617,1531213458610,4581538,0.00009363,155.00000000,1
1531213478579,1531213478573,4581539,0.00009362,157.00000000,1
1531213486654,1531213486649,4581540,0.00009362,183.00000000,1
1531213502691,1531213502685,4581541,0.00009394,57.00000000,0
1531213502977,1531213502972,4581542,0.00009394,6443.00000000,1
1531213503911,1531213503907,4581543,0.00009394,331.00000000,1
1531213504003,1531213503998,4581544,0.00009394,2406.00000000,1
1531213511821,1531213511816,4581545,0.00009362,208.00000000,0
1531213521660,1531213521656,4581546,0.00009362,192.00000000,0
1531213541526,1531213541520,4581547,0.00009363,206.00000000,0
1531213550527,1531213550522,4581548,0.00009362,265.00000000,0
1531213568762,1531213568758,4581549,0.00009367,139.00000000,1
1531213575728,1531213575723,4581550,0.00009369,119.00000000,0
1531213593582,1531213593570,4581551,0.00009375,157.00000000,0
1531213607459,1531213607453,4581552,0.00009374,164.00000000,1
1531213627467,1531213627462,4581553,0.00009371,251.00000000,0
1531213636381,1531213636375,4581554,0.00009371,246.00000000,0
1531213658569,1531213658565,4581555,0.00009370,213.00000000,0
1531213669705,1531213669702,4581556,0.00009370,243.00000000,0
1531213692789,1531213692785,4581557,0.00009376,155.00000000,1
1531213703009,1531213703006,4581558,0.00009375,128.00000000,0
1531213715070,1531213715066,4581559,0.00009385,136.00000000,0
1531213726996,1531213726991,4581560,0.00009384,133.00000000,1
1531213748975,1531213748969,4581561,0.00009404,17.00000000,0
1531213752459,1531213752455,4581562,0.00009348,367.00000000,1
1531213752459,1531213752455,4581563,0.00009346,296.00000000,1
1531213752459,1531213752455,4581564,0.00009345,94.00000000,1
1531213752459,1531213752455,4581565,0.00009337,157.00000000,1
1531213752992,1531213752987,4581566,0.00009404,106.00000000,0
1531213754979,1531213754974,4581567,0.00009383,180.00000000,0
1531213766114,1531213766110,4581568,0.00009383,142.00000000,0
1531213779069,1531213779065,4581569,0.00009392,184.00000000,1
1531213787141,1531213787138,4581570,0.00009355,6.00000000,1
1531213787875,1531213787872,4581571,0.00009391,141.00000000,1
1531213810851,1531213810846,4581572,0.00009394,252.00000000,1
1531213818798,1531213818795,4581573,0.00009393,211.00000000,1
1531213835792,1531213835788,4581574,0.00009393,232.00000000,0
1531213852989,1531213852985,4581575,0.00009393,203.00000000,1
1531213873307,1531213873303,4581576,0.00009392,180.00000000,0
1531213886382,1531213886377,4581577,0.00009393,198.00000000,0
1531213892342,1531213892336,4581578,0.00009386,182.00000000,0
1531213908339,1531213908336,4581579,0.00009389,177.00000000,1
1531213932765,1531213932760,4581580,0.00009382,128.00000000,0
1531213939757,1531213939753,4581581,0.00009383,105.00000000,0
1531213952604,1531213952599,4581582,0.00009373,100.00000000,1
1531213971663,1531213971659,4581583,0.00009378,141.00000000,0
1531213994072,1531213994068,4581584,0.00009369,128.00000000,1
1531213998865,1531213998862,4581585,0.00009367,133.00000000,1
1531214005321,1531214005317,4581586,0.00009377,14.00000000,0
1531214005443,1531214005440,4581587,0.00009377,58.00000000,0
1531214012884,1531214012879,4581588,0.00009372,141.00000000,1
1531214029982,1531214029978,4581589,0.00009371,131.00000000,1
1531214041006,1531214041002,4581590,0.00009355,162.00000000,1
1531214049111,1531214049107,4581591,0.00009359,390.00000000,0
1531214052906,1531214052903,4581592,0.00009358,158.00000000,0
1531214053884,1531214053880,4581593,0.00009339,1.00000000,1
1531214055597,1531214055593,4581594,0.00009359,130.00000000,0
1531214059802,1531214059798,4581595,0.00009358,196.00000000,0
1531214061727,1531214061724,4581596,0.00009359,130.00000000,0
1531214066327,1531214066323,4581597,0.00009359,61.00000000,0
1531214071846,1531214071842,4581598,0.00009359,33.00000000,0
1531214071846,1531214071842,4581599,0.00009360,1137.00000000,0
1531214073196,1531214073192,4581600,0.00009360,107.00000000,0
1531214081601,1531214081596,4581601,0.00009360,3.00000000,0
1531214082854,1531214082851,4581602,0.00009359,167.00000000,1
1531214089770,1531214089766,4581603,0.00009359,160.00000000,0
1531214103372,1531214103369,4581604,0.00009360,390.00000000,0
1531214107207,1531214107203,4581605,0.00009360,390.00000000,0
1531214107238,1531214107234,4581606,0.00009360,666.00000000,0
1531214113762,1531214113759,4581607,0.00009352,220.00000000,1
1531214126720,1531214126716,4581608,0.00009353,176.00000000,1
1531214137757,1531214137752,4581609,0.00009359,222.00000000,1
1531214147779,1531214147773,4581610,0.00009359,200.00000000,0
1531214168543,1531214168538,4581611,0.00009363,237.00000000,0
1531214176462,1531214176459,4581612,0.00009364,130.00000000,0
1531214176556,1531214176552,4581613,0.00009364,96.00000000,0
1531214191572,1531214191567,4581614,0.00009371,229.00000000,1
1531214207507,1531214207504,4581615,0.00009370,183.00000000,0
1531214209227,1531214209222,4581616,0.00009364,74.00000000,1
1531214209227,1531214209222,4581617,0.00009363,130.00000000,1
1531214231509,1531214231507,4581618,0.00009362,235.00000000,0
1531214235969,1531214235965,4581619,0.00009363,145.00000000,0
1531214244353,1531214244349,4581620,0.00009378,239.00000000,0
1531214252982,1531214252979,4581621,0.00009352,1.00000000,1
1531214261387,1531214261384,4581622,0.00009373,248.00000000,1
1531214267454,1531214267450,4581623,0.00009375,191.00000000,1
1531214271042,1531214271036,4581624,0.00009388,74.00000000,0
1531214271042,1531214271036,4581625,0.00009389,17.00000000,0
1531214271042,1531214271036,4581626,0.00009400,27.00000000,0
1531214271042,1531214271036,4581627,0.00009405,60.00000000,0
1531214291377,1531214291373,4581628,0.00009368,237.00000000,1
1531214299788,1531214299784,4581629,0.00009405,16.00000000,0
1531214300299,1531214300294,4581630,0.00009370,222.00000000,1
1531214317303,1531214317298,4581631,0.00009373,223.00000000,0
1531214333287,1531214333283,4581632,0.00009371,111.00000000,0
1531214333324,1531214333319,4581633,0.00009371,74.00000000,0
1531214350344,1531214350340,4581634,0.00009375,145.00000000,0
1531214350397,1531214350392,4581635,0.00009404,13.00000000,0
1531214370357,1531214370352,4581636,0.00009376,148.00000000,1
1531214377317,1531214377312,4581637,0.00009378,124.00000000,1
1531214389298,1531214389293,4581638,0.00009374,145.00000000,0
1531214404897,1531214404894,4581639,0.00009373,5.00000000,1
1531214406078,1531214406074,4581640,0.00009372,5.00000000,1
1531214414217,1531214414214,4581641,0.00009372,1.00000000,1
1531214414624,1531214414619,4581642,0.00009378,185.00000000,1
1531214422692,1531214422687,4581643,0.00009380,215.00000000,1
1531214440816,1531214440811,4581644,0.00009374,214.00000000,1
1531214452645,1531214452639,4581645,0.00009374,174.00000000,1
1531214454177,1531214454173,4581646,0.00009375,64.00000000,1
1531214462048,1531214462044,4581647,0.00009372,892.00000000,1
1531214467800,1531214467796,4581648,0.00009384,195.00000000,0
1531214475565,1531214475561,4581649,0.00009381,159.00000000,0
1531214504987,1531214504982,4581650,0.00009390,144.00000000,1
1531214512484,1531214512478,4581651,0.00009388,166.00000000,0
1531214525153,1531214525146,4581652,0.00009352,71.00000000,1
1531214525153,1531214525146,4581653,0.00009343,27.00000000,1
1531214525153,1531214525146,4581654,0.00009342,232.00000000,1
1531214525153,1531214525146,4581655,0.00009334,2843.00000000,1
1531214525153,1531214525146,4581656,0.00009331,377.00000000,1
1531214526192,1531214526189,4581657,0.00009331,322.00000000,1
1531214526206,1531214526203,4581658,0.00009331,107.00000000,1
1531214526364,1531214526358,4581659,0.00009332,2.00000000,1
1531214528095,1531214528090,4581660,0.00009332,426.00000000,1
1531214528095,1531214528090,4581661,0.00009331,757.00000000,1
1531214529717,1531214529712,4581662,0.00009331,2.00000000,1
1531214531113,1531214531108,4581663,0.00009331,966.00000000,1
1531214531130,1531214531126,4581664,0.00009331,322.00000000,1
1531214531286,1531214531281,4581665,0.00009332,2.00000000,1
1531214532049,1531214532046,4581666,0.00009332,54.00000000,1
1531214534109,1531214534103,4581667,0.00009331,322.00000000,1
1531214534610,1531214534606,4581668,0.00009376,143.00000000,1
1531214537122,1531214537118,4581669,0.00009331,322.00000000,1
1531214537369,1531214537366,4581670,0.00009331,2263.00000000,1
1531214540125,1531214540121,4581671,0.00009331,131.00000000,1
1531214542113,1531214542109,4581672,0.00009331,131.00000000,1
1531214544611,1531214544608,4581673,0.00009368,140.00000000,0
1531214549916,1531214549912,4581674,0.00009331,2404.00000000,1
1531214555621,1531214555617,4581675,0.00009367,56.00000000,0
1531214555621,1531214555617,4581676,0.00009368,63.00000000,0
1531214559498,1531214559494,4581677,0.00009331,21.00000000,1
1531214566581,1531214566577,4581678,0.00009369,153.00000000,0
1531214579123,1531214579118,4581679,0.00009331,20.00000000,1
1531214592709,1531214592705,4581680,0.00009363,256.00000000,0
1531214597696,1531214597692,4581681,0.00009363,250.00000000,0
1531214607465,1531214607460,4581682,0.00009331,373.00000000,1
1531214610819,1531214610814,4581683,0.00009331,157.00000000,1
1531214614695,1531214614691,4581684,0.00009331,200.00000000,1
1531214620097,1531214620094,4581685,0.00009331,108.00000000,1
1531214624842,1531214624837,4581686,0.00009354,272.00000000,0
1531214632829,1531214632826,4581687,0.00009355,259.00000000,0
1531214642705,1531214642701,4581688,0.00009331,12.00000000,1
1531214644359,1531214644356,4581689,0.00009331,1144.00000000,1
1531214650222,1531214650217,4581690,0.00009331,107.00000000,1
1531214650223,1531214650220,4581691,0.00009331,108.00000000,1
1531214650229,1531214650224,4581692,0.00009331,108.00000000,1
1531214651113,1531214651109,4581693,0.00009331,230.00000000,1
1531214651113,1531214651109,4581694,0.00009310,70.00000000,1
1531214651301,1531214651294,4581695,0.00009311,83.00000000,1
1531214651301,1531214651294,4581696,0.00009310,6.00000000,1
1531214651324,1531214651318,4581697,0.00009310,1.00000000,1
1531214651324,1531214651318,4581698,0.00009307,52.00000000,1
1531214651324,1531214651318,4581699,0.00009305,303.00000000,1
1531214654952,1531214654949,4581700,0.00009318,134.00000000,0
1531214657027,1531214657024,4581701,0.00009305,2.00000000,1
1531214659096,1531214659091,4581702,0.00009318,158.00000000,0
1531214665232,1531214665228,4581703,0.00009305,2.00000000,1
1531214673930,1531214673925,4581704,0.00009348,150.00000000,0
1531214677149,1531214677146,4581705,0.00009305,277.00000000,1
1531214691777,1531214691773,4581706,0.00009347,140.00000000,1
1531214692490,1531214692487,4581707,0.00009305,70.00000000,1
1531214711136,1531214711131,4581708,0.00009305,48.00000000,1
1531214711136,1531214711131,4581709,0.00009304,81.00000000,1
1531214711136,1531214711131,4581710,0.00009301,323.00000000,1
1531214711136,1531214711131,4581711,0.00009300,519.00000000,1
1531214711139,1531214711134,4581712,0.00009300,971.00000000,1
1531214711142,1531214711139,4581713,0.00009300,971.00000000,1
1531214714929,1531214714926,4581714,0.00009300,657.00000000,1
1531214714952,1531214714949,4581715,0.00009300,667.00000000,1
1531214715074,1531214715069,4581716,0.00009346,169.00000000,0
1531214716504,1531214716499,4581717,0.00009300,197.00000000,1
1531214716948,1531214716943,4581718,0.00009279,106.00000000,1
1531214716948,1531214716943,4581719,0.00009277,1073.00000000,1
1531214719159,1531214719154,4581720,0.00009265,2.00000000,1
1531214722667,1531214722662,4581721,0.00009265,2.00000000,1
1531214724402,1531214724397,4581722,0.00009265,239.00000000,1
1531214725043,1531214725039,4581723,0.00009265,2.00000000,1
1531214725909,1531214725906,4581724,0.00009265,2.00000000,1
1531214726464,1531214726459,4581725,0.00009265,18.00000000,1
1531214730153,1531214730131,4581726,0.00009292,108.00000000,1
1531214730153,1531214730132,4581727,0.00009292,108.00000000,1
1531214730252,1531214730249,4581728,0.00009292,5.00000000,1
1531214740989,1531214740985,4581729,0.00009287,169.00000000,1
1531214742996,1531214742991,4581730,0.00009265,17.00000000,1
1531214754985,1531214754982,4581731,0.00009260,54.00000000,1
1531214755982,1531214755978,4581732,0.00009259,11.00000000,1
1531214756964,1531214756959,4581733,0.00009279,16.00000000,0
1531214762993,1531214762989,4581734,0.00009258,11.00000000,1
1531214767213,1531214767207,4581735,0.00009235,2.00000000,1
1531214769071,1531214769068,4581736,0.00009270,2.00000000,0
1531214773039,1531214773035,4581737,0.00009235,2.00000000,1
1531214781462,1531214781459,4581738,0.00009259,1.00000000,0
1531214785978,1531214785972,4581739,0.00009235,41.00000000,1
1531214785981,1531214785977,4581740,0.00009235,10.00000000,1
1531214788989,1531214788985,4581741,0.00009234,36.00000000,1
1531214790495,1531214790492,4581742,0.00009216,23.00000000,1
1531214790989,1531214790986,4581743,0.00009217,40.00000000,0
1531214790996,1531214790992,4581744,0.00009216,40.00000000,1
1531214793179,1531214793175,4581745,0.00009216,2.00000000,1
1531214797914,1531214797909,4581746,0.00009216,9.00000000,1
1531214797914,1531214797909,4581747,0.00009214,13.00000000,1
1531214797914,1531214797909,4581748,0.00009211,11.00000000,1
1531214797914,1531214797909,4581749,0.00009201,290.00000000,1
1531214800006,1531214800001,4581750,0.00009201,2.00000000,1
1531214805779,1531214805775,4581751,0.00009201,63.00000000,1
1531214806112,1531214806108,4581752,0.00009225,41.00000000,0
1531214808958,1531214808953,4581753,0.00009254,9.00000000,0
1531214809006,1531214809002,4581754,0.00009254,2.00000000,0
1531214809091,1531214809086,4581755,0.00009254,2.00000000,0
1531214809213,1531214809209,4581756,0.00009254,4.00000000,0
1531214809281,1531214809277,4581757,0.00009254,5.00000000,0
1531214809364,1531214809358,4581758,0.00009254,5.00000000,0
1531214809510,1531214809506,4581759,0.00009254,5.00000000,0
1531214809570,1531214809566,4581760,0.00009254,3.00000000,0
1531214809577,1531214809574,4581761,0.00009254,2.00000000,0
1531214809629,1531214809625,4581762,0.00009254,2.00000000,0
1531214809670,1531214809667,4581763,0.00009254,2.00000000,0
1531214809863,1531214809859,4581764,0.00009254,4.00000000,0
1531214809950,1531214809947,4581765,0.00009254,4.00000000,0
1531214810041,1531214810038,4581766,0.00009254,3.00000000,0
1531214810156,1531214810152,4581767,0.00009254,5.00000000,0
1531214810217,1531214810212,4581768,0.00009254,2.00000000,0
1531214810262,1531214810257,4581769,0.00009254,3.00000000,0
1531214810451,1531214810446,4581770,0.00009254,3.00000000,0
1531214810536,1531214810531,4581771,0.00009248,3.00000000,0
1531214810564,1531214810560,4581772,0.00009248,3.00000000,0
1531214810713,1531214810709,4581773,0.00009248,3.00000000,0
1531214810768,1531214810765,4581774,0.00009248,2.00000000,0
1531214810831,1531214810827,4581775,0.00009248,14.00000000,0
1531214810831,1531214810827,4581776,0.00009254,2.00000000,0
1531214810963,1531214810957,4581777,0.00009254,2.00000000,0
1531214811052,1531214811049,4581778,0.00009254,3.00000000,0
1531214811091,1531214811086,4581779,0.00009254,4.00000000,0
1531214811245,1531214811241,4581780,0.00009254,2.00000000,0
1531214811297,1531214811294,4581781,0.00009254,2.00000000,0
1531214811352,1531214811349,4581782,0.00009254,13.00000000,0
1531214811418,1531214811414,4581783,0.00009254,2.00000000,0
1531214811484,1531214811478,4581784,0.00009254,5.00000000,0
1531214811566,1531214811562,4581785,0.00009254,2.00000000,0
1531214811609,1531214811604,4581786,0.00009254,17.00000000,0
1531214811726,1531214811723,4581787,0.00009253,11.00000000,0
1531214811766,1531214811760,4581788,0.00009253,2.00000000,0
1531214811769,1531214811766,4581789,0.00009253,107.00000000,0
1531214811820,1531214811816,4581790,0.00009254,3.00000000,0
1531214811871,1531214811866,4581791,0.00009254,2.00000000,0
1531214812017,1531214812014,4581792,0.00009254,2.00000000,0
1531214812026,1531214812021,4581793,0.00009253,13.00000000,1
1531214812095,1531214812090,4581794,0.00009254,2.00000000,0
1531214812161,1531214812157,4581795,0.00009254,3.00000000,0
1531214812225,1531214812220,4581796,0.00009254,6.00000000,0
1531214812314,1531214812311,4581797,0.00009254,3.00000000,0
1531214812347,1531214812343,4581798,0.00009254,4.00000000,0
1531214812395,1531214812392,4581799,0.00009254,3.00000000,0
1531214812454,1531214812450,4581800,0.00009254,2.00000000,0
1531214812455,1531214812451,4581801,0.00009254,2.00000000,0
1531214812635,1531214812631,4581802,0.00009254,2.00000000,0
1531214812687,1531214812682,4581803,0.00009254,2.00000000,0
1531214812742,1531214812736,4581804,0.00009254,5.00000000,0
1531214812853,1531214812849,4581805,0.00009254,5.00000000,0
1531214812896,1531214812892,4581806,0.00009254,4.00000000,0
1531214812938,1531214812933,4581807,0.00009254,10.00000000,0
1531214812948,1531214812943,4581808,0.00009254,3.00000000,0
1531214813000,1531214812996,4581809,0.00009254,6.00000000,0
1531214813103,1531214813098,4581810,0.00009254,3.00000000,0
1531214813208,1531214813205,4581811,0.00009254,2.00000000,0
1531214819128,1531214819123,4581812,0.00009254,127.00000000,0
1531214819315,1531214819311,4581813,0.00009254,8.00000000,1
1531214819315,1531214819311,4581814,0.00009226,4.00000000,1
1531214828974,1531214828970,4581815,0.00009227,13.00000000,1
1531214828974,1531214828970,4581816,0.00009226,10.00000000,1
1531214828974,1531214828970,4581817,0.00009209,37.00000000,1
1531214830021,1531214830018,4581818,0.00009252,27.00000000,1
1531214830041,1531214830036,4581819,0.00009252,176.00000000,1
1531214830139,1531214830133,4581820,0.00009252,27.00000000,0
1531214830139,1531214830133,4581821,0.00009258,13.00000000,0
1531214830139,1531214830133,4581822,0.00009259,68.00000000,0
1531214832829,1531214832825,4581823,0.00009212,852.00000000,1
1531214832829,1531214832825,4581824,0.00009211,19.00000000,1
1531214832829,1531214832825,4581825,0.00009210,44.00000000,1
1531214832829,1531214832825,4581826,0.00009208,1782.00000000,1
1531214838558,1531214838553,4581827,0.00009248,19.00000000,0
1531214838558,1531214838553,4581828,0.00009249,419.00000000,0
1531214838558,1531214838553,4581829,0.00009250,490.00000000,0
1531214844021,1531214844016,4581830,0.00009248,10.00000000,0
1531214844906,1531214844901,4581831,0.00009247,193.00000000,1
1531214863916,1531214863911,4581832,0.00009243,176.00000000,0
1531214866525,1531214866522,4581833,0.00009244,154.00000000,1
1531214893082,1531214893078,4581834,0.00009228,57.00000000,1
1531214893082,1531214893078,4581835,0.00009226,52.00000000,1
1531214893350,1531214893345,4581836,0.00009238,108.00000000,1
1531214893365,1531214893360,4581837,0.00009238,58.00000000,1
1531214893365,1531214893360,4581838,0.00009226,50.00000000,1
1531214896067,1531214896062,4581839,0.00009237,44.00000000,0
1531214896067,1531214896062,4581840,0.00009241,12.00000000,0
1531214900724,1531214900720,4581841,0.00009237,160.00000000,0
1531214903743,1531214903738,4581842,0.00009226,47.00000000,1
1531214903743,1531214903738,4581843,0.00009209,85.00000000,1
1531214911645,1531214911641,4581844,0.00009242,136.00000000,0
1531214928474,1531214928471,4581845,0.00009240,178.00000000,0
1531214944878,1531214944872,4581846,0.00009222,2.00000000,1
1531214953044,1531214953040,4581847,0.00009236,117.00000000,1
1531214956139,1531214956135,4581848,0.00009241,12.00000000,0
1531214958886,1531214958883,4581849,0.00009233,161.00000000,0
1531214974389,1531214974383,4581850,0.00009232,12.00000000,1
1531214981883,1531214981880,4581851,0.00009242,135.00000000,0
1531214987655,1531214987649,4581852,0.00009232,36.00000000,1
1531214987655,1531214987649,4581853,0.00009222,149.00000000,1
1531214987655,1531214987649,4581854,0.00009203,420.00000000,1
1531214987655,1531214987649,4581855,0.00009202,1574.00000000,1
1531214987655,1531214987649,4581856,0.00009200,3632.00000000,1
1531214991787,1531214991782,4581857,0.00009239,155.00000000,0
1531214993567,1531214993563,4581858,0.00009199,2.00000000,1
1531214995376,1531214995373,4581859,0.00009198,2.00000000,1
1531215007805,1531215007802,4581860,0.00009234,174.00000000,1
1531215016158,1531215016154,4581861,0.00009233,894.00000000,0
1531215016158,1531215016154,4581862,0.00009236,152.00000000,0
1531215020604,1531215020601,4581863,0.00009199,38.00000000,1
1531215020786,1531215020782,4581864,0.00009236,160.00000000,0
1531215030302,1531215030298,4581865,0.00009263,38.00000000,0
1531215030302,1531215030298,4581866,0.00009264,48.00000000,0
1531215030302,1531215030298,4581867,0.00009282,21.00000000,0
1531215041050,1531215041046,4581868,0.00009280,12.00000000,0
1531215044697,1531215044694,4581869,0.00009227,133.00000000,1
1531215052791,1531215052786,4581870,0.00009230,150.00000000,1
1531215062913,1531215062908,4581871,0.00009276,14.00000000,0
1531215067551,1531215067547,4581872,0.00009274,1.00000000,0
1531215069835,1531215069832,4581873,0.00009235,213.00000000,1
1531215078755,1531215078751,4581874,0.00009235,225.00000000,0
1531215090904,1531215090901,4581875,0.00009237,203.00000000,1
1531215106784,1531215106770,4581876,0.00009234,69.00000000,1
1531215110000,1531215109994,4581877,0.00009236,254.00000000,0
1531215111236,1531215111232,4581878,0.00009201,19.00000000,1
1531215111278,1531215111274,4581879,0.00009201,99.00000000,1
1531215111380,1531215111376,4581880,0.00009201,79.00000000,1
1531215111586,1531215111582,4581881,0.00009201,19.00000000,1
1531215112697,1531215112691,4581882,0.00009202,35.00000000,1
1531215112697,1531215112691,4581883,0.00009201,64.00000000,1
1531215125925,1531215125919,4581884,0.00009201,88.00000000,1
1531215130223,1531215130219,4581885,0.00009219,110.00000000,1
1531215135663,1531215135660,4581886,0.00009216,1.00000000,0
1531215136825,1531215136819,4581887,0.00009214,18.00000000,0
1531215136825,1531215136819,4581888,0.00009216,16.00000000,0
1531215147131,1531215147128,4581889,0.00009220,137.00000000,1
1531215160838,1531215160834,4581890,0.00009221,13.00000000,0
1531215161136,1531215161131,4581891,0.00009221,1.00000000,0
1531215161259,1531215161255,4581892,0.00009242,147.00000000,1
1531215163178,1531215163174,4581893,0.00009194,20.00000000,1
1531215163260,1531215163255,4581894,0.00009194,10.00000000,1
1531215163260,1531215163255,4581895,0.00009193,2.00000000,1
1531215163336,1531215163332,4581896,0.00009193,8.00000000,1
1531215169355,1531215169352,4581897,0.00009240,134.00000000,0
1531215170301,1531215170295,4581898,0.00009246,15.00000000,0
1531215170301,1531215170295,4581899,0.00009247,7.00000000,0
1531215179716,1531215179712,4581900,0.00009238,16.00000000,0
1531215184122,1531215184118,4581901,0.00009197,14.00000000,1
1531215184122,1531215184118,4581902,0.00009192,19.00000000,1
1531215184144,1531215184140,4581903,0.00009192,133.00000000,1
1531215184169,1531215184164,4581904,0.00009192,1.00000000,1
1531215184169,1531215184164,4581905,0.00009187,79.00000000,1
1531215184170,1531215184166,4581906,0.00009181,12.00000000,1
1531215184170,1531215184166,4581907,0.00009179,13.00000000,1
1531215184170,1531215184166,4581908,0.00009178,84.00000000,1
1531215184233,1531215184229,4581909,0.00009178,126.00000000,1
1531215184233,1531215184229,4581910,0.00009177,78.00000000,1
1531215184709,1531215184705,4581911,0.00009173,22.00000000,1
1531215190984,1531215190981,4581912,0.00009175,174.00000000,1
1531215196844,1531215196839,4581913,0.00009176,69.00000000,0
1531215196844,1531215196839,4581914,0.00009177,96.00000000,0
1531215196844,1531215196839,4581915,0.00009186,352.00000000,0
1531215196844,1531215196839,4581916,0.00009187,138.00000000,0
1531215196844,1531215196839,4581917,0.00009189,80.00000000,0
1531215196844,1531215196839,4581918,0.00009197,206.00000000,0
1531215199713,1531215199709,4581919,0.00009232,31.00000000,1
1531215199720,1531215199715,4581920,0.00009232,126.00000000,1
1531215199800,1531215199794,4581921,0.00009232,1.00000000,1
1531215213905,1531215213901,4581922,0.00009223,143.00000000,1
1531215223581,1531215223577,4581923,0.00009186,11.00000000,1
1531215231891,1531215231886,4581924,0.00009272,50.00000000,0
1531215243661,1531215243657,4581925,0.00009198,11.00000000,1
1531215244287,1531215244284,4581926,0.00009198,55.00000000,1
1531215257908,1531215257904,4581927,0.00009203,73.00000000,1
1531215287530,1531215287525,4581928,0.00009195,73.00000000,0
1531215287530,1531215287525,4581929,0.00009196,66.00000000,0
1531215287530,1531215287525,4581930,0.00009198,2791.00000000,0
1531215293385,1531215293381,4581931,0.00009195,287.00000000,1
1531215311438,1531215311435,4581932,0.00009185,192.00000000,1
1531215323384,1531215323378,4581933,0.00009185,48.00000000,0
1531215323384,1531215323378,4581934,0.00009198,136.00000000,0
1531215323384,1531215323378,4581935,0.00009200,215.00000000,0
1531215323388,1531215323385,4581936,0.00009200,399.00000000,0
1531215325563,1531215325558,4581937,0.00009186,212.00000000,0
1531215335455,1531215335450,4581938,0.00009178,184.00000000,0
1531215335771,1531215335768,4581939,0.00009200,133.00000000,0
1531215346874,1531215346869,4581940,0.00009195,17.00000000,0
1531215351176,1531215351172,4581941,0.00009195,34.00000000,0
1531215351176,1531215351172,4581942,0.00009200,99.00000000,0
1531215352449,1531215352444,4581943,0.00009178,182.00000000,1
1531215354195,1531215354191,4581944,0.00009200,133.00000000,0
1531215362441,1531215362437,4581945,0.00009200,19.00000000,0
1531215372011,1531215372006,4581946,0.00009178,541.00000000,1
1531215375352,1531215375348,4581947,0.00009179,124.00000000,0
1531215382400,1531215382397,4581948,0.00009180,120.00000000,1
1531215386905,1531215386900,4581949,0.00009200,108.00000000,0
1531215394395,1531215394390,4581950,0.00009177,154.00000000,0
1531215404116,1531215404112,4581951,0.00009200,326.00000000,0
1531215404120,1531215404117,4581952,0.00009200,398.00000000,0
1531215404131,1531215404127,4581953,0.00009200,398.00000000,0
1531215407213,1531215407208,4581954,0.00009177,2.00000000,0
1531215407346,1531215407316,4581955,0.00009177,128.00000000,0
1531215411306,1531215411302,4581956,0.00009200,36.00000000,0
1531215411473,1531215411470,4581957,0.00009200,45.00000000,0
1531215414370,1531215414365,4581958,0.00009200,133.00000000,0
1531215414375,1531215414371,4581959,0.00009200,133.00000000,0
1531215424278,1531215424274,4581960,0.00009200,133.00000000,0
1531215424305,1531215424301,4581961,0.00009200,105.00000000,0
1531215425040,1531215425037,4581962,0.00009203,23.00000000,0
1531215427252,1531215427249,4581963,0.00009201,28.00000000,1
1531215430572,1531215430569,4581964,0.00009201,1.00000000,1
1531215431686,1531215431682,4581965,0.00009202,205.00000000,0
1531215431875,1531215431871,4581966,0.00009254,5.00000000,0
1531215435520,1531215435516,4581967,0.00009202,173.00000000,1
1531215438870,1531215438864,4581968,0.00009203,6.00000000,1
1531215457477,1531215457472,4581969,0.00009212,35.00000000,1
1531215460574,1531215460571,4581970,0.00009202,220.00000000,0
1531215469656,1531215469651,4581971,0.00009202,133.00000000,0
1531215469762,1531215469757,4581972,0.00009202,123.00000000,0
1531215484850,1531215484847,4581973,0.00009241,1.00000000,0
1531215494014,1531215494010,4581974,0.00009207,121.00000000,1
1531215501059,1531215501054,4581975,0.00009206,179.00000000,0
1531215522079,1531215522075,4581976,0.00009215,134.00000000,1
1531215576926,1531215576921,4581977,0.00009253,25.00000000,0
1531215588528,1531215588525,4581978,0.00009219,168.00000000,1
1531215599103,1531215599099,4581979,0.00009205,897.00000000,1
1531215599103,1531215599099,4581980,0.00009204,6773.00000000,1
1531215599200,1531215599197,4581981,0.00009204,41.00000000,0
1531215599203,1531215599199,4581982,0.00009204,2934.00000000,0
1531215599209,1531215599204,4581983,0.00009204,400.00000000,0
1531215599214,1531215599209,4581984,0.00009204,978.00000000,0
1531215599298,1531215599294,4581985,0.00009204,3759.00000000,0
1531215599314,1531215599311,4581986,0.00009204,2337.00000000,0
1531215599630,1531215599625,4581987,0.00009204,836.00000000,0
1531215599630,1531215599627,4581988,0.00009204,638.00000000,0
1531215600086,1531215600083,4581989,0.00009204,300.00000000,0
1531215600128,1531215600125,4581990,0.00009204,133.00000000,0
1531215600402,1531215600397,4581991,0.00009204,300.00000000,0
1531215601137,1531215601134,4581992,0.00009204,127.00000000,0
1531215601875,1531215601871,4581993,0.00009204,113.00000000,0
1531215602186,1531215602183,4581994,0.00009204,266.00000000,0
1531215602480,1531215602476,4581995,0.00009204,77.00000000,0
1531215602488,1531215602485,4581996,0.00009204,1446.00000000,0
1531215602491,1531215602487,4581997,0.00009204,1010.00000000,0
1531215603185,1531215603150,4581998,0.00009203,109.00000000,0
1531215603244,1531215603233,4581999,0.00009203,125.00000000,0
1531215603311,1531215603306,4582000,0.00009203,109.00000000,0
1531215603333,1531215603328,4582001,0.00009203,502.00000000,0
1531215603363,1531215603360,4582002,0.00009203,52.00000000,0
1531215603441,1531215603433,4582003,0.00009204,372.00000000,0
1531215604297,1531215604292,4582004,0.00009204,300.00000000,0
1531215605065,1531215605061,4582005,0.00009204,109.00000000,0
1531215607760,1531215607756,4582006,0.00009203,148.00000000,1
1531215607895,1531215607891,4582007,0.00009203,8.00000000,0
1531215607895,1531215607891,4582008,0.00009204,148.00000000,0
1531215611062,1531215611058,4582009,0.00009200,28.00000000,1
1531215617148,1531215617144,4582010,0.00009200,978.00000000,0
1531215617814,1531215617811,4582011,0.00009199,144.00000000,0
1531215623093,1531215623088,4582012,0.00009174,70.00000000,1
1531215623093,1531215623088,4582013,0.00009173,84.00000000,1
1531215623093,1531215623088,4582014,0.00009167,112.00000000,1
1531215623093,1531215623088,4582015,0.00009164,221.00000000,1
1531215623093,1531215623088,4582016,0.00009163,12.00000000,1
1531215623093,1531215623088,4582017,0.00009162,11.00000000,1
1531215623093,1531215623088,4582018,0.00009147,1200.00000000,1
1531215623235,1531215623231,4582019,0.00009147,1210.00000000,0
1531215623239,1531215623236,4582020,0.00009147,805.00000000,0
1531215629681,1531215629677,4582021,0.00009165,2.00000000,1
1531215636875,1531215636870,4582022,0.00009198,141.00000000,1
1531215641682,1531215641624,4582023,0.00009166,2.00000000,1
1531215646641,1531215646637,4582024,0.00009196,180.00000000,0
1531215655054,1531215655050,4582025,0.00009165,174.00000000,1
1531215664060,1531215664056,4582026,0.00009165,70.00000000,1
1531215671161,1531215671156,4582027,0.00009165,157.00000000,1
1531215671161,1531215671156,4582028,0.00009147,171.00000000,1
1531215671360,1531215671355,4582029,0.00009147,407.00000000,1
1531215671894,1531215671891,4582030,0.00009190,228.00000000,1
1531215672249,1531215672243,4582031,0.00009191,144.00000000,0
1531215680873,1531215680870,4582032,0.00009193,239.00000000,0
1531215685092,1531215685088,4582033,0.00009154,73.00000000,1
1531215685092,1531215685088,4582034,0.00009153,255.00000000,1
1531215685102,1531215685098,4582035,0.00009153,329.00000000,1
1531215689560,1531215689555,4582036,0.00009145,36.00000000,1
1531215689560,1531215689555,4582037,0.00009144,66.00000000,1
1531215689560,1531215689555,4582038,0.00009143,189.00000000,1
1531215702716,1531215702713,4582039,0.00009175,175.00000000,1
1531215705696,1531215705693,4582040,0.00009174,217.00000000,0
1531215710363,1531215710357,4582041,0.00009136,23.00000000,1
1531215715078,1531215715074,4582042,0.00009171,39.00000000,0
1531215716789,1531215716785,4582043,0.00009172,20.00000000,0
1531215716822,1531215716818,4582044,0.00009171,8.00000000,1
1531215726738,1531215726734,4582045,0.00009136,2.00000000,1
1531215728797,1531215728792,4582046,0.00009169,73.00000000,1
1531215728800,1531215728795,4582047,0.00009169,49.00000000,1
1531215728873,1531215728868,4582048,0.00009136,24.00000000,1
1531215728917,1531215728913,4582049,0.00009136,2.00000000,1
1531215728917,1531215728913,4582050,0.00009124,63.00000000,1
1531215728917,1531215728913,4582051,0.00009123,32.00000000,1
1531215734802,1531215734799,4582052,0.00009123,1182.00000000,1
1531215735074,1531215735070,4582053,0.00009122,15.00000000,1
1531215735821,1531215735817,4582054,0.00009121,59.00000000,1
1531215735941,1531215735937,4582055,0.00009123,114.00000000,0
1531215737359,1531215737355,4582056,0.00009123,4238.00000000,0
1531215739072,1531215739068,4582057,0.00009121,1.00000000,1
1531215742072,1531215742068,4582058,0.00009115,67.00000000,1
1531215742818,1531215742815,4582059,0.00009122,110.00000000,0
1531215745075,1531215745072,4582060,0.00009115,26.00000000,1
1531215745995,1531215745991,4582061,0.00009123,20.00000000,0
1531215748082,1531215748079,4582062,0.00009114,131.00000000,1
1531215754075,1531215754071,4582063,0.00009114,136.00000000,1
1531215754173,1531215754169,4582064,0.00009114,110.00000000,1
1531215755448,1531215755444,4582065,0.00009114,171.00000000,1
1531215757933,1531215757927,4582066,0.00009106,11.00000000,1
1531215757933,1531215757927,4582067,0.00009100,300.00000000,1
1531215757933,1531215757927,4582068,0.00009075,12.00000000,1
1531215757933,1531215757927,4582069,0.00009074,49.00000000,1
1531215757933,1531215757927,4582070,0.00009073,66.00000000,1
1531215757933,1531215757927,4582071,0.00009070,12.00000000,1
1531215757933,1531215757927,4582072,0.00009057,2800.00000000,1
1531215757933,1531215757927,4582073,0.00009055,26.00000000,1
1531215757933,1531215757927,4582074,0.00009051,149.00000000,1
1531215757933,1531215757927,4582075,0.00009050,6340.00000000,1
1531215757933,1531215757927,4582076,0.00009047,2018.00000000,1
1531215759029,1531215759025,4582077,0.00009050,12.00000000,1
1531215765652,1531215765648,4582078,0.00009089,71.00000000,0
1531215765652,1531215765648,4582079,0.00009090,12.00000000,0
1531215765652,1531215765648,4582080,0.00009091,32.00000000,0
1531215773107,1531215773102,4582081,0.00009091,42.00000000,0
1531215775689,1531215775686,4582082,0.00009054,2.00000000,1
1531215776495,1531215776491,4582083,0.00009091,16.00000000,0
1531215777001,1531215776997,4582084,0.00009053,2.00000000,1
1531215778182,1531215778178,4582085,0.00009054,67.00000000,1
1531215778182,1531215778178,4582086,0.00009053,489.00000000,1
1531215784406,1531215784402,4582087,0.00009053,1.00000000,1
1531215790099,1531215790095,4582088,0.00009053,56.00000000,1
1531215792529,1531215792524,4582089,0.00009080,67.00000000,0
1531215792529,1531215792524,4582090,0.00009081,26.00000000,0
1531215792529,1531215792524,4582091,0.00009087,13.00000000,0
1531215792529,1531215792524,4582092,0.00009089,30.00000000,0
1531215792651,1531215792647,4582093,0.00009089,9.00000000,0
1531215792651,1531215792647,4582094,0.00009091,75.00000000,0
1531215792651,1531215792647,4582095,0.00009094,26.00000000,0
1531215793377,1531215793374,4582096,0.00009110,57.00000000,0
1531215796604,1531215796600,4582097,0.00009110,108.00000000,0
1531215802768,1531215802764,4582098,0.00009110,27.00000000,0
1531215810157,1531215810152,4582099,0.00009063,12.00000000,1
1531215810890,1531215810885,4582100,0.00009063,12.00000000,1
1531215816200,1531215816196,4582101,0.00009077,121.00000000,1
1531215828066,1531215828062,4582102,0.00009107,24.00000000,0
1531215829026,1531215829021,4582103,0.00009107,407.00000000,0
1531215832134,1531215832130,4582104,0.00009080,104.00000000,0
1531215832134,1531215832130,4582105,0.00009107,32.00000000,0
1531215835280,1531215835275,4582106,0.00009107,136.00000000,0
1531215853300,1531215853297,4582107,0.00009090,152.00000000,1
1531215861377,1531215861373,4582108,0.00009090,144.00000000,1
1531215873322,1531215873318,4582109,0.00009092,199.00000000,1
1531215887416,1531215887413,4582110,0.00009091,171.00000000,0
1531215893139,1531215893136,4582111,0.00009107,73.00000000,0
1531215893249,1531215893245,4582112,0.00009107,61.00000000,0
1531215893249,1531215893245,4582113,0.00009108,49.00000000,0
1531215893255,1531215893251,4582114,0.00009108,97.00000000,0
1531215893306,1531215893303,4582115,0.00009108,300.00000000,0
1531215893393,1531215893390,4582116,0.00009108,391.00000000,0
1531215893470,1531215893467,4582117,0.00009108,200.00000000,0
1531215894894,1531215894891,4582118,0.00009108,489.00000000,0
1531215913304,1531215913301,4582119,0.00009089,114.00000000,1
1531215918250,1531215918246,4582120,0.00009089,129.00000000,1
1531215939261,1531215939257,4582121,0.00009094,138.00000000,0
1531215941153,1531215941149,4582122,0.00009101,49.00000000,0
1531215941153,1531215941149,4582123,0.00009108,280.00000000,0
1531215942099,1531215942094,4582124,0.00009108,329.00000000,0
1531215943171,1531215943167,4582125,0.00009108,329.00000000,0
1531215944182,1531215944178,4582126,0.00009108,110.00000000,0
1531215946959,1531215946956,4582127,0.00009100,66.00000000,0
1531215946959,1531215946956,4582128,0.00009114,149.00000000,0
1531215946959,1531215946956,4582129,0.00009116,1008.00000000,0
1531215947130,1531215947126,4582130,0.00009116,408.00000000,0
1531215948963,1531215948960,4582131,0.00009116,408.00000000,0
1531215951315,1531215951312,4582132,0.00009095,140.00000000,1
1531215952195,1531215952190,4582133,0.00009116,110.00000000,0
1531215952206,1531215952202,4582134,0.00009116,136.00000000,0
1531215954182,1531215954178,4582135,0.00009116,407.00000000,0
1531215956075,1531215956071,4582136,0.00009116,110.00000000,0
1531215956849,1531215956845,4582137,0.00009116,315.00000000,0
1531215974516,1531215974512,4582138,0.00009096,232.00000000,1
1531215982229,1531215982225,4582139,0.00009094,137.00000000,1
1531215986582,1531215986577,4582140,0.00009097,229.00000000,1
1531215986582,1531215986577,4582141,0.00009096,110.00000000,1
1531215986582,1531215986577,4582142,0.00009094,2317.00000000,1
1531215986582,1531215986577,4582143,0.00009093,1764.00000000,1
1531215989560,1531215989555,4582144,0.00009094,189.00000000,0
1531215990570,1531215990566,4582145,0.00009093,3315.00000000,1
1531215993213,1531215993209,4582146,0.00009093,2207.00000000,1
1531215993213,1531215993209,4582147,0.00009090,279.00000000,1
1531215998089,1531215998086,4582148,0.00009122,25.00000000,0
1531215998243,1531215998240,4582149,0.00009122,40.00000000,0
1531215998243,1531215998240,4582150,0.00009123,12.00000000,0
1531216000738,1531216000734,4582151,0.00009091,65.00000000,1
1531216000738,1531216000734,4582152,0.00009090,6693.00000000,1
1531216000738,1531216000734,4582153,0.00009075,703.00000000,1
1531216002518,1531216002514,4582154,0.00009103,241.00000000,1
1531216011549,1531216011544,4582155,0.00009078,18.00000000,1
1531216013556,1531216013553,4582156,0.00009101,175.00000000,0
1531216020241,1531216020236,4582157,0.00009075,398.00000000,1
1531216020241,1531216020236,4582158,0.00009065,836.00000000,1
1531216022121,1531216022118,4582159,0.00009115,2.00000000,0
1531216034527,1531216034523,4582160,0.00009092,149.00000000,0
1531216042473,1531216042468,4582161,0.00009093,132.00000000,0
1531216062441,1531216062437,4582162,0.00009084,139.00000000,1
1531216065539,1531216065535,4582163,0.00009085,123.00000000,0
1531216066412,1531216066408,4582164,0.00009066,209.00000000,1
1531216067389,1531216067385,4582165,0.00009065,209.00000000,1
1531216070028,1531216070023,4582166,0.00009065,16.00000000,1
1531216074752,1531216074747,4582167,0.00009066,23.00000000,0
1531216076160,1531216076156,4582168,0.00009066,993.00000000,0
1531216076174,1531216076169,4582169,0.00009066,110.00000000,0
1531216076179,1531216076173,4582170,0.00009066,110.00000000,0
1531216079160,1531216079155,4582171,0.00009066,993.00000000,0
1531216090118,1531216090114,4582172,0.00009066,993.00000000,0
1531216090136,1531216090132,4582173,0.00009066,2343.00000000,0
1531216092432,1531216092429,4582174,0.00009066,216.00000000,0
1531216097409,1531216097404,4582175,0.00009066,207.00000000,1
1531216097993,1531216097989,4582176,0.00009102,13.00000000,0
1531216098433,1531216098428,4582177,0.00009102,22.00000000,0
1531216113763,1531216113758,4582178,0.00009102,27.00000000,0
1531216123320,1531216123315,4582179,0.00009102,3.00000000,0
1531216123320,1531216123315,4582180,0.00009114,106.00000000,0
1531216124309,1531216124305,4582181,0.00009067,252.00000000,1
1531216129376,1531216129373,4582182,0.00009067,30.00000000,0
1531216129419,1531216129415,4582183,0.00009067,156.00000000,0
1531216129480,1531216129475,4582184,0.00009114,122.00000000,0
1531216136175,1531216136172,4582185,0.00009114,41.00000000,0
1531216136206,1531216136203,4582186,0.00009114,166.00000000,0
1531216150576,1531216150573,4582187,0.00009083,218.00000000,1
1531216155552,1531216155548,4582188,0.00009083,166.00000000,1
1531216175644,1531216175639,4582189,0.00009089,181.00000000,1
1531216180227,1531216180224,4582190,0.00009091,117.00000000,1
1531216180227,1531216180224,4582191,0.00009089,3000.00000000,1
1531216180227,1531216180224,4582192,0.00009088,4209.00000000,1
1531216192584,1531216192580,4582193,0.00009090,184.00000000,1
1531216209408,1531216209403,4582194,0.00009093,120.00000000,0
1531216217518,1531216217512,4582195,0.00009096,108.00000000,1
1531216228273,1531216228270,4582196,0.00009089,65.00000000,1
1531216228356,1531216228351,4582197,0.00009089,330.00000000,0
1531216228365,1531216228360,4582198,0.00009089,330.00000000,0
1531216231120,1531216231116,4582199,0.00009089,12.00000000,0
1531216237506,1531216237502,4582200,0.00009089,101.00000000,0
1531216240141,1531216240136,4582201,0.00009113,3.00000000,0
1531216252405,1531216252400,4582202,0.00009088,106.00000000,0
1531216262298,1531216262294,4582203,0.00009089,500.00000000,0
1531216271318,1531216271313,4582204,0.00009089,18.00000000,0
1531216272371,1531216272366,4582205,0.00009088,124.00000000,0
1531216273090,1531216273086,4582206,0.00009089,992.00000000,0
1531216277313,1531216277310,4582207,0.00009088,103.00000000,0
1531216285177,1531216285174,4582208,0.00009110,12.00000000,0
1531216301246,1531216301243,4582209,0.00009079,118.00000000,0
1531216308307,1531216308303,4582210,0.00009083,121.00000000,1
1531216323589,1531216323584,4582211,0.00009087,6.00000000,1
1531216330160,1531216330156,4582212,0.00009088,123.00000000,1
1531216332531,1531216332527,4582213,0.00009087,114.00000000,1
1531216338248,1531216338245,4582214,0.00009090,127.00000000,0
1531216355473,1531216355468,4582215,0.00009110,20.00000000,0
1531216361282,1531216361278,4582216,0.00009089,129.00000000,1
1531216366106,1531216366103,4582217,0.00009089,142.00000000,0
1531216392770,1531216392767,4582218,0.00009095,409.00000000,1
1531216395491,1531216395487,4582219,0.00009096,131.00000000,1
1531216406016,1531216406012,4582220,0.00009110,28.00000000,0
1531216406273,1531216406269,4582221,0.00009096,120.00000000,1
1531216414271,1531216414267,4582222,0.00009103,129.00000000,1
1531216420507,1531216420503,4582223,0.00009095,30.00000000,1
1531216420552,1531216420547,4582224,0.00009095,110.00000000,0
1531216420566,1531216420561,4582225,0.00009095,110.00000000,0
1531216420570,1531216420565,4582226,0.00009095,110.00000000,0
1531216421121,1531216421116,4582227,0.00009095,49.00000000,0
1531216424790,1531216424786,4582228,0.00009110,2.00000000,0
1531216424790,1531216424786,4582229,0.00009114,8.00000000,0
1531216427365,1531216427360,4582230,0.00009101,130.00000000,0
1531216442879,1531216442875,4582231,0.00009095,136.00000000,0
1531216442886,1531216442882,4582232,0.00009095,110.00000000,0
1531216442896,1531216442892,4582233,0.00009095,110.00000000,0
1531216442943,1531216442938,4582234,0.00009095,21.00000000,0
1531216443123,1531216443119,4582235,0.00009095,32.00000000,0
1531216447117,1531216447113,4582236,0.00009101,99.00000000,0
1531216447695,1531216447692,4582237,0.00009108,173.00000000,1
1531216464714,1531216464709,4582238,0.00009110,146.00000000,0
1531216472783,1531216472778,4582239,0.00009101,185.00000000,1
1531216477439,1531216477435,4582240,0.00009091,110.00000000,0
1531216477512,1531216477507,4582241,0.00009091,110.00000000,0
1531216478119,1531216478114,4582242,0.00009091,189.00000000,0
1531216489810,1531216489806,4582243,0.00009103,149.00000000,1
1531216502445,1531216502440,4582244,0.00009114,33.00000000,0
1531216512943,1531216512939,4582245,0.00009109,127.00000000,0
1531216514622,1531216514618,4582246,0.00009095,409.00000000,1
1531216523775,1531216523771,4582247,0.00009108,127.00000000,0
1531216532800,1531216532795,4582248,0.00009111,122.00000000,0
1531216551830,1531216551825,4582249,0.00009110,129.00000000,0
1531216570827,1531216570822,4582250,0.00009107,127.00000000,1
1531216585873,1531216585869,4582251,0.00009108,98.00000000,1
1531216599200,1531216599196,4582252,0.00009114,52.00000000,0
1531216599200,1531216599196,4582253,0.00009127,58.00000000,0
1531216602569,1531216602565,4582254,0.00009127,110.00000000,0
1531216603246,1531216603242,4582255,0.00009127,110.00000000,0
1531216604140,1531216604137,4582256,0.00009136,51.00000000,0
1531216604148,1531216604143,4582257,0.00009136,108.00000000,0
1531216604148,1531216604143,4582258,0.00009137,103.00000000,0
1531216604148,1531216604143,4582259,0.00009143,67.00000000,0
1531216604179,1531216604174,4582260,0.00009143,22.00000000,1
1531216604195,1531216604191,4582261,0.00009143,66.00000000,1
1531216604313,1531216604309,4582262,0.00009153,206.00000000,0
1531216604825,1531216604822,4582263,0.00009144,123.00000000,0
1531216605137,1531216605133,4582264,0.00009143,234.00000000,1
1531216605167,1531216605161,4582265,0.00009136,88.00000000,1
1531216609641,1531216609637,4582266,0.00009136,4.00000000,1
1531216609688,1531216609684,4582267,0.00009099,105.00000000,0
1531216611755,1531216611750,4582268,0.00009100,34.00000000,1
1531216613520,1531216613515,4582269,0.00009101,27.00000000,1
1531216625220,1531216625214,4582270,0.00009143,26.00000000,0
1531216625225,1531216625221,4582271,0.00009144,27.00000000,0
1531216634739,1531216634735,4582272,0.00009154,11.00000000,0
1531216635090,1531216635085,4582273,0.00009146,231.00000000,1
1531216643070,1531216643066,4582274,0.00009144,284.00000000,0
1531216648358,1531216648353,4582275,0.00009143,26.00000000,1
1531216648358,1531216648353,4582276,0.00009119,123.00000000,1
1531216661134,1531216661130,4582277,0.00009134,257.00000000,1
1531216680845,1531216680841,4582278,0.00009155,15.00000000,0
1531216680876,1531216680870,4582279,0.00009162,136.00000000,0
1531216681190,1531216681185,4582280,0.00009162,1.00000000,0
1531216681190,1531216681185,4582281,0.00009163,66.00000000,0
1531216699398,1531216699394,4582282,0.00009172,12.00000000,0
1531216699897,1531216699892,4582283,0.00009173,22.00000000,0
1531216700831,1531216700826,4582284,0.00009159,75.00000000,1
1531216711328,1531216711324,4582285,0.00009178,12.00000000,0
1531216715067,1531216715064,4582286,0.00009162,32.00000000,1
1531216720313,1531216720308,4582287,0.00009179,32.00000000,1
1531216728683,1531216728678,4582288,0.00009179,2.00000000,1
1531216730035,1531216730030,4582289,0.00009164,110.00000000,0
1531216732419,1531216732414,4582290,0.00009163,13.00000000,1
1531216740150,1531216740146,4582291,0.00009163,62.00000000,1
1531216748193,1531216748188,4582292,0.00009164,146.00000000,0
1531216757154,1531216757149,4582293,0.00009164,193.00000000,1
1531216771125,1531216771120,4582294,0.00009164,192.00000000,1
1531216776342,1531216776338,4582295,0.00009165,418.00000000,0
1531216776342,1531216776338,4582296,0.00009177,1218.00000000,0
1531216784240,1531216784237,4582297,0.00009153,2.00000000,1
1531216784843,1531216784839,4582298,0.00009153,3.00000000,1
1531216785799,1531216785796,4582299,0.00009153,2.00000000,1
1531216786547,1531216786542,4582300,0.00009151,5.00000000,1
1531216787128,1531216787124,4582301,0.00009151,11.00000000,1
1531216787795,1531216787789,4582302,0.00009152,4.00000000,1
1531216788325,1531216788320,4582303,0.00009152,2.00000000,1
1531216788852,1531216788849,4582304,0.00009151,3.00000000,1
1531216789218,1531216789211,4582305,0.00009151,6.00000000,1
1531216789509,1531216789505,4582306,0.00009151,2.00000000,1
1531216790116,1531216790111,4582307,0.00009151,2.00000000,1
1531216791028,1531216791023,4582308,0.00009151,2.00000000,1
1531216791885,1531216791881,4582309,0.00009151,2.00000000,1
1531216792310,1531216792307,4582310,0.00009164,146.00000000,0
1531216792905,1531216792900,4582311,0.00009151,3.00000000,1
1531216793463,1531216793458,4582312,0.00009151,2.00000000,1
1531216794000,1531216793996,4582313,0.00009151,5.00000000,1
1531216794885,1531216794881,4582314,0.00009152,3.00000000,1
1531216795221,1531216795218,4582315,0.00009152,2.00000000,1
1531216795680,1531216795676,4582316,0.00009151,5.00000000,1
1531216796121,1531216796118,4582317,0.00009151,5.00000000,1
1531216796219,1531216796215,4582318,0.00009151,5.00000000,1
1531216796663,1531216796659,4582319,0.00009151,3.00000000,1
1531216797185,1531216797181,4582320,0.00009151,9.00000000,1
1531216797774,1531216797770,4582321,0.00009151,2.00000000,1
1531216798400,1531216798396,4582322,0.00009151,5.00000000,1
1531216798968,1531216798964,4582323,0.00009151,2.00000000,1
1531216799504,1531216799497,4582324,0.00009151,2.00000000,1
1531216800143,1531216800138,4582325,0.00009137,3.00000000,1
1531216800636,1531216800632,4582326,0.00009137,6.00000000,1
1531216801045,1531216801041,4582327,0.00009137,2.00000000,1
1531216801712,1531216801707,4582328,0.00009137,4.00000000,1
1531216802073,1531216802069,4582329,0.00009138,3.00000000,1
1531216802619,1531216802616,4582330,0.00009138,3.00000000,1
1531216803175,1531216803171,4582331,0.00009139,2.00000000,1
1531216803944,1531216803940,4582332,0.00009139,3.00000000,1
1531216804502,1531216804498,4582333,0.00009139,2.00000000,1
1531216805167,1531216805163,4582334,0.00009139,8.00000000,1
1531216805225,1531216805222,4582335,0.00009139,3.00000000,1
1531216805806,1531216805802,4582336,0.00009139,2.00000000,1
1531216806087,1531216806083,4582337,0.00009140,4.00000000,1
1531216806541,1531216806537,4582338,0.00009140,2.00000000,1
1531216807231,1531216807227,4582339,0.00009140,7.00000000,1
1531216807317,1531216807314,4582340,0.00009140,4.00000000,1
1531216807855,1531216807851,4582341,0.00009140,5.00000000,1
1531216808361,1531216808358,4582342,0.00009165,130.00000000,0
1531216827423,1531216827418,4582343,0.00009165,165.00000000,0
1531216832382,1531216832378,4582344,0.00009166,171.00000000,0
1531216841215,1531216841210,4582345,0.00009180,13.00000000,0
1531216841215,1531216841210,4582346,0.00009181,12.00000000,0
1531216841276,1531216841271,4582347,0.00009196,20.00000000,0
1531216849508,1531216849504,4582348,0.00009166,138.00000000,1
1531216869486,1531216869481,4582349,0.00009165,131.00000000,0
1531216876648,1531216876644,4582350,0.00009163,127.00000000,0
1531216895690,1531216895685,4582351,0.00009153,71.00000000,1
1531216896178,1531216896173,4582352,0.00009153,429.00000000,0
1531216903771,1531216903767,4582353,0.00009172,130.00000000,0
1531216908695,1531216908690,4582354,0.00009172,134.00000000,0
1531216918158,1531216918154,4582355,0.00009172,22.00000000,1
1531216932662,1531216932658,4582356,0.00009172,17.00000000,1
1531216933871,1531216933867,4582357,0.00009172,3.00000000,1
1531216934108,1531216934104,4582358,0.00009175,125.00000000,1
1531216935238,1531216935234,4582359,0.00009172,5.00000000,1
1531216936357,1531216936353,4582360,0.00009172,4.00000000,1
1531216938094,1531216938091,4582361,0.00009174,3.00000000,1
1531216940369,1531216940365,4582362,0.00009174,2.00000000,1
1531216943039,1531216943035,4582363,0.00009174,6.00000000,1
1531216944364,1531216944360,4582364,0.00009174,3.00000000,1
1531216945595,1531216945591,4582365,0.00009174,4.00000000,1
1531216946135,1531216946131,4582366,0.00009175,138.00000000,0
1531216946147,1531216946143,4582367,0.00009174,2.00000000,1
1531216946868,1531216946864,4582368,0.00009174,3.00000000,1
1531216947684,1531216947680,4582369,0.00009174,10.00000000,1
1531216948285,1531216948281,4582370,0.00009174,4.00000000,1
1531216948892,1531216948889,4582371,0.00009174,3.00000000,1
1531216952124,1531216952120,4582372,0.00009174,16.00000000,1
1531216952393,1531216952388,4582373,0.00009174,20.00000000,1
1531216958712,1531216958701,4582374,0.00009195,13.00000000,0
1531216962251,1531216962247,4582375,0.00009182,110.00000000,1
1531216972164,1531216972159,4582376,0.00009179,133.00000000,1
1531216978565,1531216978561,4582377,0.00009174,26.00000000,1
1531216994990,1531216994985,4582378,0.00009178,173.00000000,1
1531217006122,1531217006119,4582379,0.00009175,173.00000000,1
1531217006875,1531217006869,4582380,0.00009174,34.00000000,1
1531217013009,1531217013004,4582381,0.00009178,240.00000000,0
1531217020802,1531217020798,4582382,0.00009174,109.00000000,1
1531217029153,1531217029148,4582383,0.00009176,198.00000000,1
1531217044187,1531217044182,4582384,0.00009174,96.00000000,1
1531217046235,1531217046231,4582385,0.00009174,114.00000000,1
1531217047194,1531217047190,4582386,0.00009172,338.00000000,1
1531217048539,1531217048534,4582387,0.00009176,134.00000000,1
1531217056619,1531217056613,4582388,0.00009176,109.00000000,0
1531217068307,1531217068304,4582389,0.00009177,58.00000000,0
1531217068307,1531217068304,4582390,0.00009180,50.00000000,0
1531217081522,1531217081518,4582391,0.00009175,119.00000000,1
1531217082188,1531217082183,4582392,0.00009131,86.00000000,0
1531217091656,1531217091652,4582393,0.00009175,134.00000000,1
1531217109812,1531217109808,4582394,0.00009178,203.00000000,1
1531217122969,1531217122963,4582395,0.00009178,222.00000000,1
1531217137100,1531217137096,4582396,0.00009178,205.00000000,0
1531217145676,1531217145672,4582397,0.00009178,163.00000000,1
1531217174516,1531217174510,4582398,0.00009174,133.00000000,0
1531217186708,1531217186704,4582399,0.00009174,137.00000000,1
1531217193795,1531217193789,4582400,0.00009175,141.00000000,0
1531217205686,1531217205682,4582401,0.00009174,131.00000000,1
1531217231538,1531217231533,4582402,0.00009167,121.00000000,0
1531217235560,1531217235557,4582403,0.00009167,153.00000000,1
1531217245848,1531217245844,4582404,0.00009180,59.00000000,0
1531217262423,1531217262418,4582405,0.00009167,150.00000000,1
1531217268561,1531217268557,4582406,0.00009167,143.00000000,1
1531217280235,1531217280230,4582407,0.00009180,38.00000000,0
1531217288443,1531217288439,4582408,0.00009165,188.00000000,1
1531217295080,1531217295076,4582409,0.00009180,135.00000000,0
1531217307664,1531217307661,4582410,0.00009164,226.00000000,0
1531217313617,1531217313612,4582411,0.00009168,189.00000000,1
1531217327884,1531217327880,4582412,0.00009167,229.00000000,1
1531217329118,1531217329113,4582413,0.00009151,72.00000000,1
1531217329118,1531217329113,4582414,0.00009150,32.00000000,1
1531217329118,1531217329113,4582415,0.00009140,746.00000000,1
1531217352183,1531217352178,4582416,0.00009163,203.00000000,0
1531217356100,1531217356096,4582417,0.00009163,235.00000000,0
1531217380355,1531217380351,4582418,0.00009172,181.00000000,0
1531217391173,1531217391167,4582419,0.00009172,268.00000000,1
1531217397242,1531217397238,4582420,0.00009179,72.00000000,0
1531217400262,1531217400257,4582421,0.00009180,17.00000000,0
1531217410116,1531217410111,4582422,0.00009169,210.00000000,0
1531217426122,1531217426118,4582423,0.00009169,215.00000000,0
1531217431150,1531217431147,4582424,0.00009163,161.00000000,1
1531217449188,1531217449183,4582425,0.00009159,196.00000000,1
1531217468981,1531217468976,4582426,0.00009159,127.00000000,0
1531217482046,1531217482042,4582427,0.00009159,132.00000000,0
1531217484242,1531217484237,4582428,0.00009160,123.00000000,0
1531217498047,1531217498044,4582429,0.00009152,138.00000000,1
1531217501834,1531217501829,4582430,0.00009151,953.00000000,1
1531217501834,1531217501829,4582431,0.00009150,664.00000000,1
1531217501834,1531217501829,4582432,0.00009122,543.00000000,1
1531217507104,1531217507099,4582433,0.00009154,102.00000000,0
1531217507130,1531217507126,4582434,0.00009154,66.00000000,0
1531217529361,1531217529356,4582435,0.00009157,134.00000000,0
1531217543336,1531217543331,4582436,0.00009157,61.00000000,0
1531217543431,1531217543427,4582437,0.00009157,109.00000000,0
1531217552473,1531217552469,4582438,0.00009155,156.00000000,0
1531217561309,1531217561303,4582439,0.00009156,109.00000000,0
1531217561327,1531217561324,4582440,0.00009156,109.00000000,0
1531217564123,1531217564120,4582441,0.00009156,109.00000000,0
1531217565525,1531217565519,4582442,0.00009156,109.00000000,0
1531217616888,1531217616884,4582443,0.00009146,149.00000000,0
1531217626832,1531217626828,4582444,0.00009148,1.00000000,0
1531217626999,1531217626995,4582445,0.00009148,150.00000000,0
1531217648248,1531217648244,4582446,0.00009144,457.00000000,0
1531217648266,1531217648261,4582447,0.00009143,99.00000000,1
1531217656647,1531217656644,4582448,0.00009120,33.00000000,1
1531217656647,1531217656644,4582449,0.00009109,593.00000000,1
1531217660434,1531217660430,4582450,0.00009152,131.00000000,1
1531217674191,1531217674187,4582451,0.00009143,125.00000000,0
1531217691204,1531217691200,4582452,0.00009144,101.00000000,1
1531217708164,1531217708161,4582453,0.00009138,173.00000000,0
1531217712148,1531217712144,4582454,0.00009169,327.00000000,0
1531217712533,1531217712528,4582455,0.00009169,327.00000000,0
1531217727292,1531217727287,4582456,0.00009138,194.00000000,1
1531217736872,1531217736868,4582457,0.00009166,109.00000000,0
1531217743295,1531217743290,4582458,0.00009138,157.00000000,1
1531217747126,1531217747121,4582459,0.00009140,196.00000000,1
1531217771217,1531217771213,4582460,0.00009146,123.00000000,1
1531217788049,1531217788046,4582461,0.00009146,94.00000000,0
1531217797875,1531217797870,4582462,0.00009148,109.00000000,0
1531217804972,1531217804967,4582463,0.00009153,2.00000000,0
1531217809107,1531217809103,4582464,0.00009147,111.00000000,0
1531217824198,1531217824194,4582465,0.00009145,1200.00000000,0
1531217825721,1531217825717,4582466,0.00009145,1200.00000000,0
1531217829264,1531217829260,4582467,0.00009146,50.00000000,0
1531217832288,1531217832284,4582468,0.00009140,109.00000000,1
1531217848207,1531217848203,4582469,0.00009142,149.00000000,1
1531217857166,1531217857163,4582470,0.00009146,122.00000000,1
1531217869233,1531217869229,4582471,0.00009144,107.00000000,1
1531217892069,1531217892064,4582472,0.00009149,123.00000000,1
1531217901079,1531217901073,4582473,0.00009147,139.00000000,0
1531217923097,1531217923092,4582474,0.00009153,152.00000000,0
1531217929037,1531217929033,4582475,0.00009151,157.00000000,0
1531217950936,1531217950931,4582476,0.00009155,143.00000000,0
1531217956058,1531217956052,4582477,0.00009154,162.00000000,0
1531217977086,1531217977081,4582478,0.00009163,137.00000000,0
1531217988039,1531217988035,4582479,0.00009160,144.00000000,0
1531218012401,1531218012397,4582480,0.00009157,185.00000000,1
1531218018453,1531218018449,4582481,0.00009161,246.00000000,1
1531218028599,1531218028594,4582482,0.00009179,11.00000000,0
1531218034548,1531218034543,4582483,0.00009152,224.00000000,0
1531218047542,1531218047536,4582484,0.00009152,202.00000000,1
1531218072477,1531218072474,4582485,0.00009152,244.00000000,0
1531218081603,1531218081598,4582486,0.00009152,270.00000000,0
1531218092623,1531218092617,4582487,0.00009161,208.00000000,0
1531218107500,1531218107495,4582488,0.00009158,262.00000000,0
1531218130448,1531218130443,4582489,0.00009164,135.00000000,0
1531218139420,1531218139416,4582490,0.00009163,119.00000000,0
1531218152584,1531218152578,4582491,0.00009172,125.00000000,0
1531218166587,1531218166583,4582492,0.00009176,1.00000000,0
1531218173186,1531218173182,4582493,0.00009172,95.00000000,1
1531218185900,1531218185896,4582494,0.00009137,15.00000000,1
1531218190603,1531218190599,4582495,0.00009170,199.00000000,0
1531218209640,1531218209634,4582496,0.00009168,180.00000000,1
1531218219546,1531218219541,4582497,0.00009173,229.00000000,1
1531218227675,1531218227671,4582498,0.00009167,154.00000000,0
1531218313755,1531218313751,4582499,0.00009155,206.00000000,0
1531218328712,1531218328707,4582500,0.00009158,204.00000000,1
1531218333687,1531218333682,4582501,0.00009156,212.00000000,0
1531218333737,1531218333733,4582502,0.00009165,34.00000000,0
1531218348968,1531218348965,4582503,0.00009156,228.00000000,1
1531218361138,1531218361133,4582504,0.00009165,109.00000000,0
1531218361141,1531218361136,4582505,0.00009165,135.00000000,0
1531218361152,1531218361147,4582506,0.00009165,109.00000000,0
1531218361168,1531218361164,4582507,0.00009165,59.00000000,0
1531218362332,1531218362327,4582508,0.00009168,79.00000000,0
1531218370295,1531218370290,4582509,0.00009158,191.00000000,1
1531218377190,1531218377185,4582510,0.00009158,170.00000000,1
1531218382276,1531218382272,4582511,0.00009157,196.00000000,1
1531218382276,1531218382272,4582512,0.00009155,132.00000000,1
1531218398496,1531218398491,4582513,0.00009159,139.00000000,1
1531218408664,1531218408660,4582514,0.00009176,2.00000000,0
1531218410320,1531218410315,4582515,0.00009158,175.00000000,0
1531218423363,1531218423359,4582516,0.00009157,63.00000000,1
1531218431314,1531218431308,4582517,0.00009161,162.00000000,1
1531218432124,1531218432120,4582518,0.00009155,23.00000000,1
1531218450430,1531218450426,4582519,0.00009162,187.00000000,0
1531218457258,1531218457252,4582520,0.00009160,176.00000000,1
1531218470058,1531218470053,4582521,0.00009155,332.00000000,1
1531218473272,1531218473268,4582522,0.00009161,155.00000000,0
1531218493066,1531218493061,4582523,0.00009158,117.00000000,1
1531218500239,1531218500234,4582524,0.00009158,165.00000000,0
1531218512230,1531218512226,4582525,0.00009161,157.00000000,1
1531218532191,1531218532187,4582526,0.00009160,136.00000000,1
1531218549497,1531218549493,4582527,0.00009167,123.00000000,1
1531218556422,1531218556419,4582528,0.00009167,141.00000000,1
1531218573337,1531218573332,4582529,0.00009158,151.00000000,1
1531218592403,1531218592400,4582530,0.00009159,133.00000000,0
1531218608267,1531218608263,4582531,0.00009165,119.00000000,0
1531218623382,1531218623378,4582532,0.00009164,128.00000000,0
1531218642308,1531218642303,4582533,0.00009169,108.00000000,0
1531218645345,1531218645341,4582534,0.00009164,197.00000000,0
1531218648273,1531218648268,4582535,0.00009167,90.00000000,1
1531218671158,1531218671152,4582536,0.00009161,191.00000000,1
1531218683197,1531218683189,4582537,0.00009164,206.00000000,1
1531218683198,1531218683193,4582538,0.00009155,101.00000000,1
1531218683198,1531218683193,4582539,0.00009136,18.00000000,1
1531218683379,1531218683375,4582540,0.00009176,1.00000000,0
1531218690141,1531218690137,4582541,0.00009138,70.00000000,1
1531218690141,1531218690137,4582542,0.00009136,2.00000000,1
1531218690141,1531218690137,4582543,0.00009121,54.00000000,1
1531218703163,1531218703158,4582544,0.00009155,236.00000000,0
1531218710133,1531218710128,4582545,0.00009156,228.00000000,0
1531218733153,1531218733149,4582546,0.00009147,132.00000000,1
1531218737157,1531218737153,4582547,0.00009147,144.00000000,0
1531218756006,1531218756000,4582548,0.00009137,159.00000000,1
1531218768241,1531218768235,4582549,0.00009138,126.00000000,1
1531218770506,1531218770502,4582550,0.00009157,1.00000000,0
1531218792233,1531218792229,4582551,0.00009121,59.00000000,1
1531218794230,1531218794226,4582552,0.00009146,241.00000000,1
1531218799398,1531218799393,4582553,0.00009146,269.00000000,0
1531218800416,1531218800412,4582554,0.00009145,59.00000000,0
1531218811206,1531218811201,4582555,0.00009147,204.00000000,1
1531218826114,1531218826110,4582556,0.00009146,215.00000000,0
1531218853109,1531218853105,4582557,0.00009129,913.00000000,1
1531218853205,1531218853199,4582558,0.00009128,27.00000000,0
1531218855365,1531218855360,4582559,0.00009150,96.00000000,1
1531218859303,1531218859299,4582560,0.00009149,104.00000000,0
1531218873288,1531218873284,4582561,0.00009158,117.00000000,0
1531218891235,1531218891230,4582562,0.00009156,111.00000000,1
1531218913024,1531218913018,4582563,0.00009148,153.00000000,1
1531218928962,1531218928957,4582564,0.00009150,135.00000000,0
1531218929044,1531218929040,4582565,0.00009150,15.00000000,0
1531218938979,1531218938974,4582566,0.00009141,160.00000000,0
1531218950080,1531218950076,4582567,0.00009142,203.00000000,1
1531218952466,1531218952462,4582568,0.00009157,124.00000000,0
1531218954499,1531218954493,4582569,0.00009122,622.00000000,1
1531218954499,1531218954493,4582570,0.00009121,90.00000000,1
1531218954499,1531218954493,4582571,0.00009115,1097.00000000,1
1531218954499,1531218954493,4582572,0.00009109,988.00000000,1
1531218971858,1531218971853,4582573,0.00009156,3.00000000,0
1531218974801,1531218974797,4582574,0.00009139,278.00000000,1
1531218978879,1531218978874,4582575,0.00009139,257.00000000,0
1531218983638,1531218983632,4582576,0.00009154,773.00000000,0
1531218999689,1531218999683,4582577,0.00009130,187.00000000,0
1531219004076,1531219004071,4582578,0.00009165,113.00000000,0
1531219004087,1531219004083,4582579,0.00009165,36.00000000,0
1531219004087,1531219004083,4582580,0.00009166,73.00000000,0
1531219009831,1531219009826,4582581,0.00009134,227.00000000,1
1531219021128,1531219021124,4582582,0.00009166,109.00000000,0
1531219021132,1531219021129,4582583,0.00009166,109.00000000,0
1531219024211,1531219024205,4582584,0.00009166,14.00000000,0
1531219024211,1531219024205,4582585,0.00009175,842.00000000,0
1531219024211,1531219024205,4582586,0.00009176,348.00000000,0
1531219025134,1531219025132,4582587,0.00009176,177.00000000,0
1531219025134,1531219025132,4582588,0.00009180,149.00000000,0
1531219025870,1531219025864,4582589,0.00009180,49.00000000,0
1531219025870,1531219025864,4582590,0.00009182,67.00000000,0
1531219025870,1531219025864,4582591,0.00009194,1200.00000000,0
1531219025870,1531219025864,4582592,0.00009196,160.00000000,0
1531219025870,1531219025864,4582593,0.00009204,54.00000000,0
1531219025870,1531219025864,4582594,0.00009209,11.00000000,0
1531219025870,1531219025864,4582595,0.00009216,22.00000000,0
1531219025870,1531219025864,4582596,0.00009218,29.00000000,0
1531219025870,1531219025864,4582597,0.00009224,164.00000000,0
1531219025870,1531219025864,4582598,0.00009226,38.00000000,0
1531219025870,1531219025864,4582599,0.00009238,1800.00000000,0
1531219030791,1531219030787,4582600,0.00009184,137.00000000,0
1531219034017,1531219034011,4582601,0.00009239,11.00000000,0
1531219034018,1531219034011,4582602,0.00009245,12.00000000,0
1531219034018,1531219034011,4582603,0.00009251,22.00000000,0
1531219034018,1531219034011,4582604,0.00009264,12.00000000,0
1531219034018,1531219034011,4582605,0.00009265,37.00000000,0
1531219034018,1531219034011,4582606,0.00009270,12.00000000,0
1531219034018,1531219034011,4582607,0.00009276,1500.00000000,0
1531219038599,1531219038594,4582608,0.00009191,138.00000000,0
1531219051794,1531219051790,4582609,0.00009213,159.00000000,0
1531219052534,1531219052528,4582610,0.00009280,138.00000000,0
1531219052534,1531219052528,4582611,0.00009281,11.00000000,0
1531219052534,1531219052528,4582612,0.00009284,57.00000000,0
1531219052534,1531219052528,4582613,0.00009291,18.00000000,0
1531219052534,1531219052528,4582614,0.00009300,21.00000000,0
1531219052534,1531219052528,4582615,0.00009305,15.00000000,0
1531219052534,1531219052528,4582616,0.00009310,63.00000000,0
1531219052534,1531219052528,4582617,0.00009312,48.00000000,0
1531219052534,1531219052528,4582618,0.00009320,1429.00000000,0
1531219058601,1531219058596,4582619,0.00009271,22.00000000,0
1531219068583,1531219068579,4582620,0.00009251,62.00000000,1
1531219076800,1531219076794,4582621,0.00009263,27.00000000,1
1531219081473,1531219081467,4582622,0.00009310,1.00000000,0
1531219086545,1531219086539,4582623,0.00009268,5.00000000,1
1531219087773,1531219087768,4582624,0.00009268,4.00000000,1
1531219088633,1531219088629,4582625,0.00009268,5.00000000,1
1531219094561,1531219094556,4582626,0.00009271,1.00000000,1
1531219096677,1531219096675,4582627,0.00009271,1.00000000,1
1531219107603,1531219107598,4582628,0.00009272,31.00000000,1
1531219114689,1531219114685,4582629,0.00009249,23.00000000,1
1531219118916,1531219118911,4582630,0.00009251,22.00000000,1
1531219132129,1531219132124,4582631,0.00009257,161.00000000,0
1531219137324,1531219137319,4582632,0.00009252,109.00000000,1
1531219148193,1531219148186,4582633,0.00009259,192.00000000,1
1531219157300,1531219157295,4582634,0.00009263,194.00000000,1
1531219173200,1531219173196,4582635,0.00009263,199.00000000,1
1531219186122,1531219186117,4582636,0.00009288,61.00000000,0
1531219186122,1531219186117,4582637,0.00009289,47.00000000,0
1531219186130,1531219186126,4582638,0.00009289,108.00000000,0
1531219186142,1531219186137,4582639,0.00009289,13.00000000,0
1531219187313,1531219187309,4582640,0.00009310,25.00000000,0
1531219187343,1531219187337,4582641,0.00009310,6.00000000,0
1531219187343,1531219187337,4582642,0.00009311,11.00000000,0
1531219187343,1531219187337,4582643,0.00009312,11.00000000,0
1531219187343,1531219187337,4582644,0.00009325,22.00000000,0
1531219187343,1531219187337,4582645,0.00009330,10.00000000,0
1531219190215,1531219190210,4582646,0.00009276,166.00000000,1
1531219201301,1531219201297,4582647,0.00009304,131.00000000,0
1531219201392,1531219201387,4582648,0.00009304,422.00000000,0
1531219214241,1531219214237,4582649,0.00009307,139.00000000,1
1531219228141,1531219228137,4582650,0.00009305,143.00000000,1
1531219240260,1531219240256,4582651,0.00009307,118.00000000,1
1531219247244,1531219247240,4582652,0.00009310,112.00000000,0
1531219272406,1531219272401,4582653,0.00009318,239.00000000,0
1531219274614,1531219274609,4582654,0.00009335,13.00000000,0
1531219278410,1531219278405,4582655,0.00009317,196.00000000,0
1531219279013,1531219279008,4582656,0.00009342,54.00000000,0
1531219279013,1531219279008,4582657,0.00009354,11.00000000,0
1531219279013,1531219279008,4582658,0.00009357,12.00000000,0
1531219279013,1531219279008,4582659,0.00009359,30.00000000,0
1531219291145,1531219291140,4582660,0.00009324,72.00000000,1
1531219291145,1531219291140,4582661,0.00009323,105.00000000,1
1531219300448,1531219300444,4582662,0.00009330,204.00000000,0
1531219302741,1531219302737,4582663,0.00009329,74.00000000,1
1531219305137,1531219305133,4582664,0.00009326,112.00000000,1
1531219305144,1531219305139,4582665,0.00009326,112.00000000,1
1531219337497,1531219337493,4582666,0.00009326,205.00000000,1
1531219341202,1531219341197,4582667,0.00009307,199.00000000,1
1531219353315,1531219353311,4582668,0.00009307,17.00000000,1
1531219363873,1531219363867,4582669,0.00009334,141.00000000,1
1531219372963,1531219372959,4582670,0.00009332,143.00000000,0
1531219389869,1531219389864,4582671,0.00009325,200.00000000,0
1531219389902,1531219389897,4582672,0.00009325,2.00000000,0
1531219398823,1531219398818,4582673,0.00009324,265.00000000,1
1531219417890,1531219417885,4582674,0.00009326,268.00000000,0
1531219425971,1531219425966,4582675,0.00009326,258.00000000,1
1531219436958,1531219436952,4582676,0.00009326,20.00000000,1
1531219442418,1531219442412,4582677,0.00009348,72.00000000,0
1531219451144,1531219451140,4582678,0.00009333,167.00000000,1
1531219458145,1531219458139,4582679,0.00009359,32.00000000,0
1531219458145,1531219458139,4582680,0.00009363,12.00000000,0
1531219458145,1531219458139,4582681,0.00009364,38.00000000,0
1531219458145,1531219458139,4582682,0.00009368,25.00000000,0
1531219460424,1531219460419,4582683,0.00009333,66.00000000,1
1531219461709,1531219461703,4582684,0.00009333,2.00000000,1
1531219461709,1531219461703,4582685,0.00009332,89.00000000,1
1531219463829,1531219463821,4582686,0.00009333,183.00000000,1
1531219463961,1531219463956,4582687,0.00009332,40.00000000,1
1531219476815,1531219476811,4582688,0.00009339,174.00000000,1
1531219486789,1531219486788,4582689,0.00009336,187.00000000,0
1531219512776,1531219512773,4582690,0.00009342,167.00000000,1
1531219518829,1531219518825,4582691,0.00009341,173.00000000,1
1531219534921,1531219534916,4582692,0.00009350,177.00000000,0
1531219551914,1531219551910,4582693,0.00009350,107.00000000,0
1531219551924,1531219551917,4582694,0.00009350,112.00000000,0
1531219561727,1531219561724,4582695,0.00009350,22.00000000,1
1531219574450,1531219574446,4582696,0.00009352,253.00000000,1
1531219579225,1531219579221,4582697,0.00009352,222.00000000,1
1531219592637,1531219592632,4582698,0.00009351,35.00000000,1
1531219602147,1531219602142,4582699,0.00009355,245.00000000,0
1531219606188,1531219606183,4582700,0.00009353,197.00000000,1
1531219627428,1531219627422,4582701,0.00009359,68.00000000,0
1531219627428,1531219627422,4582702,0.00009363,64.00000000,0
1531219631387,1531219631382,4582703,0.00009353,150.00000000,0
1531219644199,1531219644197,4582704,0.00009363,132.00000000,0
1531219646278,1531219646274,4582705,0.00009353,193.00000000,1
1531219661271,1531219661267,4582706,0.00009354,183.00000000,1
1531219670560,1531219670554,4582707,0.00009351,19.00000000,1
1531219670560,1531219670554,4582708,0.00009350,123.00000000,1
1531219671276,1531219671272,4582709,0.00009354,176.00000000,0
1531219681748,1531219681744,4582710,0.00009350,1.00000000,1
1531219688156,1531219688152,4582711,0.00009356,138.00000000,1
1531219688314,1531219688308,4582712,0.00009350,6.00000000,1
1531219688314,1531219688308,4582713,0.00009328,416.00000000,1
1531219707196,1531219707190,4582714,0.00009351,156.00000000,1
1531219719070,1531219719066,4582715,0.00009361,133.00000000,1
1531219733191,1531219733188,4582716,0.00009360,155.00000000,1
1531219752358,1531219752352,4582717,0.00009360,116.00000000,1
1531219756253,1531219756248,4582718,0.00009361,110.00000000,1
1531219782115,1531219782114,4582719,0.00009355,126.00000000,1
1531219789651,1531219789645,4582720,0.00009336,5.00000000,1
1531219791239,1531219791233,4582721,0.00009357,111.00000000,0
1531219791640,1531219791636,4582722,0.00009321,5.00000000,1
1531219814248,1531219814244,4582723,0.00009359,132.00000000,0
1531219829158,1531219829154,4582724,0.00009359,145.00000000,0
1531219842205,1531219842200,4582725,0.00009353,104.00000000,0
1531219849088,1531219849072,4582726,0.00009356,111.00000000,1
1531219873172,1531219873167,4582727,0.00009355,183.00000000,0
1531219889250,1531219889248,4582728,0.00009354,189.00000000,0
1531219904126,1531219904120,4582729,0.00009353,157.00000000,1
1531219913135,1531219913130,4582730,0.00009354,210.00000000,1
1531219930164,1531219930159,4582731,0.00009348,202.00000000,1
1531219942476,1531219942473,4582732,0.00009350,188.00000000,0
1531219964149,1531219964145,4582733,0.00009341,202.00000000,0
1531219967088,1531219967084,4582734,0.00009343,202.00000000,1
1531219986393,1531219986389,4582735,0.00009327,31.00000000,1
1531219988279,1531219988273,4582736,0.00009310,25.00000000,1
1531219988293,1531219988288,4582737,0.00009308,26.00000000,0
1531219988453,1531219988449,4582738,0.00009308,29.00000000,0
1531219990077,1531219990071,4582739,0.00009341,124.00000000,1
1531219995822,1531219995818,4582740,0.00009344,123.00000000,1
1531220012956,1531220012951,4582741,0.00009335,150.00000000,0
1531220028962,1531220028958,4582742,0.00009338,149.00000000,0
1531220033331,1531220033325,4582743,0.00009344,20.00000000,0
1531220033331,1531220033325,4582744,0.00009364,121.00000000,0
1531220052186,1531220052181,4582745,0.00009335,111.00000000,0
1531220063154,1531220063147,4582746,0.00009306,974.00000000,1
1531220063154,1531220063147,4582747,0.00009295,1200.00000000,1
1531220063154,1531220063147,4582748,0.00009288,326.00000000,1
1531220063154,1531220063147,4582749,0.00009285,140.00000000,1
1531220063154,1531220063147,4582750,0.00009274,839.00000000,1
1531220063181,1531220063176,4582751,0.00009274,1833.00000000,0
1531220063182,1531220063176,4582752,0.00009274,515.00000000,0
1531220063191,1531220063186,4582753,0.00009274,1833.00000000,0
1531220063213,1531220063210,4582754,0.00009274,291.00000000,0
1531220063243,1531220063238,4582755,0.00009274,323.00000000,0
1531220063306,1531220063301,4582756,0.00009274,685.00000000,0
1531220063453,1531220063447,4582757,0.00009273,673.00000000,0
1531220063491,1531220063485,4582758,0.00009273,232.00000000,0
1531220063491,1531220063485,4582759,0.00009274,68.00000000,0
1531220063638,1531220063633,4582760,0.00009274,1196.00000000,0
1531220063643,1531220063638,4582761,0.00009274,1196.00000000,0
1531220063654,1531220063649,4582762,0.00009274,111.00000000,0
1531220063745,1531220063741,4582763,0.00009274,20.00000000,0
1531220063890,1531220063887,4582764,0.00009274,98.00000000,0
1531220063891,1531220063887,4582765,0.00009274,454.00000000,0
1531220063895,1531220063891,4582766,0.00009274,50.00000000,0
1531220063946,1531220063941,4582767,0.00009274,109.00000000,0
1531220064054,1531220064049,4582768,0.00009274,2292.00000000,0
1531220066054,1531220066050,4582769,0.00009298,107.00000000,1
1531220066527,1531220066522,4582770,0.00009275,112.00000000,1
1531220072153,1531220072151,4582771,0.00009274,109.00000000,1
1531220076896,1531220076893,4582772,0.00009295,108.00000000,0
1531220083177,1531220083172,4582773,0.00009291,97.00000000,1
1531220090932,1531220090928,4582774,0.00009294,61.00000000,0
1531220090932,1531220090928,4582775,0.00009295,39.00000000,0
1531220111439,1531220111435,4582776,0.00009288,119.00000000,1
1531220116627,1531220116623,4582777,0.00009294,29.00000000,0
1531220117318,1531220117313,4582778,0.00009287,111.00000000,0
1531220125057,1531220125052,4582779,0.00009274,191.00000000,1
1531220126531,1531220126525,4582780,0.00009272,86.00000000,1
1531220142376,1531220142366,4582781,0.00009284,97.00000000,1
1531220142401,1531220142397,4582782,0.00009259,159.00000000,1
1531220147425,1531220147421,4582783,0.00009281,129.00000000,0
1531220174491,1531220174486,4582784,0.00009277,1200.00000000,1
1531220178456,1531220178451,4582785,0.00009277,685.00000000,1
1531220210459,1531220210454,4582786,0.00009279,127.00000000,0
1531220231470,1531220231468,4582787,0.00009277,168.00000000,1
1531220242669,1531220242665,4582788,0.00009276,162.00000000,1
1531220259809,1531220259807,4582789,0.00009275,119.00000000,0
1531220262477,1531220262472,4582790,0.00009259,57.00000000,1
1531220267717,1531220267711,4582791,0.00009271,70.00000000,1
1531220267772,1531220267768,4582792,0.00009271,27.00000000,1
1531220267801,1531220267797,4582793,0.00009271,39.00000000,1
1531220267856,1531220267853,4582794,0.00009217,108.00000000,1
1531220287973,1531220287968,4582795,0.00009261,117.00000000,1
1531220299631,1531220299627,4582796,0.00009254,90.00000000,0
1531220308683,1531220308678,4582797,0.00009253,40.00000000,0
1531220308683,1531220308678,4582798,0.00009261,286.00000000,0
1531220308683,1531220308678,4582799,0.00009264,2748.00000000,0
1531220335392,1531220335387,4582800,0.00009259,54.00000000,0
1531220351728,1531220351724,4582801,0.00009249,151.00000000,0
1531220360710,1531220360707,4582802,0.00009250,169.00000000,0
1531220366798,1531220366792,4582803,0.00009218,2.00000000,1
1531220368416,1531220368411,4582804,0.00009217,2.00000000,1
1531220379565,1531220379557,4582805,0.00009247,168.00000000,1
1531220388841,1531220388836,4582806,0.00009248,180.00000000,0
1531220411874,1531220411870,4582807,0.00009249,48.00000000,1
1531220412091,1531220412089,4582808,0.00009249,148.00000000,1
1531220416695,1531220416688,4582809,0.00009253,160.00000000,0
1531220440372,1531220440366,4582810,0.00009247,61.00000000,0
1531220441989,1531220441984,4582811,0.00009244,163.00000000,0
1531220445910,1531220445906,4582812,0.00009245,156.00000000,0
1531220473885,1531220473881,4582813,0.00009245,190.00000000,0
1531220488854,1531220488850,4582814,0.00009246,133.00000000,0
1531220494001,1531220493998,4582815,0.00009236,147.00000000,0
1531220494501,1531220494496,4582816,0.00009247,86.00000000,0
1531220496501,1531220496496,4582817,0.00009249,161.00000000,0
1531220506495,1531220506490,4582818,0.00009237,160.00000000,0
1531220531079,1531220531070,4582819,0.00009245,128.00000000,1
1531220536996,1531220536991,4582820,0.00009243,103.00000000,0
1531220537183,1531220537177,4582821,0.00009243,1.00000000,0
1531220562966,1531220562961,4582822,0.00009252,148.00000000,1
1531220563284,1531220563277,4582823,0.00009253,70.00000000,1
1531220563284,1531220563277,4582824,0.00009223,123.00000000,1
1531220569108,1531220569104,4582825,0.00009225,201.00000000,1
1531220624691,1531220624688,4582826,0.00009238,167.00000000,1
1531220627491,1531220627486,4582827,0.00009240,174.00000000,0
1531220650508,1531220650503,4582828,0.00009234,209.00000000,0
1531220664402,1531220664396,4582829,0.00009232,205.00000000,0
1531220822292,1531220822288,4582830,0.00009233,22.00000000,1
1531220822292,1531220822288,4582831,0.00009217,51.00000000,1
1531220832530,1531220832526,4582832,0.00009233,17.00000000,0
1531220861587,1531220861582,4582833,0.00009248,177.00000000,0
1531220870171,1531220870167,4582834,0.00009245,109.00000000,1
1531220870487,1531220870481,4582835,0.00009245,53.00000000,1
1531220870982,1531220870979,4582836,0.00009224,135.00000000,1
1531220891561,1531220891556,4582837,0.00009252,198.00000000,0
1531220898582,1531220898578,4582838,0.00009252,57.00000000,1
1531220898734,1531220898730,4582839,0.00009252,137.00000000,1
1531220902437,1531220902427,4582840,0.00009224,22.00000000,1
1531220907001,1531220906996,4582841,0.00009224,67.00000000,1
1531220916674,1531220916669,4582842,0.00009261,191.00000000,0
1531220928098,1531220928093,4582843,0.00009275,204.00000000,0
1531220946368,1531220946363,4582844,0.00009229,16.00000000,1
1531220949368,1531220949364,4582845,0.00009208,17.00000000,1
1531220979993,1531220979991,4582846,0.00009250,174.00000000,0
1531220991010,1531220991005,4582847,0.00009250,155.00000000,0
1531221009759,1531221009755,4582848,0.00009243,178.00000000,0
1531221017413,1531221017407,4582849,0.00009206,128.00000000,1
1531221025762,1531221025758,4582850,0.00009243,168.00000000,0
1531221026000,1531221025995,4582851,0.00009206,216.00000000,1
1531221031849,1531221031845,4582852,0.00009238,183.00000000,1
1531221039609,1531221039604,4582853,0.00009237,20.00000000,0
1531221050834,1531221050829,4582854,0.00009236,190.00000000,1
1531221062538,1531221062534,4582855,0.00009237,103.00000000,0
1531221070872,1531221070867,4582856,0.00009228,178.00000000,0
1531221080899,1531221080894,4582857,0.00009228,170.00000000,1
1531221091890,1531221091886,4582858,0.00009231,149.00000000,1
1531221108093,1531221108088,4582859,0.00009230,150.00000000,1
1531221132792,1531221132788,4582860,0.00009227,230.00000000,1
1531221147884,1531221147878,4582861,0.00009222,193.00000000,0
1531221152925,1531221152920,4582862,0.00009232,239.00000000,1
1531221156123,1531221156118,4582863,0.00009237,108.00000000,0
1531221156130,1531221156125,4582864,0.00009237,108.00000000,0
1531221156140,1531221156134,4582865,0.00009237,3.00000000,0
1531221166062,1531221166056,4582866,0.00009238,248.00000000,1
1531221168891,1531221168885,4582867,0.00009237,6.00000000,1
1531221189962,1531221189958,4582868,0.00009238,163.00000000,0
1531221201907,1531221201903,4582869,0.00009238,228.00000000,0
1531221213362,1531221213356,4582870,0.00009237,5.00000000,1
1531221221955,1531221221952,4582871,0.00009240,190.00000000,1
1531221231953,1531221231948,4582872,0.00009238,219.00000000,1
1531221251142,1531221251138,4582873,0.00009237,1.00000000,1
1531221251988,1531221251983,4582874,0.00009244,149.00000000,0
1531221257154,1531221257149,4582875,0.00009241,155.00000000,0
1531221274999,1531221274997,4582876,0.00009251,211.00000000,1
1531221288066,1531221288060,4582877,0.00009250,150.00000000,0
1531221313349,1531221313344,4582878,0.00009252,36.00000000,0
1531221313808,1531221313802,4582879,0.00009253,192.00000000,0
1531221324009,1531221324005,4582880,0.00009253,222.00000000,1
1531221336887,1531221336882,4582881,0.00009253,251.00000000,1
1531221342582,1531221342579,4582882,0.00009252,180.00000000,1
1531221353056,1531221353051,4582883,0.00009247,227.00000000,1
