event_time,trade_time,trade_id,price,quantity,maker
1531210381048,1531210381041,1098157,0.00096800,0.15700000,1
1531210624138,1531210624135,1098158,0.00096800,55.61400000,1
1531210624138,1531210624135,1098159,0.00096700,132.02800000,1
1531210624587,1531210624584,1098160,0.00096700,333.93800000,0
1531210624621,1531210624617,1098161,0.00096700,221.36500000,0
1531210625602,1531210625597,1098162,0.00096700,2.60400000,0
1531210824402,1531210824398,1098163,0.00096600,1.20300000,1
1531210846198,1531210846194,1098164,0.00097300,2.83400000,0
1531210849548,1531210849548,1098165,0.00097300,0.00700000,0
1531210882348,1531210882344,1098166,0.00096700,0.17400000,1
1531211041261,1531211041256,1098167,0.00096800,3.87600000,1
1531211208594,1531211208591,1098168,0.00096800,27.11600000,1
1531211208642,1531211208638,1098169,0.00096800,5.94000000,0
1531211326842,1531211326839,1098170,0.00096600,0.32200000,1
1531211362645,1531211362642,1098171,0.00096600,3.53500000,1
1531211373941,1531211373937,1098172,0.00096600,78.20300000,1
1531211394363,1531211394357,1098173,0.00096500,85.86500000,1
1531211394363,1531211394357,1098174,0.00096400,6.65100000,1
1531211394363,1531211394357,1098175,0.00096300,199.33100000,1
1531211394363,1531211394357,1098176,0.00096300,21.09400000,0
1531211394388,1531211394384,1098177,0.00096300,42.42000000,0
1531211394391,1531211394385,1098178,0.00096300,66.49100000,0
1531211394406,1531211394402,1098179,0.00096300,66.49100000,0
1531211394407,1531211394402,1098180,0.00096300,2.60400000,0
1531211394427,1531211394421,1098181,0.00096300,4.10800000,0
1531211394438,1531211394434,1098182,0.00096300,66.49100000,0
1531211394463,1531211394457,1098183,0.00096200,25.29500000,1
1531211394471,1531211394466,1098184,0.00096300,4.10700000,0
1531211394477,1531211394473,1098185,0.00096300,3.00000000,0
1531211394828,1531211394825,1098186,0.00096300,588.42000000,0
1531211395675,1531211395670,1098187,0.00096300,136.55400000,0
1531211396760,1531211396760,1098188,0.00096300,16.61000000,0
1531211397530,1531211397525,1098189,0.00096200,27.73300000,1
1531211398633,1531211398632,1098190,0.00096200,2.26700000,1
1531211400312,1531211400307,1098191,0.00096200,52.88800000,1
1531211415408,1531211415405,1098192,0.00096300,327.98400000,0
1531211422680,1531211422675,1098193,0.00096200,36.88200000,1
1531211426216,1531211426212,1098194,0.00096200,5.25000000,1
1531211429921,1531211429918,1098195,0.00096200,1.08800000,1
1531211481777,1531211481772,1098196,0.00096200,237.58900000,1
1531211481777,1531211481772,1098197,0.00096100,210.41100000,1
1531211481777,1531211481772,1098198,0.00096000,3262.40400000,1
1531211495528,1531211495523,1098199,0.00095900,6.30500000,1
1531211495528,1531211495523,1098200,0.00095800,241.20800000,1
1531211506729,1531211506725,1098201,0.00095800,2.10700000,0
1531211549047,1531211549043,1098202,0.00095700,1.82000000,1
1531211549047,1531211549043,1098203,0.00095600,2.39800000,1
1531211549047,1531211549043,1098204,0.00095500,307.81800000,1
1531211549047,1531211549043,1098205,0.00095500,1.65300000,1
1531211555187,1531211555183,1098206,0.00095500,211.39300000,1
1531211568292,1531211568289,1098207,0.00095500,156.97300000,1
1531211568350,1531211568347,1098208,0.00095500,46.68900000,0
1531211571675,1531211571671,1098209,0.00095500,5.00000000,0
1531211576272,1531211576268,1098210,0.00095500,30.60700000,0
1531211577207,1531211577203,1098211,0.00095500,58.00000000,0
1531211577302,1531211577298,1098212,0.00095500,14.79800000,0
1531211643036,1531211643032,1098213,0.00095800,9.58200000,0
1531211643708,1531211643704,1098214,0.00095800,5.41800000,1
1531211644711,1531211644704,1098215,0.00095800,1.30900000,1
1531211652092,1531211652087,1098216,0.00096100,115.87200000,0
1531211652092,1531211652087,1098217,0.00096400,2.10700000,0
1531211652092,1531211652087,1098218,0.00096700,1.25200000,0
1531211652092,1531211652087,1098219,0.00096800,9.61200000,0
1531211655092,1531211655088,1098220,0.00096800,1.05200000,0
1531211656724,1531211656720,1098221,0.00096000,6.18700000,1
1531211659728,1531211659724,1098222,0.00096000,13.59400000,1
1531211707785,1531211707784,1098223,0.00095700,2.06800000,1
1531211707785,1531211707784,1098224,0.00095700,3.20900000,0
1531211708698,1531211708694,1098225,0.00096300,2.09600000,0
1531211770526,1531211770522,1098226,0.00096100,0.09400000,0
1531211868219,1531211868215,1098227,0.00096100,0.79000000,0
1531211871251,1531211871246,1098228,0.00096100,0.00200000,0
1531211910167,1531211910163,1098229,0.00096100,5.29200000,0
1531211910716,1531211910712,1098230,0.00096100,0.73100000,1
1531211954173,1531211954167,1098231,0.00096200,0.31300000,0
1531211984936,1531211984930,1098232,0.00096200,0.97300000,0
1531211987943,1531211987938,1098233,0.00096200,0.00200000,0
1531212017757,1531212017756,1098234,0.00096200,1.30900000,0
1531212147637,1531212147631,1098235,0.00096200,0.55700000,0
1531212150660,1531212150655,1098236,0.00096200,0.00100000,0
1531212428833,1531212428828,1098237,0.00096200,0.26500000,0
1531212539717,1531212539713,1098238,0.00096200,0.01900000,0
1531212657855,1531212657852,1098239,0.00095600,19.02400000,1
1531212666092,1531212666089,1098240,0.00096200,10.66700000,0
1531212671028,1531212671024,1098241,0.00095600,22.39100000,1
1531212680305,1531212680302,1098242,0.00096200,41.52900000,0
1531212686995,1531212686991,1098243,0.00095600,10.65600000,1
1531212777102,1531212777098,1098244,0.00096200,135.21200000,0
1531212981755,1531212981750,1098245,0.00095800,13.76800000,1
1531212996939,1531212996931,1098246,0.00096200,43.31600000,0
1531212996939,1531212996931,1098247,0.00096300,12.90400000,0
1531212996939,1531212996931,1098248,0.00096400,16.46000000,0
1531212996939,1531212996931,1098249,0.00096600,97.32000000,0
1531213108070,1531213108065,1098250,0.00096200,44.10200000,0
1531213108818,1531213108814,1098251,0.00096200,5.89800000,1
1531213126331,1531213126324,1098252,0.00096600,93.43800000,0
1531213126331,1531213126324,1098253,0.00096800,8.76100000,0
1531213126331,1531213126324,1098254,0.00096900,15.67600000,0
1531213126331,1531213126324,1098255,0.00097000,34.79400000,0
1531213126331,1531213126324,1098256,0.00097100,94.68100000,0
1531213126856,1531213126852,1098257,0.00097100,20.17300000,0
1531213126959,1531213126954,1098258,0.00097100,52.69700000,0
1531213148250,1531213148245,1098259,0.00097100,51.49800000,0
1531213219037,1531213219032,1098260,0.00096400,7.16700000,1
1531213235239,1531213235235,1098261,0.00097100,12.09400000,0
1531213260745,1531213260741,1098262,0.00097000,0.00200000,0
1531213290091,1531213290084,1098263,0.00096300,51.14400000,1
1531213290091,1531213290084,1098264,0.00096100,12.63600000,1
1531213302004,1531213302000,1098265,0.00096200,9.48400000,1
1531213541295,1531213541291,1098266,0.00096600,3.58500000,0
1531213579030,1531213579027,1098267,0.00096600,0.08400000,0
1531213582066,1531213582062,1098268,0.00096600,0.00100000,0
1531213701329,1531213701326,1098269,0.00096300,61.64300000,1
1531213833682,1531213833679,1098270,0.00096300,8.81600000,0
1531213960913,1531213960908,1098271,0.00096200,334.09400000,1
1531214201028,1531214201023,1098272,0.00096100,5.02900000,0
1531214241394,1531214241389,1098273,0.00096000,30.29300000,1
1531214364058,1531214364053,1098274,0.00096100,0.07700000,0
1531214398243,1531214398238,1098275,0.00096000,0.06500000,1
1531214429025,1531214429021,1098276,0.00096000,51.35000000,1
1531214464545,1531214464541,1098277,0.00096000,25.14100000,1
1531214480142,1531214480139,1098278,0.00095900,16.54100000,1
1531214488653,1531214488649,1098279,0.00095900,5.91100000,1
1531214488653,1531214488649,1098280,0.00095800,2.01400000,1
1531214538442,1531214538439,1098281,0.00095800,5.27200000,1
1531214544869,1531214544865,1098282,0.00096000,16.14400000,0
1531214544904,1531214544900,1098283,0.00096000,16.92100000,1
1531214546304,1531214546298,1098284,0.00096000,66.93500000,1
1531214546304,1531214546298,1098285,0.00095800,31.22900000,1
1531214645278,1531214645273,1098286,0.00095800,0.50000000,0
1531214669799,1531214669797,1098287,0.00095700,0.12200000,1
1531214687304,1531214687300,1098288,0.00095700,1.60700000,1
1531214711587,1531214711583,1098289,0.00095600,14.62300000,1
1531214718067,1531214718061,1098290,0.00095600,94.96600000,1
1531214803633,1531214803628,1098291,0.00095700,77.25500000,1
1531214804012,1531214804009,1098292,0.00095600,120.70600000,1
1531214804045,1531214804040,1098293,0.00095500,41.32300000,1
1531214806035,1531214806029,1098294,0.00095400,88.49900000,1
1531214823586,1531214823580,1098295,0.00095400,150.00000000,1
1531214823586,1531214823580,1098296,0.00095300,1298.70500000,1
1531214824997,1531214824991,1098297,0.00095600,0.69100000,0
1531214828003,1531214827999,1098298,0.00095600,0.00200000,0
1531214833032,1531214833028,1098299,0.00095200,449.92000000,1
1531214833059,1531214833055,1098300,0.00095200,15.46100000,1
1531214833097,1531214833092,1098301,0.00095100,244.48100000,1
1531214833133,1531214833129,1098302,0.00095100,238.89600000,1
1531214833169,1531214833165,1098303,0.00095100,24.22800000,1
1531214836077,1531214836074,1098304,0.00095400,3.03200000,0
1531214874280,1531214874275,1098305,0.00095500,51.55600000,0
1531214878208,1531214878203,1098306,0.00095500,14.84000000,0
1531214878208,1531214878203,1098307,0.00095600,24.21600000,0
1531214881337,1531214881333,1098308,0.00095600,12.87000000,0
1531214901547,1531214901542,1098309,0.00095600,400.40000000,0
1531214902944,1531214902940,1098310,0.00095600,0.06800000,0
1531214912655,1531214912651,1098311,0.00095300,8.47600000,1
1531214913608,1531214913602,1098312,0.00095300,8.91300000,1
1531214945015,1531214945011,1098313,0.00095600,0.68300000,0
1531214948026,1531214948021,1098314,0.00095600,0.00100000,0
1531214960476,1531214960471,1098315,0.00095600,14.39300000,0
1531214971432,1531214971429,1098316,0.00095600,3.60700000,1
1531215077173,1531215077168,1098317,0.00095400,6.29700000,1
1531215110040,1531215110036,1098318,0.00095400,5.18300000,0
1531215221425,1531215221422,1098319,0.00095400,42.70700000,1
1531215269098,1531215269095,1098320,0.00095400,90.42900000,1
1531215283122,1531215283119,1098321,0.00095400,162.31800000,0
1531215298439,1531215298435,1098322,0.00095300,4.21600000,1
1531215336296,1531215336290,1098323,0.00095500,23.12200000,1
1531215367216,1531215367210,1098324,0.00095400,42.65700000,1
1531215367216,1531215367210,1098325,0.00095300,338.42500000,1
1531215367216,1531215367210,1098326,0.00095200,1049.37000000,1
1531215369116,1531215369112,1098327,0.00095100,7.17600000,1
1531215371527,1531215371523,1098328,0.00095100,139.19600000,1
1531215371623,1531215371618,1098329,0.00095100,58.27300000,1
1531215380756,1531215380753,1098330,0.00095200,0.06100000,0
1531215381700,1531215381695,1098331,0.00095000,742.94500000,1
1531215381700,1531215381695,1098332,0.00095000,15.91000000,1
1531215381700,1531215381695,1098333,0.00095000,47.73200000,1
1531215381808,1531215381803,1098334,0.00095000,280.39400000,1
1531215384443,1531215384439,1098335,0.00095200,16.23800000,0
1531215448066,1531215448062,1098336,0.00095200,28.31800000,0
1531215449561,1531215449557,1098337,0.00094900,48.24500000,1
1531215472386,1531215472382,1098338,0.00094900,1.29200000,1
1531215473154,1531215473149,1098339,0.00094900,3.72100000,1
1531215473154,1531215473149,1098340,0.00094800,14.48500000,1
1531215473154,1531215473149,1098341,0.00094700,43.87900000,1
1531215474677,1531215474672,1098342,0.00095100,3.30100000,0
1531215482497,1531215482492,1098343,0.00094900,1.27100000,0
1531215489046,1531215489042,1098344,0.00094700,10.01000000,1
1531215501131,1531215501127,1098345,0.00094900,4.58700000,0
1531215516835,1531215516829,1098346,0.00094900,1.33500000,0
1531215517252,1531215517248,1098347,0.00094700,4.34800000,1
1531215556820,1531215556816,1098348,0.00095100,4.66100000,0
1531215587369,1531215587364,1098349,0.00095000,2.58000000,0
1531215596270,1531215596267,1098350,0.00095100,4.40800000,0
1531215597130,1531215597126,1098351,0.00094900,37.11900000,1
1531215599263,1531215599258,1098352,0.00095100,35.98300000,0
1531215599348,1531215599344,1098353,0.00094900,4.36500000,1
1531215614182,1531215614178,1098354,0.00094700,25.29500000,1
1531215614264,1531215614260,1098355,0.00094700,328.19200000,1
1531215614278,1531215614272,1098356,0.00094700,15.25000000,1
1531215615214,1531215615210,1098357,0.00094700,7.20200000,1
1531215620123,1531215620119,1098358,0.00094800,20.00000000,1
1531215621447,1531215621443,1098359,0.00094700,4.11500000,1
1531215655649,1531215655642,1098360,0.00094700,208.75600000,1
1531215655649,1531215655642,1098361,0.00094600,84.16800000,1
1531215655649,1531215655642,1098362,0.00094500,39.72000000,1
1531215655649,1531215655642,1098363,0.00094400,104.35600000,1
1531215655649,1531215655642,1098364,0.00094400,8.46800000,1
1531215655999,1531215655994,1098365,0.00094500,3.12200000,1
1531215661514,1531215661510,1098366,0.00094600,3.12200000,0
1531215661514,1531215661510,1098367,0.00094700,6.22300000,0
1531215661583,1531215661580,1098368,0.00094500,8.03200000,1
1531215667120,1531215667116,1098369,0.00094500,4.26000000,0
1531215667255,1531215667250,1098370,0.00094600,8.03200000,0
1531215667255,1531215667250,1098371,0.00094700,0.98500000,0
1531215669921,1531215669917,1098372,0.00094500,58.35500000,1
1531215670151,1531215670147,1098373,0.00094500,20.00000000,1
1531215671276,1531215671272,1098374,0.00094500,141.64500000,1
1531215672524,1531215672520,1098375,0.00094700,5.69800000,0
1531215673967,1531215673964,1098376,0.00094700,3.52600000,0
1531215676986,1531215676982,1098377,0.00094700,0.00900000,0
1531215677571,1531215677565,1098378,0.00094700,3.38900000,0
1531215683880,1531215683875,1098379,0.00094700,2.54200000,0
1531215685119,1531215685115,1098380,0.00094700,7.62800000,0
1531215690660,1531215690656,1098381,0.00094500,7.92500000,1
1531215690956,1531215690951,1098382,0.00094500,11.42100000,1
1531215690956,1531215690951,1098383,0.00094400,130.79000000,1
1531215690956,1531215690951,1098384,0.00094300,221.16600000,1
1531215690956,1531215690951,1098385,0.00094200,312.61200000,1
1531215696594,1531215696591,1098386,0.00094200,18.34200000,1
1531215709355,1531215709351,1098387,0.00094200,5.36100000,1
1531215726132,1531215726128,1098388,0.00094600,19.34600000,0
1531215726488,1531215726483,1098389,0.00094700,3.20100000,0
1531215732781,1531215732776,1098390,0.00094300,10.33000000,1
1531215742943,1531215742939,1098391,0.00094300,188.80900000,1
1531215786738,1531215786734,1098392,0.00094300,2.98100000,1
1531215787135,1531215787131,1098393,0.00094300,15.36100000,0
1531215788322,1531215788318,1098394,0.00094700,5.09500000,0
1531215800036,1531215800032,1098395,0.00094700,0.11800000,0
1531215853408,1531215853403,1098396,0.00094700,10.55900000,0
1531215864565,1531215864562,1098397,0.00094700,0.60000000,0
1531215867599,1531215867595,1098398,0.00094700,0.00100000,0
1531215923642,1531215923637,1098399,0.00094300,42.61000000,1
1531215935990,1531215935987,1098400,0.00094300,47.75200000,1
1531215955640,1531215955637,1098401,0.00094400,50.22100000,1
1531215999116,1531215999113,1098402,0.00094600,14.65100000,0
1531216015673,1531216015669,1098403,0.00094600,20.22200000,0
1531216015673,1531216015669,1098404,0.00094700,95.28600000,0
1531216015673,1531216015669,1098405,0.00095000,23.09800000,0
1531216015673,1531216015669,1098406,0.00095100,8.23700000,0
1531216015958,1531216015952,1098407,0.00094400,2.28800000,1
1531216015958,1531216015952,1098408,0.00094300,20.15200000,1
1531216015958,1531216015952,1098409,0.00094200,14.73000000,1
1531216020288,1531216020283,1098410,0.00094200,102.75800000,1
1531216043246,1531216043241,1098411,0.00094600,0.46100000,0
1531216046263,1531216046258,1098412,0.00094600,0.00100000,0
1531216051361,1531216051358,1098413,0.00094600,4.22800000,0
1531216083640,1531216083637,1098414,0.00094600,72.52800000,0
1531216139910,1531216139907,1098415,0.00094300,44.87700000,1
1531216372700,1531216372696,1098416,0.00094500,52.87800000,1
1531216411700,1531216411695,1098417,0.00095100,0.00600000,0
1531216430855,1531216430851,1098418,0.00095100,9.28400000,0
1531216430870,1531216430866,1098419,0.00095100,1.60800000,1
1531216430882,1531216430877,1098420,0.00095100,1.60800000,1
1531216431200,1531216431196,1098421,0.00095100,5.63000000,1
1531216507583,1531216507578,1098422,0.00094700,0.88700000,1
1531216507607,1531216507603,1098423,0.00094700,1.27300000,1
1531216507613,1531216507609,1098424,0.00094700,1.91000000,1
1531216527028,1531216527023,1098425,0.00094700,5.01300000,1
1531216536025,1531216536022,1098426,0.00094700,33.15500000,1
1531216536200,1531216536195,1098427,0.00094700,2.34000000,0
1531216690168,1531216690164,1098428,0.00094700,20.00000000,1
1531216736158,1531216736154,1098429,0.00094600,137.40300000,1
1531216841633,1531216841629,1098430,0.00095000,13.26400000,0
1531216841633,1531216841629,1098431,0.00095300,8.89900000,0
1531216841633,1531216841629,1098432,0.00095600,203.08000000,0
1531216841633,1531216841629,1098433,0.00095700,229.98800000,0
1531216896219,1531216896215,1098434,0.00095400,52.41100000,0
1531216977294,1531216977290,1098435,0.00095400,4.46700000,0
1531216990604,1531216990600,1098436,0.00095400,0.55600000,0
1531216993615,1531216993611,1098437,0.00095400,0.00100000,0
1531217021686,1531217021682,1098438,0.00095100,1.15800000,1
1531217022292,1531217022287,1098439,0.00095100,69.84700000,0
1531217040940,1531217040936,1098440,0.00095400,32.71100000,0
1531217040940,1531217040936,1098441,0.00095700,7.24600000,0
1531217052732,1531217052729,1098442,0.00095700,1.04500000,0
1531217149298,1531217149294,1098443,0.00095200,0.00100000,1
1531217234140,1531217234135,1098444,0.00095300,28.14000000,1
1531217291435,1531217291431,1098445,0.00095300,9.24900000,1
1531217309705,1531217309701,1098446,0.00095200,41.97200000,1
1531217309705,1531217309701,1098447,0.00095000,2.02800000,1
1531217319349,1531217319345,1098448,0.00095600,0.11000000,0
1531217349082,1531217349077,1098449,0.00095500,5.07600000,0
1531217419771,1531217419766,1098450,0.00095600,0.01300000,0
1531217459503,1531217459500,1098451,0.00095200,0.01300000,1
1531217520312,1531217520308,1098452,0.00095200,91.70800000,1
1531217541840,1531217541835,1098453,0.00095100,41.49400000,1
1531217554892,1531217554886,1098454,0.00095100,37.21500000,1
1531217555317,1531217555311,1098455,0.00095000,125.88400000,1
1531217562325,1531217562321,1098456,0.00094900,75.39600000,1
1531217563407,1531217563402,1098457,0.00094800,150.95100000,1
1531217621442,1531217621438,1098458,0.00095000,5.80200000,0
1531217621442,1531217621438,1098459,0.00095100,4.72400000,0
1531217794170,1531217794165,1098460,0.00094600,279.34400000,1
1531217794170,1531217794165,1098461,0.00094400,22.80800000,1
1531217794170,1531217794165,1098462,0.00094300,126.56400000,1
1531217794173,1531217794169,1098463,0.00094300,36.96800000,1
1531217794194,1531217794190,1098464,0.00094300,25.29500000,1
1531217795396,1531217795391,1098465,0.00094400,22.80800000,0
1531217811504,1531217811500,1098466,0.00095100,6.13700000,0
1531217851405,1531217851400,1098467,0.00094300,0.74200000,1
1531217871331,1531217871326,1098468,0.00094300,5.35600000,1
1531217884417,1531217884414,1098469,0.00094300,20.22700000,1
1531217959214,1531217959209,1098470,0.00094800,7.00000000,0
1531218000643,1531218000638,1098471,0.00094800,0.36900000,0
1531218101804,1531218101799,1098472,0.00094700,0.30700000,0
1531218104854,1531218104849,1098473,0.00094700,0.00100000,0
1531218126923,1531218126919,1098474,0.00094300,124.41400000,1
1531218187564,1531218187560,1098475,0.00094700,10.33900000,0
1531218190579,1531218190574,1098476,0.00094800,2.09100000,0
1531218193589,1531218193585,1098477,0.00094800,0.00500000,0
1531218201950,1531218201946,1098478,0.00094800,1.10000000,0
1531218204953,1531218204948,1098479,0.00094800,0.00200000,0
1531218282288,1531218282283,1098480,0.00094400,11.65800000,1
1531218282288,1531218282283,1098481,0.00094300,9.86600000,1
1531218512307,1531218512302,1098482,0.00095100,0.02200000,0
1531218514501,1531218514497,1098483,0.00094300,3.58500000,1
1531218560097,1531218560092,1098484,0.00094300,18.24700000,1
1531218560570,1531218560565,1098485,0.00094300,0.10000000,1
1531218631511,1531218631507,1098486,0.00094700,13.76700000,1
1531218639662,1531218639657,1098487,0.00095100,0.55900000,0
1531218640485,1531218640480,1098488,0.00094700,1.46900000,1
1531218642699,1531218642694,1098489,0.00095100,0.00100000,0
1531218768471,1531218768467,1098490,0.00094700,6.85200000,1
1531218812820,1531218812815,1098491,0.00094500,27.25600000,1
1531218813472,1531218813466,1098492,0.00094500,66.37600000,0
1531219009444,1531219009440,1098493,0.00095100,0.09000000,0
1531219012446,1531219012442,1098494,0.00095100,0.00100000,0
1531219053723,1531219053719,1098495,0.00095100,0.07000000,0
1531219151017,1531219151013,1098496,0.00094600,10.44400000,1
1531219186409,1531219186403,1098497,0.00094600,164.55700000,1
1531219192879,1531219192874,1098498,0.00094900,100.10000000,0
1531219192879,1531219192874,1098499,0.00095000,72.39800000,0
1531219193506,1531219193501,1098500,0.00094600,29.00000000,0
1531219215249,1531219215244,1098501,0.00094500,0.16600000,1
1531219260102,1531219260097,1098502,0.00094500,1.19800000,1
1531219280171,1531219280165,1098503,0.00094500,76.64800000,1
1531219335547,1531219335527,1098504,0.00095000,6.58600000,0
1531219335547,1531219335527,1098505,0.00095100,73.47100000,0
1531219335547,1531219335527,1098506,0.00095400,298.97900000,0
1531219335547,1531219335527,1098507,0.00095500,1749.70500000,0
1531219335547,1531219335527,1098508,0.00095600,8.58200000,0
1531219335547,1531219335527,1098509,0.00095700,234.46600000,0
1531219335547,1531219335527,1098510,0.00095800,1.15800000,0
1531219335547,1531219335527,1098511,0.00095900,9.37400000,0
1531219335547,1531219335527,1098512,0.00096000,1.14700000,0
1531219335547,1531219335527,1098513,0.00096100,3.74400000,0
1531219335547,1531219335527,1098514,0.00096200,133.42200000,0
1531219335547,1531219335527,1098515,0.00096300,30.00000000,0
1531219335547,1531219335527,1098516,0.00096400,38.46700000,0
1531219335547,1531219335527,1098517,0.00096500,15.11500000,0
1531219335547,1531219335527,1098518,0.00096600,20.00000000,0
1531219335547,1531219335527,1098519,0.00096800,29.97000000,0
1531219335547,1531219335527,1098520,0.00096900,26.17800000,0
1531219335547,1531219335527,1098521,0.00097000,30.00000000,0
1531219335547,1531219335527,1098522,0.00097200,1.13200000,0
1531219335547,1531219335527,1098523,0.00097400,5.13500000,0
1531219335547,1531219335527,1098524,0.00097500,24.38200000,0
1531219335547,1531219335527,1098525,0.00097700,162.41900000,0
1531219335547,1531219335527,1098526,0.00097800,49.49100000,0
1531219335547,1531219335527,1098527,0.00098000,4.84200000,0
1531219335547,1531219335527,1098528,0.00098100,4418.78900000,0
1531219335547,1531219335527,1098529,0.00098400,18.82800000,0
1531219335547,1531219335527,1098530,0.00098500,1.11800000,0
1531219335547,1531219335527,1098531,0.00098900,109.29000000,0
1531219335547,1531219335527,1098532,0.00099100,49.26200000,0
1531219335547,1531219335527,1098533,0.00099500,2.54300000,0
1531219335547,1531219335527,1098534,0.00099600,1.33700000,0
1531219335547,1531219335527,1098535,0.00099700,2.78600000,0
1531219335547,1531219335527,1098536,0.00099900,11.01000000,0
1531219335547,1531219335527,1098537,0.00100000,125.00000000,0
1531219335547,1531219335527,1098538,0.00100200,10.00000000,0
1531219335547,1531219335527,1098539,0.00100500,150.42300000,0
1531219335547,1531219335527,1098540,0.00101000,877.74000000,0
1531219335547,1531219335527,1098541,0.00101200,25.78500000,0
1531219335547,1531219335527,1098542,0.00101500,44.79800000,0
1531219335547,1531219335527,1098543,0.00101600,70.00000000,0
1531219335547,1531219335527,1098544,0.00102000,278.46800000,0
1531219335547,1531219335527,1098545,0.00102400,6.05300000,0
1531219335547,1531219335527,1098546,0.00102500,193.44600000,0
1531219335547,1531219335527,1098547,0.00103000,314.90900000,0
1531219335547,1531219335527,1098548,0.00103200,1.06600000,0
1531219335547,1531219335527,1098549,0.00103500,52.64600000,0
1531219335547,1531219335527,1098550,0.00103600,117.62200000,0
1531219335547,1531219335527,1098551,0.00103700,269.37500000,0
1531219335547,1531219335527,1098552,0.00103800,10.76000000,0
1531219335547,1531219335527,1098553,0.00104000,199.55600000,0
1531219335547,1531219335527,1098554,0.00104100,77.40100000,0
1531219335547,1531219335527,1098555,0.00104300,1.00000000,0
1531219335547,1531219335527,1098556,0.00104400,35.04100000,0
1531219335728,1531219335724,1098557,0.00095400,6.46900000,0
1531219335738,1531219335734,1098558,0.00095400,6.46500000,0
1531219335811,1531219335781,1098559,0.00095400,6.46800000,0
1531219335811,1531219335805,1098560,0.00095400,5.21800000,0
1531219335856,1531219335851,1098561,0.00095400,22.22500000,0
1531219335905,1531219335900,1098562,0.00095400,109.26500000,0
1531219336547,1531219336540,1098563,0.00096400,5.21800000,0
1531219336663,1531219336659,1098564,0.00096200,128.37000000,1
1531219336752,1531219336747,1098565,0.00097000,6.36800000,1
1531219336848,1531219336843,1098566,0.00096200,0.25500000,1
1531219336990,1531219336984,1098567,0.00097200,5.57800000,0
1531219337069,1531219337065,1098568,0.00096300,6.30900000,1
1531219337098,1531219337093,1098569,0.00096300,6.30900000,1
1531219337502,1531219337497,1098570,0.00096300,15.72300000,1
1531219338517,1531219338512,1098571,0.00097000,12.61800000,0
1531219338537,1531219338533,1098572,0.00097000,5.00000000,0
1531219338537,1531219338533,1098573,0.00097100,10.72300000,0
1531219338570,1531219338566,1098574,0.00097100,5.00000000,0
1531219338598,1531219338593,1098575,0.00097300,19.40200000,0
1531219338610,1531219338605,1098576,0.00096300,32.71600000,1
1531219338719,1531219338715,1098577,0.00097700,33.58000000,1
1531219338802,1531219338797,1098578,0.00097700,7.92500000,1
1531219339008,1531219339003,1098579,0.00097700,23.08500000,1
1531219339016,1531219339012,1098580,0.00097700,23.08500000,1
1531219339108,1531219339100,1098581,0.00097700,18.00000000,1
1531219339338,1531219339334,1098582,0.00097800,5.11200000,1
1531219339626,1531219339622,1098583,0.00104300,1.14800000,1
1531219339659,1531219339655,1098584,0.00097700,1.14800000,1
1531219340130,1531219340126,1098585,0.00097800,10.09100000,1
1531219340201,1531219340196,1098586,0.00098300,1.70700000,1
1531219340546,1531219340541,1098587,0.00098300,1.70600000,0
1531219340729,1531219340723,1098588,0.00099400,1.70700000,0
1531219340749,1531219340743,1098589,0.00103300,1.93400000,1
1531219340774,1531219340769,1098590,0.00097900,6.11900000,1
1531219340792,1531219340788,1098591,0.00097800,6.11900000,1
1531219341100,1531219341097,1098592,0.00098000,6.11300000,1
1531219341101,1531219341097,1098593,0.00098000,6.11300000,1
1531219341206,1531219341201,1098594,0.00098000,1.44700000,0
1531219341526,1531219341522,1098595,0.00098000,4.50800000,0
1531219341526,1531219341522,1098596,0.00098700,1.44700000,0
1531219341526,1531219341522,1098597,0.00098800,10.09100000,0
1531219341526,1531219341522,1098598,0.00098900,6.11900000,0
1531219341560,1531219341554,1098599,0.00099000,6.11300000,0
1531219341587,1531219341583,1098600,0.00099500,6.11300000,0
1531219341718,1531219341713,1098601,0.00098000,8.72500000,1
1531219341890,1531219341884,1098602,0.00098700,114.04900000,1
1531219342532,1531219342527,1098603,0.00098100,6.10700000,1
1531219342532,1531219342527,1098604,0.00098000,0.26100000,1
1531219343109,1531219343107,1098605,0.00098100,2.24200000,0
1531219343532,1531219343522,1098606,0.00099100,6.10700000,0
1531219343532,1531219343522,1098607,0.00099200,109.26500000,0
1531219343987,1531219343982,1098608,0.00099400,3.78400000,1
1531219344033,1531219344029,1098609,0.00098700,15.57600000,1
1531219344100,1531219344094,1098610,0.00098800,44.07900000,1
1531219344206,1531219344202,1098611,0.00098900,4.49000000,0
1531219344258,1531219344252,1098612,0.00098900,2.92400000,0
1531219344332,1531219344326,1098613,0.00098600,0.91300000,1
1531219344332,1531219344326,1098614,0.00098400,31.73100000,1
1531219344526,1531219344521,1098615,0.00098800,5.11200000,0
1531219344526,1531219344521,1098616,0.00098900,25.30200000,0
1531219344526,1531219344521,1098617,0.00099000,77.45500000,0
1531219345538,1531219345531,1098618,0.00098700,50.19800000,0
1531219345538,1531219345531,1098619,0.00098800,6.23600000,0
1531219345587,1531219345584,1098620,0.00099200,6.72200000,1
1531219346304,1531219346299,1098621,0.00099200,3.64100000,1
1531219346531,1531219346528,1098622,0.00099200,5.27700000,1
1531219346531,1531219346528,1098623,0.00098600,12.15400000,1
1531219346531,1531219346528,1098624,0.00098500,9.12400000,1
1531219347119,1531219347114,1098625,0.00098400,11.75600000,1
1531219347532,1531219347526,1098626,0.00098700,30.00000000,0
1531219347532,1531219347526,1098627,0.00099200,3.04100000,0
1531219347532,1531219347526,1098628,0.00099300,6.08300000,0
1531219348509,1531219348504,1098629,0.00098400,69.98200000,1
1531219348573,1531219348569,1098630,0.00098300,1.15000000,0
1531219348573,1531219348569,1098631,0.00099400,12.15200000,0
1531219349195,1531219349188,1098632,0.00099300,63.43900000,0
1531219349459,1531219349453,1098633,0.00098500,20.98200000,1
1531219349528,1531219349523,1098634,0.00098800,3.78400000,0
1531219350493,1531219350489,1098635,0.00098600,1.14800000,1
1531219350528,1531219350523,1098636,0.00099300,18.29900000,0
1531219350567,1531219350561,1098637,0.00099400,0.00200000,0
1531219351333,1531219351328,1098638,0.00098600,4.58200000,1
1531219351565,1531219351560,1098639,0.00099000,2.92400000,0
1531219351594,1531219351590,1098640,0.00099300,32.87900000,0
1531219352530,1531219352524,1098641,0.00099400,37.92000000,0
1531219353138,1531219353133,1098642,0.00099400,4.58200000,0
1531219353138,1531219353133,1098643,0.00099500,3.82400000,0
1531219353521,1531219353517,1098644,0.00099500,124.80100000,0
1531219353548,1531219353544,1098645,0.00099700,114.04900000,0
1531219354528,1531219354522,1098646,0.00099400,8.98600000,0
1531219354528,1531219354522,1098647,0.00099500,14.86400000,0
1531219354890,1531219354887,1098648,0.00100000,8.41000000,1
1531219354908,1531219354902,1098649,0.00100000,7.92500000,1
1531219355525,1531219355521,1098650,0.00100400,15.57600000,0
1531219355682,1531219355678,1098651,0.00100400,8.35900000,1
1531219356646,1531219356641,1098652,0.00101500,3.70600000,1
1531219357044,1531219357039,1098653,0.00101500,3.70600000,1
1531219357075,1531219357074,1098654,0.00100500,3.70600000,1
1531219357094,1531219357090,1098655,0.00101400,3.70600000,0
1531219357094,1531219357090,1098656,0.00101500,7.48200000,0
1531219357126,1531219357122,1098657,0.00101600,8.94400000,1
1531219357164,1531219357160,1098658,0.00101600,8.05300000,1
1531219357526,1531219357521,1098659,0.00101600,0.94700000,0
1531219357526,1531219357521,1098660,0.00102200,7.41200000,0
1531219357654,1531219357649,1098661,0.00101700,6.01200000,1
1531219357948,1531219357943,1098662,0.00100900,1.01400000,1
1531219358535,1531219358530,1098663,0.00101500,3.00000000,0
1531219358535,1531219358530,1098664,0.00101600,28.18500000,0
1531219358535,1531219358530,1098665,0.00101700,12.00000000,0
1531219358556,1531219358552,1098666,0.00101800,1.01400000,0
1531219358556,1531219358552,1098667,0.00102200,3.98600000,0
1531219358589,1531219358583,1098668,0.00102200,1.01400000,0
1531219358747,1531219358742,1098669,0.00101100,3.72100000,1
1531219358747,1531219358742,1098670,0.00100700,5.09500000,1
1531219359340,1531219359336,1098671,0.00101200,5.92100000,1
1531219359431,1531219359427,1098672,0.00100700,3.70600000,1
1531219359543,1531219359538,1098673,0.00101700,4.55500000,0
1531219359564,1531219359560,1098674,0.00100800,36.32300000,1
1531219359571,1531219359567,1098675,0.00101700,3.80400000,0
1531219359571,1531219359567,1098676,0.00101800,0.75100000,0
1531219359598,1531219359593,1098677,0.00101800,2.97000000,0
1531219359625,1531219359622,1098678,0.00102200,15.64000000,0
1531219360379,1531219360376,1098679,0.00100900,1.99800000,1
1531219360525,1531219360520,1098680,0.00101800,5.92100000,0
1531219360541,1531219360537,1098681,0.00102400,8.80100000,0
1531219361368,1531219361362,1098682,0.00101000,4.49000000,1
1531219361531,1531219361526,1098683,0.00101700,87.97800000,0
1531219362073,1531219362067,1098684,0.00101000,4.28500000,1
1531219362073,1531219362067,1098685,0.00100900,35.48200000,1
1531219362073,1531219362067,1098686,0.00100800,5.94500000,1
1531219362073,1531219362067,1098687,0.00100600,25.15300000,1
1531219362084,1531219362078,1098688,0.00100400,35.95800000,0
1531219362129,1531219362124,1098689,0.00100000,1.95200000,1
1531219362129,1531219362124,1098690,0.00099100,32.79400000,1
1531219362527,1531219362521,1098691,0.00100500,4.07100000,1
1531219362527,1531219362521,1098692,0.00099300,47.29900000,1
1531219362696,1531219362690,1098693,0.00099300,25.35700000,1
1531219362696,1531219362690,1098694,0.00099200,5.04000000,1
1531219362696,1531219362690,1098695,0.00099100,11.77100000,1
1531219362778,1531219362774,1098696,0.00099100,41.82800000,0
1531219362821,1531219362819,1098697,0.00099100,6.11900000,0
1531219362826,1531219362822,1098698,0.00099100,2.17400000,0
1531219362847,1531219362841,1098699,0.00101600,18.81500000,0
1531219362847,1531219362841,1098700,0.00101700,118.84600000,0
1531219362847,1531219362841,1098701,0.00101800,5.94500000,0
1531219362847,1531219362841,1098702,0.00102500,6.01200000,0
1531219362847,1531219362841,1098703,0.00102700,253.68500000,0
1531219362847,1531219362841,1098704,0.00102800,20.00000000,0
1531219362847,1531219362841,1098705,0.00103800,34.61300000,0
1531219363001,1531219362996,1098706,0.00099200,5.00000000,1
1531219363282,1531219363277,1098707,0.00100100,4.48800000,1
1531219363300,1531219363296,1098708,0.00100100,1.47500000,0
1531219363302,1531219363299,1098709,0.00100100,0.15600000,0
1531219363302,1531219363299,1098710,0.00100400,1.95200000,0
1531219364019,1531219364014,1098711,0.00101100,5.00000000,0
1531219364805,1531219364800,1098712,0.00100600,6.13100000,1
1531219364948,1531219364941,1098713,0.00100100,1.99500000,1
1531219364948,1531219364941,1098714,0.00099400,6.02700000,1
1531219364948,1531219364941,1098715,0.00099300,26.47600000,1
1531219364948,1531219364941,1098716,0.00099200,4.02900000,1
1531219365418,1531219365413,1098717,0.00099400,3.98300000,1
1531219365418,1531219365413,1098718,0.00099300,6.25200000,1
1531219366421,1531219366416,1098719,0.00099800,1.10300000,1
1531219366495,1531219366491,1098720,0.00100200,1.12200000,0
1531219366535,1531219366530,1098721,0.00100300,6.25200000,0
1531219366535,1531219366530,1098722,0.00100400,1.97100000,0
1531219366552,1531219366546,1098723,0.00100400,4.05600000,0
1531219366552,1531219366546,1098724,0.00100600,8.80200000,0
1531219367470,1531219367466,1098725,0.00099900,1.49900000,1
1531219367470,1531219367466,1098726,0.00099800,10.27300000,1
1531219367737,1531219367732,1098727,0.00100400,31.32300000,0
1531219368765,1531219368760,1098728,0.00099400,12.36500000,1
1531219368765,1531219368760,1098729,0.00099300,88.17000000,1
1531219368765,1531219368760,1098730,0.00099200,53.78600000,1
1531219369687,1531219369682,1098731,0.00099300,5.03500000,1
1531219369687,1531219369682,1098732,0.00099200,1.01900000,1
1531219369687,1531219369682,1098733,0.00099100,34.35000000,1
1531219369749,1531219369745,1098734,0.00100100,6.07600000,0
1531219370753,1531219370748,1098735,0.00099900,1.04700000,1
1531219370777,1531219370773,1098736,0.00099900,0.06200000,1
1531219371770,1531219371764,1098737,0.00099800,1.99500000,0
1531219371770,1531219371764,1098738,0.00099900,62.78500000,0
1531219371770,1531219371764,1098739,0.00100000,60.82600000,0
1531219371770,1531219371764,1098740,0.00100100,38.01000000,0
1531219371770,1531219371764,1098741,0.00100200,34.43200000,0
1531219373646,1531219373644,1098742,0.00100000,1.71800000,0
1531219374573,1531219374567,1098743,0.00100100,22.28200000,0
1531219377494,1531219377487,1098744,0.00100200,16.33500000,0
1531219377685,1531219377682,1098745,0.00099700,5.11900000,1
1531219381527,1531219381521,1098746,0.00100100,1.01700000,1
1531219383186,1531219383180,1098747,0.00100600,2.99500000,0
1531219383193,1531219383189,1098748,0.00100200,1.09900000,1
1531219383193,1531219383189,1098749,0.00100100,0.94200000,1
1531219385190,1531219385186,1098750,0.00100500,31.34700000,0
1531219385285,1531219385281,1098751,0.00100500,25.15300000,0
1531219385519,1531219385515,1098752,0.00100100,30.61400000,1
1531219386482,1531219386477,1098753,0.00100400,2.12400000,0
1531219388523,1531219388518,1098754,0.00100100,1.30900000,1
1531219389541,1531219389536,1098755,0.00100200,23.54800000,1
1531219389642,1531219389638,1098756,0.00100300,30.00000000,0
1531219390693,1531219390689,1098757,0.00100200,56.27700000,1
1531219393287,1531219393281,1098758,0.00100100,1.30500000,1
1531219394703,1531219394697,1098759,0.00100700,10.08100000,0
1531219394716,1531219394711,1098760,0.00100700,44.05800000,1
1531219398395,1531219398389,1098761,0.00100200,13.32600000,1
1531219398441,1531219398436,1098762,0.00100200,1.67400000,0
1531219401225,1531219401220,1098763,0.00100300,38.24600000,1
1531219403122,1531219403119,1098764,0.00099800,37.72200000,0
1531219403131,1531219403126,1098765,0.00099800,13.05700000,0
1531219403135,1531219403131,1098766,0.00099800,13.32600000,1
1531219403540,1531219403535,1098767,0.00099800,11.33900000,1
1531219403540,1531219403535,1098768,0.00099600,6.13800000,1
1531219403571,1531219403566,1098769,0.00099500,11.37200000,1
1531219404524,1531219404519,1098770,0.00099500,19.02200000,1
1531219405272,1531219405267,1098771,0.00099500,6.07600000,1
1531219406185,1531219406180,1098772,0.00099500,1.01600000,1
1531219406532,1531219406526,1098773,0.00099500,2.43000000,1
1531219407362,1531219407357,1098774,0.00099500,1.00900000,0
1531219408532,1531219408527,1098775,0.00099400,2.06400000,1
1531219409534,1531219409530,1098776,0.00099200,1.00900000,1
1531219412666,1531219412661,1098777,0.00099000,5.97600000,1
1531219412666,1531219412661,1098778,0.00098900,38.55900000,1
1531219412700,1531219412695,1098779,0.00098900,7.87600000,0
1531219414542,1531219414537,1098780,0.00099200,39.49400000,1
1531219416578,1531219416573,1098781,0.00099100,88.17000000,0
1531219417672,1531219417667,1098782,0.00099200,88.86300000,0
1531219418736,1531219418729,1098783,0.00099200,246.67500000,0
1531219419199,1531219419195,1098784,0.00099000,35.18700000,1
1531219419540,1531219419533,1098785,0.00099300,11.94100000,0
1531219425118,1531219425114,1098786,0.00100000,72.21500000,0
1531219426008,1531219426004,1098787,0.00099300,77.73600000,1
1531219429548,1531219429542,1098788,0.00099700,12.02400000,0
1531219432321,1531219432319,1098789,0.00099800,2.01500000,0
1531219435855,1531219435851,1098790,0.00099800,8.31600000,1
1531219435855,1531219435851,1098791,0.00099400,6.79300000,1
1531219435855,1531219435851,1098792,0.00099300,1.43700000,1
1531219437892,1531219437889,1098793,0.00099400,0.25700000,1
1531219442185,1531219442178,1098794,0.00099800,11.91600000,0
1531219442185,1531219442178,1098795,0.00100000,759.50000000,0
1531219442185,1531219442178,1098796,0.00100200,11.37200000,0
1531219442185,1531219442178,1098797,0.00100500,6.13800000,0
1531219442185,1531219442178,1098798,0.00100800,1.49900000,0
1531219445532,1531219445527,1098799,0.00101100,5.57700000,0
1531219447586,1531219447583,1098800,0.00101400,1.24400000,0
1531219449595,1531219449591,1098801,0.00100300,5.55800000,1
1531219451614,1531219451609,1098802,0.00100500,17.94100000,1
1531219452896,1531219452891,1098803,0.00100400,6.64700000,1
1531219453178,1531219453173,1098804,0.00100100,6.17400000,1
1531219453178,1531219453173,1098805,0.00100000,1.48500000,1
1531219453178,1531219453173,1098806,0.00099900,2.04500000,1
1531219457540,1531219457535,1098807,0.00100500,5.55800000,0
1531219457584,1531219457579,1098808,0.00100400,9.64200000,0
1531219457613,1531219457609,1098809,0.00100400,8.55600000,0
1531219457613,1531219457609,1098810,0.00100500,1.08600000,0
1531219457644,1531219457640,1098811,0.00100500,9.64200000,0
1531219457668,1531219457663,1098812,0.00100500,9.64200000,0
1531219457690,1531219457686,1098813,0.00100500,9.64200000,0
1531219462628,1531219462623,1098814,0.00100200,6.64700000,0
1531219467826,1531219467822,1098815,0.00100400,2.00800000,0
1531219468017,1531219468012,1098816,0.00099900,33.72600000,1
1531219468017,1531219468012,1098817,0.00099800,8.72100000,1
1531219468017,1531219468012,1098818,0.00099700,142.43500000,1
1531219468017,1531219468012,1098819,0.00099600,3.66300000,1
1531219468017,1531219468012,1098820,0.00099500,1.69100000,1
1531219468017,1531219468012,1098821,0.00099300,157.97100000,1
1531219470859,1531219470853,1098822,0.00099400,2.99500000,1
1531219486537,1531219486531,1098823,0.00099800,10.58500000,0
1531219495553,1531219495549,1098824,0.00099700,2.99500000,0
1531219495553,1531219495549,1098825,0.00099800,1.34200000,0
1531219505735,1531219505729,1098826,0.00100100,20.46500000,0
1531219512809,1531219512786,1098827,0.00100100,19.88900000,0
1531219523129,1531219523124,1098828,0.00099800,281.00000000,1
1531219523555,1531219523549,1098829,0.00099800,0.86900000,1
1531219544461,1531219544456,1098830,0.00099500,1.00600000,1
1531219544904,1531219544896,1098831,0.00100100,55.10700000,0
1531219544904,1531219544896,1098832,0.00100200,3.66300000,0
1531219544904,1531219544896,1098833,0.00100300,1.48500000,0
1531219544904,1531219544896,1098834,0.00100400,10.52700000,0
1531219544904,1531219544896,1098835,0.00100500,4.01400000,0
1531219544904,1531219544896,1098836,0.00100600,3.79600000,0
1531219544904,1531219544896,1098837,0.00100700,1.48200000,0
1531219553469,1531219553465,1098838,0.00100000,32.68600000,1
1531219563657,1531219563652,1098839,0.00099900,1.00500000,0
1531219564433,1531219564428,1098840,0.00099800,2.97500000,1
1531219564433,1531219564428,1098841,0.00099600,0.15000000,1
1531219587987,1531219587982,1098842,0.00100500,1.00300000,0
1531219597260,1531219597255,1098843,0.00100100,46.00000000,1
1531219616000,1531219615997,1098844,0.00100100,0.25000000,1
1531219616000,1531219615997,1098845,0.00100000,103.39000000,1
1531219628374,1531219628369,1098846,0.00099900,5.01000000,1
1531219637039,1531219637033,1098847,0.00099600,1.00500000,1
1531219637039,1531219637033,1098848,0.00099500,28.99500000,1
1531219644506,1531219644500,1098849,0.00099500,10.55900000,1
1531219644935,1531219644930,1098850,0.00099500,10.35100000,1
1531219654512,1531219654507,1098851,0.00099500,20.00000000,1
1531219658047,1531219658042,1098852,0.00099600,200.80300000,0
1531219658145,1531219658141,1098853,0.00099600,27.67600000,0
1531219659723,1531219659719,1098854,0.00099600,18.61000000,0
1531219660510,1531219660504,1098855,0.00099700,173.00000000,0
1531219662502,1531219662497,1098856,0.00099800,4.27200000,0
1531219664970,1531219664965,1098857,0.00100400,6.10700000,1
1531219664973,1531219664969,1098858,0.00099800,6.09000000,1
1531219665830,1531219665825,1098859,0.00099800,17.84600000,1
1531219667011,1531219667004,1098860,0.00099900,6.41600000,1
1531219668388,1531219668385,1098861,0.00099900,0.80300000,1
1531219668388,1531219668385,1098862,0.00099600,14.39500000,1
1531219674568,1531219674561,1098863,0.00100300,31.15500000,0
1531219674568,1531219674561,1098864,0.00100400,6.09000000,0
1531219674568,1531219674561,1098865,0.00100600,3.00400000,0
1531219674568,1531219674561,1098866,0.00100900,1.09900000,0
1531219674568,1531219674561,1098867,0.00101000,2.04500000,0
1531219674568,1531219674561,1098868,0.00101100,12.28100000,0
1531219679238,1531219679232,1098869,0.00100400,141.91400000,1
1531219679602,1531219679598,1098870,0.00100400,57.28900000,1
1531219682273,1531219682262,1098871,0.00100600,17.08000000,1
1531219682273,1531219682262,1098872,0.00100500,14.94000000,1
1531219682273,1531219682262,1098873,0.00100300,1.38100000,1
1531219682273,1531219682262,1098874,0.00100200,9.08200000,1
1531219682273,1531219682262,1098875,0.00100000,12.62100000,1
1531219682273,1531219682262,1098876,0.00099800,40.57100000,1
1531219682273,1531219682262,1098877,0.00099700,60.85000000,1
1531219682273,1531219682262,1098878,0.00099600,11.45100000,1
1531219689279,1531219689272,1098879,0.00099900,6.98000000,0
1531219689279,1531219689272,1098880,0.00100000,10.10000000,0
1531219689279,1531219689272,1098881,0.00100200,4.97300000,0
1531219689279,1531219689272,1098882,0.00100600,9.91800000,0
1531219689279,1531219689272,1098883,0.00100700,8.60100000,0
1531219691034,1531219691028,1098884,0.00100200,1.00800000,1
1531219693842,1531219693836,1098885,0.00099900,1.63800000,1
1531219711579,1531219711574,1098886,0.00100200,1.99200000,1
1531219711579,1531219711574,1098887,0.00100000,24.77300000,1
1531219711820,1531219711816,1098888,0.00100000,245.60000000,0
1531219713649,1531219713643,1098889,0.00099900,1.63800000,0
1531219729807,1531219729805,1098890,0.00099800,0.10200000,1
1531219737252,1531219737247,1098891,0.00100000,6.02100000,0
1531219753088,1531219753082,1098892,0.00099900,1.10300000,1
1531219753513,1531219753508,1098893,0.00099900,10.27300000,0
1531219753721,1531219753718,1098894,0.00099800,2.96400000,1
1531219766022,1531219766017,1098895,0.00099800,2.99000000,1
1531219799510,1531219799508,1098896,0.00099900,6.13400000,0
1531219803506,1531219803501,1098897,0.00099900,6.14300000,0
1531219815517,1531219815516,1098898,0.00100000,143.62200000,0
1531219816047,1531219816043,1098899,0.00099900,6.14700000,1
1531219816981,1531219816976,1098900,0.00100000,3.73100000,0
1531219818277,1531219818273,1098901,0.00099900,6.14300000,1
1531219820275,1531219820269,1098902,0.00100000,2.40400000,0
1531219824647,1531219824643,1098903,0.00100300,12.29000000,0
1531219826024,1531219826019,1098904,0.00100300,14.39800000,1
1531219826332,1531219826328,1098905,0.00100400,0.76600000,0
1531219827171,1531219827169,1098906,0.00100300,6.13400000,1
1531219828252,1531219828248,1098907,0.00100300,6.13300000,1
1531219836605,1531219836601,1098908,0.00100400,4.00000000,0
1531219846421,1531219846418,1098909,0.00100400,1.29000000,0
1531219873001,1531219872995,1098910,0.00100500,1.99200000,1
1531219874872,1531219874863,1098911,0.00100600,1.10300000,0
1531219874872,1531219874863,1098912,0.00100700,15.59300000,0
1531219874872,1531219874863,1098913,0.00100800,2.49100000,0
1531219874872,1531219874863,1098914,0.00100900,1.38100000,0
1531219874872,1531219874863,1098915,0.00101000,6.11800000,0
1531219874872,1531219874863,1098916,0.00101100,19.94500000,0
1531219874872,1531219874863,1098917,0.00101400,2.73900000,0
1531219874872,1531219874863,1098918,0.00101500,2.00800000,0
1531219874872,1531219874863,1098919,0.00101600,7.37500000,0
1531219874887,1531219874883,1098920,0.00101600,1.99200000,1
1531219874888,1531219874884,1098921,0.00100500,1.99200000,1
1531219875075,1531219875070,1098922,0.00100600,4.97000000,1
1531219875303,1531219875298,1098923,0.00100600,1.12300000,1
1531219891520,1531219891517,1098924,0.00101000,4.19300000,1
1531219891888,1531219891884,1098925,0.00101000,0.77700000,0
1531219891888,1531219891884,1098926,0.00101100,0.22000000,0
1531219903120,1531219903116,1098927,0.00100700,3.27000000,1
1531219911123,1531219911119,1098928,0.00100600,2.00600000,0
1531219911597,1531219911593,1098929,0.00100600,3.00900000,0
1531219932666,1531219932659,1098930,0.00101000,1.16900000,1
1531219937897,1531219937891,1098931,0.00101100,8.15400000,1
1531219946448,1531219946443,1098932,0.00101200,4.19300000,0
1531219946448,1531219946443,1098933,0.00101300,0.80700000,0
1531219949251,1531219949246,1098934,0.00101300,1.18200000,0
1531219949294,1531219949288,1098935,0.00101400,8.15400000,1
1531219952961,1531219952958,1098936,0.00101400,0.00200000,1
1531219955350,1531219955345,1098937,0.00101500,2.27600000,0
1531219955350,1531219955345,1098938,0.00101700,35.01500000,0
1531219955374,1531219955370,1098939,0.00101800,13.21400000,1
1531219955493,1531219955488,1098940,0.00101800,18.98700000,1
1531219955973,1531219955968,1098941,0.00101800,38.95500000,1
1531219959829,1531219959824,1098942,0.00101500,4.99700000,0
1531219961830,1531219961825,1098943,0.00101500,0.00300000,0
1531219963090,1531219963086,1098944,0.00102000,40.01800000,0
1531219963202,1531219963197,1098945,0.00102000,5.61000000,1
1531219963519,1531219963514,1098946,0.00102000,5.22500000,1
1531219966557,1531219966552,1098947,0.00101600,25.28900000,0
1531219966561,1531219966558,1098948,0.00101600,20.56500000,0
1531219966649,1531219966643,1098949,0.00101600,4.72400000,1
1531219966649,1531219966643,1098950,0.00101500,5.09800000,1
1531219966649,1531219966643,1098951,0.00101200,9.40000000,1
1531219966702,1531219966697,1098952,0.00101100,7.92000000,0
1531219967146,1531219967142,1098953,0.00101100,6.23400000,0
1531219967267,1531219967264,1098954,0.00100900,3.06800000,1
1531219970553,1531219970548,1098955,0.00100900,275.16400000,1
1531219970585,1531219970582,1098956,0.00100900,62.17700000,1
1531219970615,1531219970612,1098957,0.00100600,50.00000000,1
1531219970646,1531219970640,1098958,0.00100500,2.65900000,1
1531219972781,1531219972777,1098959,0.00101000,0.99200000,0
1531219972866,1531219972864,1098960,0.00101000,1.98300000,0
1531219975049,1531219975042,1098961,0.00100600,0.99500000,1
1531219975049,1531219975042,1098962,0.00100300,9.53100000,1
1531219975062,1531219975056,1098963,0.00101000,3.40500000,0
1531219975230,1531219975225,1098964,0.00100300,10.22400000,1
1531219984182,1531219984181,1098965,0.00100500,16.81100000,1
1531219986134,1531219986128,1098966,0.00100500,6.15800000,1
1531219988138,1531219988133,1098967,0.00100900,18.82800000,0
1531219988149,1531219988143,1098968,0.00100900,35.22500000,1
1531219991616,1531219991611,1098969,0.00100500,1.17000000,0
1531219992563,1531219992561,1098970,0.00100500,1.35400000,0
1531219994552,1531219994547,1098971,0.00100800,22.96900000,0
1531219994654,1531219994650,1098972,0.00100500,17.11900000,1
1531219995147,1531219995143,1098973,0.00100500,14.92500000,1
1531219995809,1531219995804,1098974,0.00100500,5.53400000,1
1531219996590,1531219996585,1098975,0.00100500,59.01100000,1
1531219997562,1531219997557,1098976,0.00100500,147.16000000,0
1531220000215,1531220000210,1098977,0.00100400,10.59600000,1
1531220005419,1531220005414,1098978,0.00100700,8.00000000,0
1531220005555,1531220005552,1098979,0.00100700,0.55900000,0
1531220006556,1531220006550,1098980,0.00100700,8.56000000,0
1531220006584,1531220006579,1098981,0.00100800,5.53400000,0
1531220010128,1531220010122,1098982,0.00101100,9.92000000,0
1531220021616,1531220021611,1098983,0.00101100,15.08000000,0
1531220021616,1531220021611,1098984,0.00101200,14.92500000,0
1531220021616,1531220021611,1098985,0.00101300,1.98500000,0
1531220021639,1531220021633,1098986,0.00101400,30.28800000,1
1531220022054,1531220022049,1098987,0.00101400,7.23500000,1
1531220022491,1531220022486,1098988,0.00101500,1.27000000,0
1531220022553,1531220022548,1098989,0.00101400,17.84900000,1
1531220030011,1531220030006,1098990,0.00101000,25.10600000,1
1531220030011,1531220030006,1098991,0.00100800,6.14300000,1
1531220030011,1531220030006,1098992,0.00100600,249.75200000,1
1531220030030,1531220030025,1098993,0.00100600,25.11300000,0
1531220030042,1531220030036,1098994,0.00100600,25.11300000,0
1531220030054,1531220030050,1098995,0.00100500,25.11300000,1
1531220030066,1531220030061,1098996,0.00100600,7.92500000,0
1531220030072,1531220030067,1098997,0.00100600,9.06500000,0
1531220030095,1531220030090,1098998,0.00100600,25.15800000,0
1531220030099,1531220030094,1098999,0.00100600,25.15800000,0
1531220030103,1531220030096,1099000,0.00100500,24.42200000,1
1531220030144,1531220030138,1099001,0.00100500,12.55300000,1
1531220030496,1531220030494,1099002,0.00100600,1.37600000,0
1531220030558,1531220030554,1099003,0.00100600,66.33100000,0
1531220031173,1531220031166,1099004,0.00100500,12.55300000,1
1531220055504,1531220055500,1099005,0.00100800,2.65900000,0
1531220077170,1531220077163,1099006,0.00101000,3.15500000,0
1531220077170,1531220077163,1099007,0.00101100,1.37700000,0
1531220077170,1531220077163,1099008,0.00101500,9.04100000,0
1531220077170,1531220077163,1099009,0.00101700,8.61000000,0
1531220077170,1531220077163,1099010,0.00101800,2.28000000,0
1531220077170,1531220077163,1099011,0.00101900,207.77000000,0
1531220077188,1531220077183,1099012,0.00101900,59.88800000,1
1531220077221,1531220077216,1099013,0.00101900,4.80800000,1
1531220077232,1531220077227,1099014,0.00101900,7.92500000,1
1531220079176,1531220079171,1099015,0.00102000,4.99900000,1
1531220079188,1531220079183,1099016,0.00102000,4.99900000,1
1531220079561,1531220079557,1099017,0.00102100,6.42300000,0
1531220079595,1531220079588,1099018,0.00102200,1.98300000,0
1531220084278,1531220084272,1099019,0.00102400,0.98600000,0
1531220092559,1531220092555,1099020,0.00102000,0.98100000,1
1531220093903,1531220093899,1099021,0.00102300,1.97100000,0
1531220094582,1531220094578,1099022,0.00102300,1.97100000,0
1531220094922,1531220094917,1099023,0.00102300,1.97100000,0
1531220096553,1531220096548,1099024,0.00102200,9.78500000,1
1531220097564,1531220097559,1099025,0.00101900,195.14600000,1
1531220097813,1531220097809,1099026,0.00102000,9.80400000,1
1531220098566,1531220098561,1099027,0.00101600,19.97700000,1
1531220099513,1531220099508,1099028,0.00101800,9.82400000,1
1531220099566,1531220099562,1099029,0.00101500,1.36500000,1
1531220099733,1531220099729,1099030,0.00101400,1.31500000,1
1531220101568,1531220101562,1099031,0.00101600,4.56700000,1
1531220101589,1531220101583,1099032,0.00101600,4.56700000,1
1531220101609,1531220101603,1099033,0.00101600,0.70900000,1
1531220101609,1531220101603,1099034,0.00101500,3.26800000,1
1531220103565,1531220103560,1099035,0.00101400,6.21500000,1
1531220107561,1531220107556,1099036,0.00101500,0.98600000,1
1531220108570,1531220108565,1099037,0.00101300,3.95000000,1
1531220108868,1531220108862,1099038,0.00101500,2.45600000,0
1531220108869,1531220108862,1099039,0.00101600,5.27100000,0
1531220109431,1531220109425,1099040,0.00101600,6.21500000,1
1531220109597,1531220109592,1099041,0.00101600,39.76500000,1
1531220118133,1531220118127,1099042,0.00101300,1.36500000,0
1531220118170,1531220118165,1099043,0.00101300,1.36500000,0
1531220118186,1531220118180,1099044,0.00101300,7.92500000,0
1531220118260,1531220118254,1099045,0.00101300,1.37000000,0
1531220133569,1531220133563,1099046,0.00101300,7.73000000,0
1531220140279,1531220140275,1099047,0.00101900,0.00300000,0
1531220164456,1531220164453,1099048,0.00101500,1.08500000,1
1531220171837,1531220171831,1099049,0.00101500,1.16900000,1
1531220172187,1531220172181,1099050,0.00101500,1.16900000,1
1531220173524,1531220173519,1099051,0.00101500,2.59300000,1
1531220189938,1531220189932,1099052,0.00101400,1.29600000,1
1531220206625,1531220206621,1099053,0.00101700,0.24200000,0
1531220213106,1531220213102,1099054,0.00101600,4.62700000,1
1531220213568,1531220213562,1099055,0.00101600,25.37300000,1
1531220223102,1531220223097,1099056,0.00101700,1.17000000,0
1531220223406,1531220223402,1099057,0.00101700,1.17000000,0
1531220229155,1531220229148,1099058,0.00101800,8.89100000,0
1531220229155,1531220229148,1099059,0.00102000,4.16400000,0
1531220229155,1531220229148,1099060,0.00102100,141.77300000,0
1531220238808,1531220238802,1099061,0.00101700,3.26500000,0
1531220238808,1531220238802,1099062,0.00102100,172.66200000,0
1531220238808,1531220238802,1099063,0.00102200,9.14200000,0
1531220283493,1531220283488,1099064,0.00102000,1.17600000,0
1531220299640,1531220299635,1099065,0.00101600,12.98300000,1
1531220299657,1531220299655,1099066,0.00101500,34.12900000,0
1531220299679,1531220299675,1099067,0.00101500,3.60900000,0
1531220299745,1531220299740,1099068,0.00101500,2.98600000,0
1531220302967,1531220302960,1099069,0.00101700,1.55000000,1
1531220302967,1531220302960,1099070,0.00101600,1.43600000,1
1531220320511,1531220320506,1099071,0.00101400,28.20700000,1
1531220359162,1531220359158,1099072,0.00101400,107.88600000,1
1531220400045,1531220400040,1099073,0.00101900,3.69600000,0
1531220400045,1531220400040,1099074,0.00102000,14.99600000,0
1531220412108,1531220412102,1099075,0.00102000,4.90200000,0
1531220412373,1531220412369,1099076,0.00102000,1.96100000,0
1531220412484,1531220412482,1099077,0.00102000,1.47100000,0
1531220413089,1531220413084,1099078,0.00102000,4.90200000,0
1531220413098,1531220413093,1099079,0.00102000,7.35300000,0
1531220413881,1531220413879,1099080,0.00102000,1.96100000,0
1531220413942,1531220413937,1099081,0.00102000,1.96100000,0
1531220414088,1531220414083,1099082,0.00102000,4.90200000,0
1531220414981,1531220414976,1099083,0.00102000,19.60800000,0
1531220415954,1531220415949,1099084,0.00102000,1.96100000,0
1531220416530,1531220416524,1099085,0.00102000,1.47100000,0
1531220417207,1531220417203,1099086,0.00102000,1.47100000,0
1531220476021,1531220476016,1099087,0.00101600,5.40300000,1
1531220485945,1531220485940,1099088,0.00101600,0.60700000,1
1531220488955,1531220488951,1099089,0.00101500,1.45600000,1
1531220503716,1531220503710,1099090,0.00101600,1.54900000,1
1531220546807,1531220546801,1099091,0.00101600,3.12200000,1
1531220562003,1531220561997,1099092,0.00101600,20.39200000,1
1531220562003,1531220561997,1099093,0.00101500,0.80300000,1
1531220562003,1531220561997,1099094,0.00101400,520.77200000,1
1531220562003,1531220561997,1099095,0.00101300,421.99300000,1
1531220571918,1531220571912,1099096,0.00101400,1.53300000,1
1531220619730,1531220619722,1099097,0.00101900,9.11700000,0
1531220619730,1531220619722,1099098,0.00102000,88.79500000,0
1531220619730,1531220619722,1099099,0.00102100,1.31500000,0
1531220619730,1531220619722,1099100,0.00102200,42.27000000,0
1531220619730,1531220619722,1099101,0.00102400,46.83700000,0
1531220630950,1531220630945,1099102,0.00101800,2.00000000,1
1531220639366,1531220639361,1099103,0.00102300,0.98500000,0
1531220639823,1531220639818,1099104,0.00102200,0.98500000,0
1531220639840,1531220639834,1099105,0.00102200,1.01500000,0
1531220639840,1531220639834,1099106,0.00102300,0.95400000,0
1531220639874,1531220639868,1099107,0.00102300,0.98500000,0
1531220639878,1531220639872,1099108,0.00102300,0.98500000,0
1531220640234,1531220640228,1099109,0.00102300,0.98500000,0
1531220640258,1531220640255,1099110,0.00102300,0.98500000,0
1531220640360,1531220640354,1099111,0.00102300,0.98500000,0
1531220640578,1531220640572,1099112,0.00102300,0.98500000,0
1531220640673,1531220640668,1099113,0.00102300,0.98500000,0
1531220642379,1531220642373,1099114,0.00102200,9.78500000,1
1531220643960,1531220643956,1099115,0.00102000,7.92500000,1
1531220645250,1531220645245,1099116,0.00102000,0.98400000,1
1531220647571,1531220647566,1099117,0.00102000,0.89500000,1
1531220647571,1531220647566,1099118,0.00101900,0.08800000,1
1531220651671,1531220651663,1099119,0.00101900,0.89400000,1
1531220651671,1531220651663,1099120,0.00101800,9.82400000,1
1531220651671,1531220651663,1099121,0.00101700,1.96800000,1
1531220651671,1531220651663,1099122,0.00101600,221.43000000,1
1531220651688,1531220651682,1099123,0.00101600,34.57400000,0
1531220651732,1531220651728,1099124,0.00101600,2.92600000,0
1531220651785,1531220651780,1099125,0.00101600,56.04000000,0
1531220653312,1531220653309,1099126,0.00101600,2.10400000,1
1531220735072,1531220735067,1099127,0.00101700,16.75200000,1
1531220761712,1531220761707,1099128,0.00101900,5.60000000,0
1531220763778,1531220763774,1099129,0.00101900,0.01600000,0
1531220767976,1531220767971,1099130,0.00101900,13.24000000,0
1531220768004,1531220767998,1099131,0.00101900,27.01600000,1
1531220768740,1531220768735,1099132,0.00101900,38.36000000,1
1531220772172,1531220772167,1099133,0.00101800,1.06700000,1
1531220787631,1531220787626,1099134,0.00101800,0.01500000,1
1531220862559,1531220862554,1099135,0.00101800,192.53300000,1
1531220870750,1531220870744,1099136,0.00101800,64.80900000,1
1531220880222,1531220880217,1099137,0.00101500,3.56000000,1
1531220907479,1531220907473,1099138,0.00101500,7.27900000,1
1531220907650,1531220907644,1099139,0.00101500,2.06000000,0
1531220908896,1531220908891,1099140,0.00101800,9.33900000,0
1531220908930,1531220908924,1099141,0.00101800,7.92500000,1
1531220909611,1531220909605,1099142,0.00101800,3.36100000,1
1531220923519,1531220923514,1099143,0.00101500,6.29600000,1
1531220923581,1531220923575,1099144,0.00101500,5.14600000,0
1531220923643,1531220923638,1099145,0.00101500,0.00300000,0
1531221168774,1531221168768,1099146,0.00101700,22.17900000,0
1531221174405,1531221174399,1099147,0.00101700,10.87900000,0
1531221174405,1531221174399,1099148,0.00101800,10.00000000,0
1531221174405,1531221174399,1099149,0.00102000,37.12100000,0
1531221176412,1531221176406,1099150,0.00102000,0.58300000,0
1531221215122,1531221215114,1099151,0.00101900,10.96100000,0
1531221215122,1531221215114,1099152,0.00102000,62.29600000,0
1531221215122,1531221215114,1099153,0.00102200,41.19300000,0
1531221215122,1531221215114,1099154,0.00102300,51.43100000,0
1531221215122,1531221215114,1099155,0.00102400,3.93200000,0
1531221215122,1531221215114,1099156,0.00102500,8.94800000,0
1531221235713,1531221235708,1099157,0.00102000,2.95100000,1
1531221235759,1531221235754,1099158,0.00102000,3.21000000,1
1531221235759,1531221235754,1099159,0.00101900,1.45100000,1
1531221236664,1531221236658,1099160,0.00101900,1.50000000,0
1531221251775,1531221251770,1099161,0.00102300,6.16100000,0
1531221251790,1531221251787,1099162,0.00102300,10.78600000,1
1531221256398,1531221256394,1099163,0.00102100,6.35000000,1
1531221256665,1531221256659,1099164,0.00102100,6.36000000,0
1531221272600,1531221272596,1099165,0.00102500,46.91500000,0
1531221279424,1531221279418,1099166,0.00102100,5.02000000,1
1531221279426,1531221279420,1099167,0.00102100,5.02000000,1
1531221279662,1531221279657,1099168,0.00102600,13.84700000,0
1531221285681,1531221285677,1099169,0.00102300,6.25800000,0
1531221292087,1531221292081,1099170,0.00102000,22.21200000,1
1531221308101,1531221308098,1099171,0.00102300,0.98600000,0
1531221310676,1531221310673,1099172,0.00102300,2.79600000,0
1531221317326,1531221317322,1099173,0.00102300,2.96100000,1
1531221323196,1531221323191,1099174,0.00102100,1.07900000,1
1531221323196,1531221323191,1099175,0.00102000,99.21700000,1
1531221334997,1531221334991,1099176,0.00102100,32.44100000,1
1531221335002,1531221334997,1099177,0.00102100,13.31900000,1
1531221336674,1531221336669,1099178,0.00102100,19.12200000,0
1531221345222,1531221345215,1099179,0.00102400,4.23000000,0
1531221345222,1531221345215,1099180,0.00102500,21.95800000,0
1531221345222,1531221345215,1099181,0.00102700,6.88200000,0
1531221345222,1531221345215,1099182,0.00102800,0.98500000,0
1531221347888,1531221347883,1099183,0.00102200,6.27600000,1
1531221348675,1531221348669,1099184,0.00102200,0.00700000,0
1531221349023,1531221349017,1099185,0.00102100,4.47100000,1
1531221349678,1531221349673,1099186,0.00102100,57.89100000,0
1531221355677,1531221355672,1099187,0.00102200,4.47100000,0
1531221356502,1531221356500,1099188,0.00102100,3.02900000,1
1531221356664,1531221356659,1099189,0.00102300,33.00000000,0
1531221356909,1531221356904,1099190,0.00102100,32.79500000,1
1531221356916,1531221356910,1099191,0.00102100,32.79500000,1
1531221363433,1531221363428,1099192,0.00102100,16.81700000,1
1531221363674,1531221363668,1099193,0.00102100,16.84300000,0
1531221368707,1531221368703,1099194,0.00102400,0.98700000,1
1531221379422,1531221379417,1099195,0.00102500,91.71200000,0
1531221379437,1531221379431,1099196,0.00102500,15.86100000,1
1531221379449,1531221379443,1099197,0.00102100,2.49100000,1
1531221379454,1531221379449,1099198,0.00102100,15.86100000,1
1531221379830,1531221379825,1099199,0.00102200,22.57500000,1
1531221380216,1531221380212,1099200,0.00102200,26.81700000,1
1531221380227,1531221380223,1099201,0.00102200,26.81700000,1
1531221381962,1531221381957,1099202,0.00102100,1.96100000,1
1531221382172,1531221382164,1099203,0.00102100,4.90200000,1
1531221387368,1531221387361,1099204,0.00102600,0.98400000,0
1531221387445,1531221387441,1099205,0.00102600,0.98400000,0
1531221387447,1531221387441,1099206,0.00102600,0.98400000,0
1531221387846,1531221387842,1099207,0.00102600,0.98400000,0
1531221388747,1531221388742,1099208,0.00102600,0.98400000,0
1531221402493,1531221402490,1099209,0.00102200,6.98000000,1
1531221402668,1531221402664,1099210,0.00102200,6.99000000,0
1531221407278,1531221407273,1099211,0.00102100,30.00000000,1
1531221431517,1531221431514,1099212,0.00102200,4.67600000,1
1531221431532,1531221431527,1099213,0.00102200,0.22200000,1
1531221431672,1531221431668,1099214,0.00102200,4.45400000,0
1531221435686,1531221435681,1099215,0.00102300,6.98000000,0
1531221445838,1531221445834,1099216,0.00102300,3.00000000,1
1531221446684,1531221446680,1099217,0.00102200,3.00000000,0
1531221446684,1531221446680,1099218,0.00102300,3.01200000,0
1531221460384,1531221460379,1099219,0.00102100,30.44700000,1
1531221471795,1531221471789,1099220,0.00102200,1.00000000,1
1531221471795,1531221471789,1099221,0.00102100,0.54500000,1
1531221472757,1531221472752,1099222,0.00102200,21.63100000,1
1531221472803,1531221472798,1099223,0.00102200,2.65700000,1
1531221473497,1531221473491,1099224,0.00102200,2.65700000,1
1531221473506,1531221473502,1099225,0.00102200,2.65700000,1
1531221533901,1531221533896,1099226,0.00102500,26.91700000,0
1531221535238,1531221535233,1099227,0.00102500,26.03500000,0
1531221536304,1531221536299,1099228,0.00102200,7.30200000,1
1531221579256,1531221579252,1099229,0.00102300,1.29800000,1
1531221592326,1531221592321,1099230,0.00102300,12.12200000,1
1531221592331,1531221592327,1099231,0.00102300,165.53200000,1
1531221592347,1531221592343,1099232,0.00102300,22.33500000,1
1531221712571,1531221712566,1099233,0.00102400,1.47100000,1
1531221730390,1531221730385,1099234,0.00102400,26.33900000,1
1531221730560,1531221730555,1099235,0.00102400,75.00000000,1
1531221806857,1531221806852,1099236,0.00102400,2.59900000,1
1531221844336,1531221844332,1099237,0.00102700,5.00000000,0
1531221844376,1531221844371,1099238,0.00102700,14.57900000,1
1531221844382,1531221844377,1099239,0.00102400,4.08500000,1
1531221890624,1531221890619,1099240,0.00102600,24.97500000,0
1531221890624,1531221890619,1099241,0.00102800,16.08400000,0
1531221914634,1531221914629,1099242,0.00102800,8.25200000,0
1531221914680,1531221914675,1099243,0.00102800,7.18200000,1
1531221956266,1531221956262,1099244,0.00102800,61.80900000,1
1531221956284,1531221956280,1099245,0.00102800,4.66800000,1
1531221956284,1531221956280,1099246,0.00102800,4.66800000,1
1531221956289,1531221956285,1099247,0.00102800,4.66800000,1
1531221956292,1531221956287,1099248,0.00102800,7.92500000,1
1531221956388,1531221956384,1099249,0.00102800,4.66800000,1
1531221956395,1531221956391,1099250,0.00102800,4.66800000,1
1531221956652,1531221956648,1099251,0.00102800,16.41000000,1
1531221957436,1531221957431,1099252,0.00102400,1.96100000,1
1531221957769,1531221957764,1099253,0.00102400,1.96100000,1
1531221958174,1531221958169,1099254,0.00102400,1.96100000,1
1531221959549,1531221959543,1099255,0.00102500,1.50400000,1
1531221965510,1531221965508,1099256,0.00102500,1.07500000,1
1531221968526,1531221968522,1099257,0.00102400,1.13500000,1
1531221979483,1531221979477,1099258,0.00102400,19.60800000,1
1531221989175,1531221989170,1099259,0.00102400,65.78300000,1
1531221993776,1531221993773,1099260,0.00102000,14.96800000,1
1531221995928,1531221995924,1099261,0.00102000,2.94700000,1
1531221995928,1531221995924,1099262,0.00101900,95.76900000,1
1531222006372,1531222006367,1099263,0.00102400,3.66200000,0
1531222032219,1531222032214,1099264,0.00102300,1.50400000,0
1531222032219,1531222032214,1099265,0.00102400,185.49600000,0
1531222075625,1531222075620,1099266,0.00102400,1.97100000,0
1531222077621,1531222077617,1099267,0.00102300,8.20800000,1
1531222077796,1531222077791,1099268,0.00102300,1.56800000,1
1531222102268,1531222102263,1099269,0.00102100,6.92600000,1
1531222103128,1531222103124,1099270,0.00102400,7.09200000,0
1531222237728,1531222237724,1099271,0.00102400,2.95700000,0
1531222277211,1531222277207,1099272,0.00102400,0.97900000,0
1531222280240,1531222280235,1099273,0.00102400,0.97900000,0
1531222283247,1531222283241,1099274,0.00102400,0.97900000,0
1531222286240,1531222286236,1099275,0.00102400,0.97900000,0
1531222289249,1531222289245,1099276,0.00102400,0.94700000,0
1531222289250,1531222289245,1099277,0.00102600,0.03200000,0
1531222401161,1531222401156,1099278,0.00102600,14.61900000,0
1531222474476,1531222474472,1099279,0.00102600,4.00300000,0
1531222474489,1531222474485,1099280,0.00102600,2.04600000,1
1531222474493,1531222474488,1099281,0.00102600,1.66300000,1
1531222474496,1531222474492,1099282,0.00102100,2.04600000,1
1531222478886,1531222478884,1099283,0.00102100,0.82300000,1
1531222478902,1531222478900,1099284,0.00102000,1.22100000,0
1531222502586,1531222502581,1099285,0.00102000,0.82200000,1
1531222503932,1531222503929,1099286,0.00101900,0.82200000,1
1531222521539,1531222521535,1099287,0.00102000,6.48700000,1
1531222521829,1531222521824,1099288,0.00102000,20.96800000,0
1531222566686,1531222566682,1099289,0.00101900,5.00000000,1
1531222567222,1531222567219,1099290,0.00101900,53.94600000,1
1531222592840,1531222592838,1099291,0.00102000,5.04500000,0
1531222593174,1531222593168,1099292,0.00101900,16.64500000,1
1531222593829,1531222593827,1099293,0.00101900,8.10300000,0
1531222621032,1531222621029,1099294,0.00101800,52.12200000,1
1531222621033,1531222621029,1099295,0.00101800,189.24900000,1
1531222621033,1531222621029,1099296,0.00101700,395.22400000,1
1531222641821,1531222641818,1099297,0.00101700,170.00200000,1
1531222641874,1531222641871,1099298,0.00101700,1.20000000,1
1531222644438,1531222644434,1099299,0.00101700,15.14600000,1
1531222644700,1531222644696,1099300,0.00101700,1418.42800000,1
1531222645843,1531222645841,1099301,0.00101500,245.12300000,1
1531222645873,1531222645868,1099302,0.00101400,2.95900000,1
1531222645901,1531222645898,1099303,0.00101300,97.57700000,1
1531222645929,1531222645924,1099304,0.00101300,92.84000000,1
1531222646849,1531222646847,1099305,0.00101200,43.04100000,1
1531222647849,1531222647846,1099306,0.00101100,6.36500000,1
1531222647870,1531222647866,1099307,0.00101000,76.51400000,1
1531222647892,1531222647888,1099308,0.00101300,126.43300000,1
1531222647892,1531222647888,1099309,0.00101000,6.93900000,1
1531222647925,1531222647920,1099310,0.00101000,8.24500000,1
1531222647945,1531222647942,1099311,0.00101000,16.88800000,1
1531222647964,1531222647960,1099312,0.00101000,26.08700000,1
1531222647992,1531222647989,1099313,0.00101000,42.33300000,1
1531222648034,1531222648030,1099314,0.00101000,71.05100000,1
1531222648067,1531222648065,1099315,0.00101000,112.43100000,1
1531222648831,1531222648827,1099316,0.00101000,17.27500000,1
1531222649723,1531222649710,1099317,0.00101000,340.65900000,1
1531222650485,1531222650481,1099318,0.00101400,6.48700000,0
1531222650485,1531222650481,1099319,0.00101500,24.39900000,0
1531222660443,1531222660438,1099320,0.00101000,6.58100000,1
1531222660443,1531222660438,1099321,0.00100900,3.96800000,1
1531222660443,1531222660438,1099322,0.00100800,269.17100000,1
1531222662205,1531222662204,1099323,0.00101400,0.99500000,0
1531222664261,1531222664258,1099324,0.00101300,4.93600000,0
1531222664425,1531222664421,1099325,0.00101300,14.02000000,0
1531222664721,1531222664716,1099326,0.00101300,14.02000000,1
1531222664878,1531222664873,1099327,0.00101200,5.58600000,0
1531222691362,1531222691358,1099328,0.00101200,5.00000000,1
1531222695806,1531222695802,1099329,0.00101100,4.94600000,1
1531222696764,1531222696761,1099330,0.00101000,0.99100000,1
1531222700701,1531222700697,1099331,0.00100900,4.95600000,1
1531222702558,1531222702553,1099332,0.00100700,1.36100000,1
1531222705035,1531222705031,1099333,0.00101000,1.53400000,0
1531222711083,1531222711079,1099334,0.00101000,3.46600000,0
1531222711724,1531222711720,1099335,0.00101000,4.53400000,1
1531222721983,1531222721979,1099336,0.00100700,1.97300000,1
1531222729122,1531222729117,1099337,0.00100700,1.63200000,1
1531222729122,1531222729117,1099338,0.00100500,5.45200000,1
1531222738911,1531222738905,1099339,0.00100500,57.09800000,1
1531222738911,1531222738905,1099340,0.00100400,502.98900000,1
1531222739066,1531222739063,1099341,0.00100400,176.75600000,0
1531222741089,1531222741086,1099342,0.00100400,39.45400000,1
1531222743854,1531222743850,1099343,0.00100700,2.45900000,0
1531222762673,1531222762670,1099344,0.00100500,1.02500000,1
1531222774221,1531222774218,1099345,0.00100400,20.86500000,1
1531222774847,1531222774842,1099346,0.00100400,1.70100000,0
1531222782807,1531222782803,1099347,0.00101000,1.02500000,0
1531222782807,1531222782803,1099348,0.00101100,2.61100000,0
1531222783709,1531222783706,1099349,0.00101100,1.36000000,1
1531222798841,1531222798836,1099350,0.00100700,6.26700000,1
1531222803059,1531222803056,1099351,0.00101000,7.42600000,1
1531222804706,1531222804704,1099352,0.00100800,7.44100000,1
1531222855994,1531222855990,1099353,0.00100600,5.33600000,1
1531222865703,1531222865699,1099354,0.00100600,2.12000000,1
1531222873840,1531222873838,1099355,0.00100500,1.00800000,1
1531222886237,1531222886232,1099356,0.00100400,7.47100000,1
1531222886237,1531222886232,1099357,0.00100300,207.99200000,1
1531222888632,1531222888628,1099358,0.00100300,298.98900000,1
1531222890725,1531222890722,1099359,0.00100200,1.39500000,1
1531222891720,1531222891716,1099360,0.00100100,34.99600000,1
1531222892862,1531222892857,1099361,0.00100000,4.00300000,1
1531222893846,1531222893842,1099362,0.00099800,4.90200000,1
1531222896812,1531222896808,1099363,0.00099800,37.02400000,1
1531222899463,1531222899456,1099364,0.00099800,163.01800000,1
1531222899463,1531222899456,1099365,0.00099700,4.01600000,1
1531222899463,1531222899456,1099366,0.00099600,7.63300000,1
1531222899463,1531222899456,1099367,0.00099500,246.61100000,1
1531222899463,1531222899456,1099368,0.00099400,14.28000000,1
1531222899463,1531222899456,1099369,0.00099300,2006.03600000,1
1531222899515,1531222899512,1099370,0.00099300,3.00000000,0
1531222899524,1531222899520,1099371,0.00099300,3.00000000,0
1531222899541,1531222899538,1099372,0.00099300,4.02900000,0
1531222901859,1531222901856,1099373,0.00099300,3.00000000,1
1531222902852,1531222902849,1099374,0.00099300,1.30700000,1
1531222903436,1531222903433,1099375,0.00099000,0.54500000,1
1531222903436,1531222903433,1099376,0.00099000,1199.45500000,1
1531222903510,1531222903507,1099377,0.00099000,7.92500000,0
1531222903686,1531222903684,1099378,0.00099000,3.01400000,0
1531222903688,1531222903684,1099379,0.00099000,1.01100000,0
1531222903770,1531222903766,1099380,0.00099000,1.01100000,0
1531222903817,1531222903814,1099381,0.00099000,92.66600000,0
1531222905179,1531222905176,1099382,0.00098900,4.90200000,1
1531222905351,1531222905346,1099383,0.00099000,7.48600000,0
1531222905677,1531222905673,1099384,0.00099000,18.18600000,0
1531222905976,1531222905969,1099385,0.00099000,7.50100000,0
1531222906949,1531222906946,1099386,0.00099000,9.13200000,0
1531222916823,1531222916819,1099387,0.00099400,6.26700000,0
1531222922255,1531222922241,1099388,0.00099500,1.00600000,0
1531222923201,1531222923198,1099389,0.00099300,1.34100000,1
1531222952971,1531222952965,1099390,0.00099400,2.00000000,1
1531222952971,1531222952965,1099391,0.00099300,0.67400000,1
1531222952971,1531222952965,1099392,0.00099100,6.36000000,1
1531222952971,1531222952965,1099393,0.00099000,4.12400000,1
1531222952971,1531222952965,1099394,0.00098900,1.46000000,1
1531222952971,1531222952965,1099395,0.00098800,7.24500000,1
1531222959682,1531222959679,1099396,0.00098800,5.50200000,1
1531222959738,1531222959735,1099397,0.00098800,2.63700000,0
1531222959744,1531222959741,1099398,0.00098800,2.63700000,0
1531222960526,1531222960522,1099399,0.00098800,25.19900000,0
1531222960845,1531222960841,1099400,0.00098800,13.43500000,0
1531222962603,1531222962600,1099401,0.00098900,2.61200000,1
1531222967315,1531222967310,1099402,0.00099300,1.29800000,0
1531222967348,1531222967344,1099403,0.00099300,2.63700000,1
1531222967682,1531222967677,1099404,0.00099300,2.62700000,1
1531222969751,1531222969746,1099405,0.00099400,1.36600000,0
1531222972592,1531222972587,1099406,0.00099300,1.40400000,1
1531222977140,1531222977136,1099407,0.00099400,3.31700000,0
1531222981835,1531222981831,1099408,0.00098800,1.36800000,1
1531222981835,1531222981831,1099409,0.00098600,232.38300000,1
1531222981858,1531222981855,1099410,0.00098600,13.37000000,0
1531222985315,1531222985312,1099411,0.00098600,1.70400000,1
1531222988083,1531222988079,1099412,0.00099000,19.03000000,1
1531222988333,1531222988332,1099413,0.00099000,1.31200000,1
1531222990349,1531222990346,1099414,0.00099000,1.70400000,1
1531222995841,1531222995838,1099415,0.00099000,2.10000000,0
1531222996072,1531222996067,1099416,0.00099200,2.10000000,0
1531223029313,1531223029309,1099417,0.00099000,3.75400000,0
1531223035717,1531223035714,1099418,0.00098700,2.43100000,1
1531223035717,1531223035714,1099419,0.00098500,16.26100000,1
1531223044034,1531223044031,1099420,0.00099100,2.03100000,0
1531223051650,1531223051646,1099421,0.00099000,14.00100000,0
1531223051838,1531223051833,1099422,0.00099000,56.00700000,0
1531223073214,1531223073210,1099423,0.00098600,91.34100000,1
1531223073259,1531223073256,1099424,0.00098600,4.17200000,0
1531223073624,1531223073620,1099425,0.00098500,1.11800000,1
1531223073694,1531223073690,1099426,0.00098500,21.54600000,1
1531223073772,1531223073768,1099427,0.00098600,104.36000000,0
1531223073852,1531223073849,1099428,0.00098600,90.22300000,0
1531223080925,1531223080920,1099429,0.00098600,5.04800000,1
1531223080925,1531223080920,1099430,0.00098500,6.28700000,1
1531223080925,1531223080920,1099431,0.00098400,3.04900000,1
1531223081618,1531223081615,1099432,0.00098400,164.96800000,0
1531223081636,1531223081631,1099433,0.00098300,5.04800000,1
1531223082457,1531223082452,1099434,0.00098300,7.35300000,1
1531223084750,1531223084746,1099435,0.00098400,22.04600000,0
1531223088761,1531223088757,1099436,0.00098700,4.03000000,0
1531223090785,1531223090782,1099437,0.00098500,2.27600000,1
1531223091599,1531223091596,1099438,0.00098500,19.23800000,1
1531223194247,1531223194243,1099439,0.00098500,8.48600000,1
1531223194247,1531223194243,1099440,0.00098300,71.51400000,1
1531223194512,1531223194507,1099441,0.00098300,15.67400000,1
1531223194512,1531223194507,1099442,0.00098200,38.55700000,1
1531223194512,1531223194507,1099443,0.00098100,127.29600000,1
1531223214162,1531223214159,1099444,0.00098200,10.00000000,1
1531223214162,1531223214159,1099445,0.00098100,181.14100000,1
1531223246831,1531223246827,1099446,0.00098100,1.03000000,1
1531223246971,1531223246968,1099447,0.00098100,19.57900000,1
1531223271693,1531223271689,1099448,0.00098100,9.02800000,1
1531223272732,1531223272728,1099449,0.00098100,8.95000000,1
1531223273401,1531223273399,1099450,0.00098100,9.24400000,1
1531223278910,1531223278907,1099451,0.00098100,39.74800000,1
1531223281586,1531223281583,1099452,0.00098300,10.00000000,0
1531223298874,1531223298870,1099453,0.00098300,83.10400000,0
1531223302268,1531223302263,1099454,0.00098600,29.09000000,0
1531223302953,1531223302950,1099455,0.00098600,20.53200000,1
1531223307474,1531223307471,1099456,0.00098200,9.85300000,1
1531223308716,1531223308713,1099457,0.00098200,10.14700000,1
1531223341187,1531223341182,1099458,0.00098700,23.38000000,0
1531223341187,1531223341182,1099459,0.00099000,14.34300000,0
1531223441441,1531223441438,1099460,0.00099000,6.52200000,0
1531223441441,1531223441438,1099461,0.00099100,3.57900000,0
1531223446879,1531223446876,1099462,0.00099000,1.10000000,0
1531223477977,1531223477975,1099463,0.00099100,9.97700000,0
1531223483921,1531223483917,1099464,0.00098800,3.38900000,1
1531223483921,1531223483917,1099465,0.00098400,90.13200000,1
1531223483921,1531223483917,1099466,0.00098300,44.58700000,1
1531223483921,1531223483917,1099467,0.00098200,5.83900000,1
1531223587789,1531223587787,1099468,0.00098400,3.31700000,0
1531223648345,1531223648341,1099469,0.00099000,1.01700000,0
1531223651341,1531223651337,1099470,0.00099000,1.01700000,0
1531223654340,1531223654336,1099471,0.00099000,1.01700000,0
1531223838205,1531223838202,1099472,0.00098700,40.76500000,0
1531223851919,1531223851917,1099473,0.00098700,46.31600000,0
1531223970620,1531223970616,1099474,0.00098800,10.00000000,1
1531223970847,1531223970844,1099475,0.00098800,2.00000000,0
1531224010758,1531224010755,1099476,0.00098800,0.30200000,0
1531224014205,1531224014203,1099477,0.00098800,1.04700000,0
1531224017212,1531224017209,1099478,0.00098800,0.00300000,0
1531224056988,1531224056987,1099479,0.00098800,43.78700000,0
1531224100063,1531224100059,1099480,0.00098900,4.04900000,0
1531224110346,1531224110342,1099481,0.00099000,11.13300000,0
1531224173952,1531224173950,1099482,0.00099000,5.71800000,1
1531224175957,1531224175953,1099483,0.00098800,39.14200000,1
1531224175979,1531224175976,1099484,0.00098700,28.48600000,1
1531224175999,1531224175998,1099485,0.00098700,11.21800000,1
1531224178471,1531224178473,1099486,0.00099000,1.13300000,0
1531224181493,1531224181490,1099487,0.00099000,0.00300000,0
1531224185093,1531224185089,1099488,0.00098800,2.27700000,1
1531224389878,1531224389875,1099489,0.00098800,20.00000000,1
1531224414083,1531224414080,1099490,0.00098500,3.65800000,1
1531224437783,1531224437780,1099491,0.00098500,16.00000000,1
1531224453752,1531224453748,1099492,0.00098500,44.00000000,1
1531224468264,1531224468261,1099493,0.00098600,0.31800000,0
1531224549942,1531224549937,1099494,0.00098500,0.62700000,1
1531224549942,1531224549937,1099495,0.00098400,52.09100000,1
1531224549942,1531224549937,1099496,0.00098300,20.00000000,1
1531224549942,1531224549937,1099497,0.00098200,24.16100000,1
1531224549942,1531224549937,1099498,0.00098100,20.00000000,1
1531224549961,1531224549957,1099499,0.00098100,2.71200000,0
1531224569771,1531224569767,1099500,0.00098100,5.09100000,1
1531224569771,1531224569767,1099501,0.00098000,59.74800000,1
1531224569771,1531224569767,1099502,0.00097900,1.02200000,1
1531224569782,1531224569779,1099503,0.00097900,13.59700000,0
1531224569782,1531224569779,1099504,0.00098000,24.21000000,0
1531224569787,1531224569782,1099505,0.00098000,10.95100000,0
1531224569811,1531224569808,1099506,0.00098600,24.21000000,0
1531224584016,1531224584010,1099507,0.00098400,5.09100000,0
1531224586019,1531224586017,1099508,0.00098600,2.83400000,0
1531224652646,1531224652643,1099509,0.00098100,1.02100000,1
1531224652646,1531224652643,1099510,0.00097900,45.02400000,1
1531224662155,1531224662149,1099511,0.00097900,47.35900000,1
1531224662155,1531224662149,1099512,0.00097800,7.82600000,1
1531224662155,1531224662149,1099513,0.00097700,42.33800000,1
1531224662155,1531224662149,1099514,0.00097600,46.75100000,1
1531224662155,1531224662149,1099515,0.00097500,310.50200000,1
1531224665249,1531224665246,1099516,0.00098000,61.53700000,0
1531224665262,1531224665262,1099517,0.00098000,0.00100000,0
1531224667234,1531224667233,1099518,0.00098000,27.03800000,0
1531224668057,1531224668054,1099519,0.00097900,3.00000000,1
1531224679363,1531224679360,1099520,0.00097600,1.53200000,1
1531224690597,1531224690594,1099521,0.00097700,4.98100000,1
1531224690648,1531224690643,1099522,0.00097700,4.97200000,1
1531224695898,1531224695893,1099523,0.00098000,2.00000000,1
1531224707093,1531224707090,1099524,0.00097800,1.95000000,0
1531224707109,1531224707112,1099525,0.00097800,1.76200000,0
1531224708004,1531224708000,1099526,0.00097800,6.60900000,0
1531224734009,1531224734005,1099527,0.00097900,6.08200000,0
1531224855478,1531224855474,1099528,0.00097600,10.00000000,1
1531224855478,1531224855474,1099529,0.00097500,3.88800000,1
1531224946544,1531224946542,1099530,0.00098000,1.14200000,0
1531224947030,1531224947027,1099531,0.00098000,0.89800000,1
1531224953323,1531224953323,1099532,0.00098200,8.17900000,0
1531224953384,1531224953381,1099533,0.00098500,92.38300000,0
1531224953436,1531224953432,1099534,0.00098600,135.93500000,0
1531224953446,1531224953442,1099535,0.00098600,35.37300000,0
1531224954938,1531224954936,1099536,0.00098500,9.00000000,1
1531224964629,1531224964625,1099537,0.00097800,2.19800000,1
1531224965657,1531224965653,1099538,0.00098500,2.19800000,0
1531224974070,1531224974067,1099539,0.00098500,16.79900000,0
1531224974080,1531224974079,1099540,0.00098500,0.05200000,0
1531224976737,1531224976734,1099541,0.00098000,5.60700000,1
1531224976737,1531224976734,1099542,0.00097900,4.37000000,1
1531224977629,1531224977627,1099543,0.00098500,2.80400000,0
1531224978051,1531224978048,1099544,0.00098500,2.80300000,0
1531224980053,1531224980050,1099545,0.00098600,3.00000000,0
1531224985012,1531224985012,1099546,0.00098600,1.03600000,0
1531225003244,1531225003239,1099547,0.00098400,92.86900000,1
1531225003244,1531225003239,1099548,0.00098300,59.00500000,1
1531225003244,1531225003239,1099549,0.00098200,3.13100000,1
1531225003244,1531225003239,1099550,0.00097900,147.99500000,1
1531225004935,1531225004931,1099551,0.00098300,3.13000000,1
1531225014053,1531225014049,1099552,0.00098300,3.13000000,0
1531225015093,1531225015088,1099553,0.00098300,59.00500000,0
1531225017603,1531225017600,1099554,0.00098400,3.13100000,0
1531225024257,1531225024255,1099555,0.00098200,1.82100000,1
1531225024257,1531225024255,1099556,0.00098100,1.82100000,1
1531225024257,1531225024255,1099557,0.00098000,11.85000000,1
1531225040378,1531225040374,1099558,0.00098700,1.50900000,0
1531225040783,1531225040779,1099559,0.00098700,2.13300000,0
1531225040940,1531225040936,1099560,0.00098700,4.26600000,1
1531225046999,1531225046997,1099561,0.00098800,1.87300000,0
1531225046999,1531225046997,1099562,0.00099100,92.86900000,0
1531225058632,1531225058633,1099563,0.00099000,3.32800000,0
1531225058655,1531225058659,1099564,0.00099200,70.42200000,0
1531225137518,1531225137515,1099565,0.00099200,1.89100000,0
1531225137518,1531225137515,1099566,0.00099400,25.89400000,0
1531225137518,1531225137515,1099567,0.00099500,23.21800000,0
1531225275073,1531225275071,1099568,0.00099300,2.32100000,0
1531225287074,1531225287071,1099569,0.00099100,1.11200000,1
1531225318586,1531225318583,1099570,0.00099300,13.78200000,0
1531225337724,1531225337728,1099571,0.00099300,3.65600000,0
1531225340745,1531225340742,1099572,0.00099300,0.00900000,0
1531225340882,1531225340878,1099573,0.00098800,1.36800000,1
1531225340943,1531225340944,1099574,0.00098800,18.61300000,0
1531225341075,1531225341072,1099575,0.00098800,0.01900000,0
1531225343983,1531225343979,1099576,0.00099300,0.00100000,0
1531225344195,1531225344192,1099577,0.00098700,15.16700000,1
1531225344522,1531225344518,1099578,0.00098600,0.00100000,1
1531225354760,1531225354759,1099579,0.00098600,35.53400000,1
1531225405073,1531225405071,1099580,0.00099100,0.53400000,0
1531225408102,1531225408099,1099581,0.00099100,0.00200000,0
1531225574000,1531225573995,1099582,0.00099000,6.26200000,1
1531225604602,1531225604597,1099583,0.00099100,10.74100000,0
1531225604911,1531225604907,1099584,0.00099000,4.00000000,0
1531225606996,1531225606993,1099585,0.00099000,4.00000000,1
1531225607073,1531225607070,1099586,0.00099100,22.84100000,0
1531225607073,1531225607070,1099587,0.00099200,2.39100000,0
1531225622315,1531225622311,1099588,0.00099200,10.33300000,0
1531225643152,1531225643148,1099589,0.00099200,2.44300000,0
1531225643152,1531225643148,1099590,0.00099300,1.41700000,0
1531225643152,1531225643148,1099591,0.00099400,10.32300000,0
1531225646573,1531225646570,1099592,0.00099400,3.52200000,0
1531225689018,1531225689015,1099593,0.00099400,0.08800000,0
1531225827494,1531225827491,1099594,0.00099400,24.77500000,0
1531225827519,1531225827515,1099595,0.00099400,6.42700000,1
1531225828202,1531225828199,1099596,0.00099400,82.11500000,1
1531225849187,1531225849184,1099597,0.00098700,3.71500000,1
1531225924148,1531225924145,1099598,0.00099400,18.97800000,0
1531226017018,1531226017014,1099599,0.00099400,2.64700000,0
1531226020030,1531226020025,1099600,0.00099400,0.00700000,0
1531226070435,1531226070437,1099601,0.00099000,323.00200000,0
1531226148338,1531226148339,1099602,0.00098800,15.18200000,1
1531226151569,1531226151565,1099603,0.00098700,21.81100000,1
1531226181116,1531226181112,1099604,0.00099000,10.34100000,1
1531226188985,1531226188981,1099605,0.00098700,5.00000000,1
1531226224177,1531226224178,1099606,0.00099100,172.77600000,0
1531226334374,1531226334370,1099607,0.00099000,28.75600000,0
1531226365390,1531226365385,1099608,0.00099000,6.57600000,0
1531226368407,1531226368409,1099609,0.00099000,0.01600000,0
1531226384593,1531226384590,1099610,0.00099000,0.49000000,0
1531226387602,1531226387601,1099611,0.00099000,0.00200000,0
1531226428242,1531226428239,1099612,0.00098700,9.65500000,1
1531226428242,1531226428239,1099613,0.00098500,24.67400000,1
1531226428242,1531226428239,1099614,0.00098400,1.91500000,1
1531226502412,1531226502409,1099615,0.00099000,0.25900000,0
1531226521445,1531226521442,1099616,0.00099000,5.23700000,0
1531226594812,1531226594809,1099617,0.00099000,20.00000000,0
1531226619597,1531226619593,1099618,0.00098600,10.57900000,1
1531226620640,1531226620638,1099619,0.00099000,16.38200000,0
1531226758099,1531226758094,1099620,0.00099300,0.49400000,0
1531226761099,1531226761095,1099621,0.00099300,0.00200000,0
1531226821368,1531226821364,1099622,0.00099100,0.25400000,0
1531226860048,1531226860044,1099623,0.00098600,3.94400000,1
1531226860079,1531226860075,1099624,0.00098600,4.05600000,0
1531226860929,1531226860925,1099625,0.00098500,2.00000000,1
1531226864151,1531226864150,1099626,0.00098500,4.00000000,1
1531226865106,1531226865104,1099627,0.00098500,8.00000000,1
1531226884086,1531226884082,1099628,0.00099000,13.99500000,0
1531226981231,1531226981227,1099629,0.00099000,26.62200000,0
1531226986119,1531226986119,1099630,0.00099000,0.36300000,0
1531226989159,1531226989155,1099631,0.00099000,0.00100000,0
1531227010413,1531227010409,1099632,0.00099000,30.83000000,0
1531227011228,1531227011222,1099633,0.00099000,8.16800000,1
1531227136535,1531227136531,1099634,0.00099200,22.63700000,0
1531227138813,1531227138810,1099635,0.00099200,7.48500000,0
1531227144075,1531227144070,1099636,0.00099200,69.34900000,0
1531227278711,1531227278706,1099637,0.00099400,100.34400000,0
1531227281727,1531227281722,1099638,0.00099400,0.25100000,0
1531227284741,1531227284735,1099639,0.00099400,0.00100000,0
1531227461271,1531227461266,1099640,0.00099500,90.80200000,0
1531227463260,1531227463253,1099641,0.00099800,34.21400000,0
1531227477858,1531227477853,1099642,0.00099000,0.02600000,1
1531227491527,1531227491523,1099643,0.00099000,3.99600000,1
1531227550838,1531227550835,1099644,0.00099300,12.45500000,1
1531227569291,1531227569289,1099645,0.00099300,1.79600000,0
1531227621573,1531227621570,1099646,0.00099900,0.10900000,0
1531227624595,1531227624591,1099647,0.00099900,0.00100000,0
1531227705439,1531227705435,1099648,0.00099400,0.13500000,1
1531227728253,1531227728250,1099649,0.00099800,10.32100000,0
1531227770572,1531227770567,1099650,0.00099800,60.79600000,1
1531227770574,1531227770570,1099651,0.00099800,60.79700000,1
1531227770576,1531227770575,1099652,0.00099800,60.79600000,1
1531227771321,1531227771315,1099653,0.00099900,12.34500000,0
1531227771409,1531227771404,1099654,0.00099800,43.57500000,1
1531227772308,1531227772304,1099655,0.00100000,5.01800000,0
1531227777307,1531227777302,1099656,0.00099900,1.01600000,0
1531227788133,1531227788129,1099657,0.00099900,1.99800000,1
1531227790895,1531227790891,1099658,0.00100100,45.20400000,0
1531227793318,1531227793314,1099659,0.00100100,45.02400000,0
1531227801431,1531227801427,1099660,0.00100100,142.06500000,0
1531227801475,1531227801471,1099661,0.00100200,5.34000000,1
1531227802809,1531227802804,1099662,0.00100200,29.58500000,1
1531227844342,1531227844338,1099663,0.00100200,0.41500000,0
1531227844342,1531227844338,1099664,0.00100300,10.02500000,0
1531227845345,1531227845342,1099665,0.00100400,23.64800000,0
1531227854199,1531227854194,1099666,0.00100100,14.98500000,1
1531227854199,1531227854194,1099667,0.00099900,200.19900000,1
1531227854346,1531227854342,1099668,0.00099900,111.56600000,0
1531227856788,1531227856784,1099669,0.00099800,20.00000000,1
1531227875189,1531227875184,1099670,0.00100600,2.00600000,0
1531228054374,1531228054370,1099671,0.00100000,0.18900000,1
1531228078849,1531228078844,1099672,0.00100000,38.95900000,1
1531228192083,1531228192078,1099673,0.00100000,7.82700000,1
1531228221916,1531228221912,1099674,0.00100000,19.98000000,1
1531228313291,1531228313290,1099675,0.00100000,28.75500000,1
1531228313300,1531228313297,1099676,0.00100000,10.58500000,1
1531228315396,1531228315388,1099677,0.00100000,18.17000000,0
1531228316394,1531228316390,1099678,0.00100000,12.97900000,0
1531228316469,1531228316464,1099679,0.00099900,2.03100000,1
1531228579175,1531228579172,1099680,0.00100000,5.63900000,1
1531228618542,1531228618537,1099681,0.00100000,3.11100000,1
1531228684417,1531228684411,1099682,0.00100200,8.35800000,0
1531228706510,1531228706505,1099683,0.00100100,6.23000000,1
1531228709403,1531228709398,1099684,0.00100500,41.06300000,0
1531228709432,1531228709428,1099685,0.00100600,2.27700000,0
1531228816905,1531228816902,1099686,0.00100200,1.53200000,1
1531228841079,1531228841076,1099687,0.00100100,0.16100000,1
1531228908650,1531228908645,1099688,0.00100200,8.98200000,1
1531228908650,1531228908645,1099689,0.00100100,11.01800000,1
1531228989951,1531228989946,1099690,0.00100100,4.98800000,1
1531228991895,1531228991891,1099691,0.00100100,1.53200000,1
1531229064564,1531229064558,1099692,0.00100100,0.28500000,1
1531229064783,1531229064776,1099693,0.00100100,99.91800000,1
1531229064783,1531229064776,1099694,0.00100000,16.85400000,1
1531229064783,1531229064776,1099695,0.00099900,118.46800000,1
1531229244438,1531229244432,1099696,0.00100400,0.03900000,0
1531229312759,1531229312756,1099697,0.00099900,0.23500000,1
1531229359628,1531229359624,1099698,0.00100400,20.00000000,0
1531229360830,1531229360826,1099699,0.00099900,2.63000000,1
1531229364615,1531229364608,1099700,0.00099600,5.82000000,1
1531229364615,1531229364608,1099701,0.00099500,3.81500000,1
1531229364615,1531229364608,1099702,0.00099400,11.45400000,1
1531229364615,1531229364608,1099703,0.00099100,5.36800000,1
1531229366641,1531229366636,1099704,0.00099500,2.06400000,0
1531229367489,1531229367484,1099705,0.00099500,0.00100000,0
1531229397708,1531229397703,1099706,0.00099900,44.17500000,0
1531229473516,1531229473511,1099707,0.00099500,1.10700000,1
1531229491150,1531229491146,1099708,0.00099900,1.01100000,0
1531229522691,1531229522687,1099709,0.00099300,54.89300000,1
1531229648579,1531229648576,1099710,0.00099200,0.76500000,1
1531229682584,1531229682580,1099711,0.00099200,126.76200000,1
1531229682780,1531229682775,1099712,0.00099400,34.00000000,0
1531229682953,1531229682948,1099713,0.00099400,13.10700000,0
1531229699582,1531229699578,1099714,0.00099000,5.04900000,1
1531229700025,1531229700021,1099715,0.00099300,9.36600000,0
1531229700258,1531229700253,1099716,0.00099000,3.81100000,0
1531229704201,1531229704196,1099717,0.00099200,26.14900000,0
1531229705575,1531229705571,1099718,0.00099000,3.83600000,1
1531229712516,1531229712512,1099719,0.00099200,15.00000000,0
1531229715190,1531229715185,1099720,0.00099200,3.00000000,0
1531229722434,1531229722429,1099721,0.00099200,2.00000000,0
1531229731925,1531229731921,1099722,0.00098800,20.42000000,1
1531229732249,1531229732245,1099723,0.00099100,3.13800000,0
1531229732251,1531229732246,1099724,0.00099100,13.18600000,0
1531229733519,1531229733516,1099725,0.00099200,24.60600000,0
1531229733562,1531229733557,1099726,0.00099200,24.66800000,0
1531229733574,1531229733568,1099727,0.00099200,24.66800000,0
1531229765104,1531229765101,1099728,0.00099200,12.14000000,0
1531229774992,1531229774988,1099729,0.00099200,12.15900000,0
1531229781868,1531229781862,1099730,0.00099200,8.18300000,0
1531229781946,1531229781942,1099731,0.00099200,8.20100000,0
1531229808680,1531229808674,1099732,0.00099300,0.07000000,0
1531229862073,1531229862068,1099733,0.00099300,10.07000000,0
1531229919923,1531229919919,1099734,0.00099300,9.21500000,0
1531230036211,1531230036206,1099735,0.00099400,0.33500000,0
1531230040235,1531230040226,1099736,0.00099400,0.00100000,0
1531230119568,1531230119561,1099737,0.00099000,75.28200000,1
1531230120500,1531230120495,1099738,0.00099000,18.85900000,1
1531230121524,1531230121519,1099739,0.00099600,4.09600000,0
1531230121524,1531230121519,1099740,0.00099800,3.06300000,0
1531230121524,1531230121519,1099741,0.00099900,2.02000000,0
1531230121524,1531230121519,1099742,0.00100000,3.81800000,0
1531230121524,1531230121519,1099743,0.00100100,4.32900000,0
1531230141054,1531230141048,1099744,0.00100100,3.30700000,0
1531230141054,1531230141048,1099745,0.00100200,4.92200000,0
1531230141054,1531230141048,1099746,0.00100500,1.76100000,0
1531230144499,1531230144496,1099747,0.00099500,1.04800000,1
1531230144558,1531230144553,1099748,0.00099500,3.81500000,1
1531230191999,1531230191994,1099749,0.00100100,85.05100000,0
1531230192011,1531230192006,1099750,0.00100100,9.13100000,1
1531230192047,1531230192043,1099751,0.00100100,1.27200000,1
1531230192056,1531230192052,1099752,0.00100100,1.90800000,1
1531230192463,1531230192459,1099753,0.00100100,2.32300000,1
1531230192622,1531230192617,1099754,0.00100100,50.31500000,1
1531230217162,1531230217158,1099755,0.00100200,0.09000000,0
1531230244173,1531230244170,1099756,0.00099600,0.04700000,1
1531230280587,1531230280583,1099757,0.00099900,6.99600000,0
1531230296887,1531230296882,1099758,0.00099900,17.15000000,0
1531230445273,1531230445269,1099759,0.00099900,0.00300000,0
1531230522652,1531230522646,1099760,0.00100000,4.77200000,0
1531230524189,1531230524184,1099761,0.00099900,3.16900000,1
1531230524189,1531230524184,1099762,0.00099600,18.57800000,1
1531230524189,1531230524184,1099763,0.00099300,43.94600000,1
1531230524220,1531230524215,1099764,0.00099300,16.47600000,1
1531230524220,1531230524215,1099765,0.00099200,2.10200000,1
1531230524222,1531230524217,1099766,0.00099200,3.16900000,1
1531230524223,1531230524218,1099767,0.00099200,3.16900000,1
1531230538666,1531230538662,1099768,0.00099900,54.16900000,0
1531230538699,1531230538693,1099769,0.00099900,41.68900000,0
1531230641654,1531230641649,1099770,0.00099900,17.82900000,0
1531230642319,1531230642314,1099771,0.00099600,7.92500000,1
1531230642652,1531230642646,1099772,0.00099600,7.13500000,1
1531230643651,1531230643647,1099773,0.00099600,7.15300000,0
1531230686428,1531230686424,1099774,0.00099500,5.97500000,1
1531230766744,1531230766739,1099775,0.00099800,21.94500000,0
1531230766744,1531230766739,1099776,0.00099900,203.05500000,0
1531230842373,1531230842369,1099777,0.00100000,125.27600000,0
1531230858682,1531230858679,1099778,0.00100000,99.48400000,0
1531230993513,1531230993509,1099779,0.00100000,400.00000000,0
1531231053665,1531231053660,1099780,0.00100200,132.26300000,0
1531231053683,1531231053679,1099781,0.00100200,16.02100000,1
1531231087196,1531231087192,1099782,0.00100300,1.00600000,0
1531231092976,1531231092971,1099783,0.00100000,2.04400000,1
1531231145760,1531231145755,1099784,0.00100200,0.01000000,0
1531231175354,1531231175350,1099785,0.00100100,21.81800000,0
1531231191684,1531231191678,1099786,0.00100100,0.63600000,0
1531231191684,1531231191678,1099787,0.00100200,1.00800000,0
1531231194404,1531231194399,1099788,0.00100200,0.00400000,0
1531231216464,1531231216460,1099789,0.00100000,5.65600000,1
1531231256236,1531231256231,1099790,0.00100000,0.25600000,0
1531231259237,1531231259232,1099791,0.00100000,0.00100000,0
1531231286467,1531231286462,1099792,0.00099600,99.30000000,1
1531231445584,1531231445578,1099793,0.00100000,0.20400000,0
1531231448585,1531231448581,1099794,0.00100000,0.00100000,0
1531231504614,1531231504610,1099795,0.00100000,1.00000000,0
1531231609295,1531231609291,1099796,0.00100000,57.12700000,0
1531231703066,1531231703060,1099797,0.00100000,0.22000000,0
1531231706098,1531231706095,1099798,0.00100000,0.00100000,0
1531231721756,1531231721752,1099799,0.00100000,77.81300000,0
1531231722728,1531231722722,1099800,0.00100000,73.21100000,1
1531231781734,1531231781730,1099801,0.00099900,1.00000000,0
1531231816726,1531231816722,1099802,0.00100200,1.20100000,0
1531231955082,1531231955077,1099803,0.00099600,1.36200000,1
1531231955738,1531231955730,1099804,0.00099600,18.63800000,0
1531232135403,1531232135398,1099805,0.00099800,21.64500000,0
1531232135403,1531232135398,1099806,0.00099900,94.04800000,0
1531232135403,1531232135398,1099807,0.00100000,84.30700000,0
1531232151869,1531232151864,1099808,0.00100000,2.40100000,0
